2028 3438
442 224 694 257 anemonas
725 223 1099 257 BAMBERGRNSES.
1147 223 1205 257 29.
1223 223 1270 257 30
1553 212 1642 256 525

17 336 25 359 ῑ
66 324 400 389 irminwini,
423 332 624 377 adhibitis
661 331 870 387 religiosis
909 331 1121 389 personis,
1161 330 1289 374 talem
1330 331 1641 388 provideamus,

70 409 142 468 qui
172 399 322 455 eclesie
361 412 404 455 et
432 410 598 468 inperio
638 410 848 468 expediat.
897 406 1012 453 Talis
1044 409 1155 453 enim
1191 421 1362 452 necesse
1395 412 1459 452 est
1488 413 1537 453 ut
1567 409 1641 453 eli-

68 488 310 545 gutur-,qui
339 488 384 532 in
417 488 672 552 exequendis
704 488 783 544 his,
817 501 897 545 que
918 487 1006 532 Dei·
1028 490 1070 532 et
1100 487 1256 533 cesaris
1291 490 1402 543 sunt,
1435 487 1546 530 vires
1568 487 1643 530 ha-

0 582 10 630 {-
65 566 170 622 ὕοιὺ
191 559 243 611 “et
270 565 504 611 scientiam.

174 642 246 688 vt
275 646 418 688 autem
449 643 634 701 simplici
666 641 809 687 oculo¹
849 655 927 686 nos
966 643 1043 687 hec
1074 656 1154 699 que
1186 642 1370 686 diximus
1404 642 1643 686 desiderare

69 716 317 780 cognoscas,
354 721 542 778 legatum
573 725 692 765 tuum
725 721 982 765 cardinalem
1014 721 1067 764 ad
1098 734 1174 764 nos
1214 720 1392 776 dirigas,
1434 734 1515 776 quo
1547 734 1643 778 pre-

0 791 1 794 *
68 794 196 846 sente
219 802 264 844 et
291 799 536 844 consulente
567 798 716 843 eclesie
747 799 933 843 desolate
964 802 1246 843 succurratur.

0 859 5 871 ”
176 876 309 923 Scire
339 881 481 922 autem
516 880 559 922 te
588 877 704 921 volo:
746 877 864 934 quia,
903 877 1045 921 natale
1075 874 1272 921 Domini²
1305 875 1427 934 Spire
1458 875 1644 920 celebra-

69 956 170 1013 turi,
196 952 737 1014 convocatis'principibus,
769 955 821 999 de
841 955 1032 999 Romana
1053 955 1325 1012 expedicione
1350 954 1642 998 tractabimus.

0 1043 2 1089 ξ
69 1033 140 1078 Ad
170 1043 303 1092 *quam
342 1034 515 1078 curiam·
542 1031 729 1089 legatum
769 1037 811 1077 et
847 1033 1012 1077 litteras
1052 1036 1147 1076 tuas
1187 1033 1300 1076 mitti
1339 1032 1642 1088 desideramus,

69 1106 148 1171 per
163 1124 282 1169 -quas
319 1110 658 1171 archiepiscopos
697 1115 741 1156 et
778 1111 951 1156 abbates
992 1111 1286 1168 qualicumque
1318 1110 1644 1155 comminatione

70 1189 125 1234 ad
154 1193 282 1235 tuum-
307 1193 350 1235 et
379 1193 572 1235 nostrum
604 1190 828 1234 servicium
861 1190 1227 1234 commonefacias

74 1332 157 1380 30.
191 1335 314 1393 Erpa
345 1336 528 1379 decanus
558 1336 914 1379 Halberstatensis
947 1335 1188 1378 Innocentio
1209 1334 1257 1377 Il
1279 1349 1422 1391 papae
1453 1334 1504 1376 de
1537 1331 1643 1377 Ger-

190 1413 325 1457 kardo
357 1413 481 1457 electo
503 1415 700 1471 episcopo
720 1414 942 1470 eiqm‘ficat.
989 1413 1144 1470 Roqat,
1178 1420 1225 1455 ut
1244 1413 1424 1455 discidio
1451 1411 1645 1454 eeclesiae

189 1490 544 1535 Halheratatemie
564 1492 697 1547 finem
729 1493 989 1535 constituat’.

190 1575 440 1625 Venerando
482 1585 626 1625 sancte
667 1580 856 1625 Romane
900 1580 1050 1625 eclesie
1091 1578 1281 1637 pontifici
1324 1579 1478 1622 domno
1519 1578 1645 1622 Inno-

71 1655 224 1703 centio>
240 1657 357 1716 Erpo
387 1659 569 1703 decanus
602 1659 971 1703 Halberstadensis
1008 1658 1159 1702 eclesie
1190 1671 1284 1702 cum
1317 1657 1468 1701 ceteris
1500 1656 1643 1700 domni

72 1734 280 1781 Gerhardi
318 1736 568 1782 electoribus
599 1741 687 1781 tam
719 1737 914 1782 devotam
949 1750 1075 1793 quam
1113 1736 1299 1780 debitam
1331 1749 1424 1779 cum
1467 1735 1644 1779 servicio

73 1817 116 1859 et
144 1814 334 1859 oratione
365 1815 660 1859 obedientiam.

191 1890 312 1945 Quod
348 1894 619 1951 paternitatis
660 1897 799 1938 vestre
837 1893 1203 1937 mansuetudinem
1243 1891 1533 1947 angustiarum
1571 1905 1647 1934 no-

70 1974 256 2016 strarum
286 1971 549 2015 inconmodis
581 1972 742 2015 tociens
773 1985 1013 2027 gravamus,
1047 1970 1159 2027 quod
1178 1973 1318 2013 vestre
1347 1969 1646 2013 dominationis

73 2062 196 2094 aures
233 2049 508 2106 querimoniis
539 2050 696 2093 nostris
727 2050 888 2094 tociens
926 2050 1165 2107 pulsamus,
1204 2048 1320 2092 Deus
1352 2048 1451 2103 scit,
1490 2051 1646 2104 quanto

71 2127 212 2172 cordis
241 2140 406 2172 merore
437 2127 565 2171 simul
597 2141 645 2171 ac
670 2128 830 2185 pudore
861 2127 1115 2171 tabescimus
1137 2130 1191 2182 et,
1223 2126 1541 2182 ingravescente
1574 2126 1646 2169 do-

71 2204 175 2249 loris
205 2205 413 2263 pondere,
454 2206 540 2250 iam
573 2220 680 2263 pene
712 2205 942 2249 deficimus.
998 2205 1104 2248 Cum
1135 2218 1234 2248 vero
1267 2204 1408 2248 divine
1444 2204 1646 2248 bonitatis

72 2283 407 2339 magnitudinem
440 2272 540 2340 erga
570 2298 715 2328 omnes
755 2283 933 2327 afflictos
964 2283 1150 2339 itemque
1181 2286 1320 2326 vestre
1360 2282 1531 2339 pietatis
1570 2295 1646 2339 pa-

72 2364 239 2406 ternum
271 2375 439 2419 semper
460 2376 561 2418 erga
590 2376 667 2406 nos
690 2361 883 2406 affectum
916 2374 1157 2419 pensamus,
1189 2360 1352 2415 ingenti
1373 2373 1449 2417 spe
1472 2373 1646 2417 recupe-

73 2439 204 2484 rande
243 2439 391 2484 salutis
432 2440 629 2496 animati,
671 2454 837 2484 omnem
877 2439 1202 2483 sollicitudinem
1242 2442 1432 2482 nostram
1471 2438 1516 2481 in
1556 2438 1646 2482 eius

72 2517 255 2573 gratiam
285 2521 327 2562 et
346 2518 391 2561 in
410 2521 550 2562 vestre
581 2518 851 2576 paternitatis
873 2517 1092 2561 consilium
1117 2517 1337 2559 iactamus.
1447 2515 1531 2560 Sed
1559 2516 1646 2560 iam

74 2608 207 2639 novas
237 2599 281 2640 et
308 2596 550 2653 inopinatas
581 2597 774 2641 miserias
805 2600 973 2639 nostras
1004 2594 1252 2651 exposituri,
1288 2594 1423 2637 tocius
1453 2595 1646 2638 veritatis

76 2676 291 2718 auctorem
326 2673 464 2718 Deum
501 2677 652 2719 testem
691 2674 937 2719 invocamus
975 2673 1019 2716 in
1059 2672 1244 2716 animam
1283 2675 1493 2716 nostram:
1534 2673 1646 2729 quia,

169 2825 197 2847 ι.
227 2816 394 2856 Dum-ipsi
420 2826 459 2847 ω
480 2816 669 2848 Annalistaa
697 2795 836 2848 Samis
864 2816 930 2847 cod.
952 2815 1023 2846 bibl.
1045 2814 1117 2855 imp.
1139 2814 1247 2846 Paris.
1266 2816 1371 2846 11851
1399 2814 1495 2853 (olim
1518 2815 1550 2846 s.
1569 2814 1646 2846 Ger-

75 2868 164 2900 mani
191 2868 280 2907 440)
306 2868 371 2909 fol.
393 2871 461 2902 233
468 2880 496 2901 v.
538 2870 716 2902 Ediderunt
747 2869 877 2901 Eccard
912 2868 1002 2909 Corp.
1023 2868 1094 2899 hist.
1115 2869 1135 2898 1
1158 2869 1236 2906 671,
1270 2869 1416 2900 Marcone
1448 2873 1477 2900 et
1509 2867 1649 2899 Durand

79 2920 155 2954 0011.
176 2923 198 2953 Ι
215 2922 285 2954 751.

174 2993 208 3029 1.
232 2993 360 3029 Matth.
378 2995 412 3040 6,
437 2995 495 3030 22.
711 2995 746 3029 2.
776 2993 823 3030 25
847 2993 937 3029 Dec.
957 2993 1061 3029 1135.

1670 343 1687 377 1
1694 341 1762 377 135

1683 389 1748 421 Oct.

1673 1584 1766 1620 1135

1686 1634 1750 1665 Oct.
