2028 3438
478 306 642 340 nnoms
675 308 779 339 vm
812 307 1200 339 0⁷1¹·r0ms.1„113.1
1230 306 1271 339 21
1575 296 1661 339 613

89 409 324 465 devotionis
362 414 609 459 festinantia
646 428 841 460 reversus
881 419 966 471 est,
1004 419 1053 459 ut
1091 416 1236 459 eadem
1276 416 1344 459 die
1380 418 1660 459 memoratum
1684 425 1887 462 1117-1121

87 485 269 552 pondus
281 488 456 549 argenti
494 492 646 541 altario
685 494 821 537 sancti
859 493 1076 537 Michaelis
1114 497 1331 550 tamquam
1369 493 1661 537 holocaustum

87 566 376 642 gmffisshn'u'm
415 568 638 629 inponeret
669 571 812 628 sicque
844 575 964 628 cepto
997 571 1115 628 operi
1146 574 1235 615 tota
1267 571 1422 615 virtute
1460 583 1508 614 ae
1540 584 1660 626 saga-

87 648 222 694 uitato
244 647 488 692 instandum
518 652 701 705 urgeret.

160 722 343 783 &Igitur
363 723 583 784 perfecto
570 740 656 770 lam
677 726 836 784 templo
857 751 907 756 —
928 726 1071 783 quod
1061 740 1105 770 1n
1126 726 1295 769 modum
1320 727 1469 783 crucis,
1503 731 1549 770 ut
1570 740 1661 770 cer-

0 831 3 875 3
87 800 223 867 nitur,
255 798 557 849 constructoris
589 805 653 848 sui
685 808 881 862 precepto
913 803 1153 849 edificatum
1185 807 1250 848 est
1275 829 1326 834 --
1353 804 1660 848 dedicationem

0 891 9 921 -ῑ
87 878 178 927 eius
207 882 253 926 in
275 882 451 927 arbitrio
471 883 651 926 fratrum
673 883 947 938 constituens,
978 887 1125 939 utpote
1146 895 1240 926 cum
1265 881 1416 938 quibus
1437 895 1509 926 cor
1530 896 1660 926 unum
1690 889 1779 924 1121

0 942 7 957 ³
88 945 132 1006 et
161 960 345 1005 animam
377 959 573 1016 habebat,
604 960 842 1004 mandavit:
876 964 923 1004 ut
954 964 1111 1005 certam
1146 961 1182 1004 ei
1216 959 1503 1016 significarent
1533 961 1659 1015 diem,

88 1027 172 1096 qna
193 1033 326 1084 ’tante
366 1034 676 1096 solempnitatis
715 1037 937 1082 celebritas
969 1039 1182 1083 communi
1213 1038 1401 1082 omnium
1435 1042 1531 1082 voto
1564 1051 1660 1094 age-

87 1112 217 1162 retur.
265 1116 325 1162 At
353 1115 431 1173 illi,
463 1116 640 1161 multam
672 1117 786 1160 inter
816 1130 860 1160 se
892 1117 1208 1173 inquisitionem
1239 1116 1455 1172 facientes,
1489 1117 1659 1160 tandem

14 1194 18 1199 ”
87 1182 286 1241 consilio·
305 1194 526 1239 reverendi
555 1197 598 1238 et
618 1194 852 1238 doctissimi
886 1195 1018 1252 patris
1035 1192 1298 1250 Wignandi¹,
1331 1195 1383 1238 de
1405 1209 1486 1251 quo
1519 1195 1563 1238 in
1595 1209 1661 1238 se-

87 1272 223 1318 cundo
244 1272 530 1331 huinsoperis
554 1272 663 1317 libro
685 1273 886 1328 dicemus,
918 1272 1110 1316 unanimi
1130 1286 1337 1316 consensu
1359 1272 1620 1317 diffinierunt
1630 1272 1660 1328 b,

86 1351 216 1396 utin
245 1349 447 1395 Kalendis
479 1349 740 1408 Septembris
780 1351 924 1394 eadem
964 1350 1238 1395 celeberrima
1277 1350 1396 1395 fieret
1431 1351 1659 1405 dedicatio;

88 1428 337 1485 congruenti
375 1429 479 1473 satis
518 1432 561 1473 et
599 1429 891 1486 acceptissimo
925 1429 1092 1472 ordine:
1133 1433 1218 1472 tam
1260 1443 1335 1486 pro
1377 1429 1489 1472 beati
1518 1428 1662 1484 Egidii

88 1507 337 1565 patrocinio,
369 1507 488 1551 cuius
520 1520 570 1551 ea
601 1507 691 1551 dies
724 1506 923 1550 natalicio
955 1506 1205 1562 illustratur,
1247 1520 1372 1563 quam
1405 1511 1447 1551 et
1477 1520 1554 1564 pro
1587 1520 1661 1550 an-

88 1585 208 1642 tiqua
236 1584 362 1629 huius
394 1585 478 1629 diei
508 1586 759 1641 reverentia,
792 1599 919 1642 quam
941 1598 1060 1629 sacra
1081 1584 1277 1642 Mosayce
1308 1584 1412 1640 legis
1435 1585 1662 1628 observan-

88 1663 150 1708 tia·
179 1667 346 1708 constat
370 1664 577 1721 ‘precipua
607 1663 802 1718 insigniri
834 1663 1151 1720 solempnitate3
1184 1664 1294 1707 sicut
1323 1663 1368 1706 in
1398 1662 1506 1706 libro
1538 1662 1661 1706 Levi-

87 1741 162 1786 tioi
191 1741 360 1798 legitur,
389 1741 587 1798 loquente
610 1741 792 1785 Domino
825 1741 879 1784 ad
908 1740 1104 1798 Moysen:
1138 1743 1283 1785 Mense
1314 1744 1487 1799 septimo
1514 1744 1662 1799 prima

89 1821 158 1864 die
185 1821 339 1864 mensis
371 1852 528 1864 ......
562 1822 756 1863 dominus
778 1820 896 1863 Deus
926 1816 1095 1863 vester².
1142 1818 1200 1862 Et
1232 1820 1334 1863 item
1365 1820 1411 1862 in
1440 1819 1548 1863 libro
1574 1819 1662 1863 Nu—

0 0 392 426 ἔ

89 1899 218 1943 meri:
249 1900 411 1943 Mensis
442 1900 612 1956 septimi
637 1900 781 1956 prima
813 1900 901 1941 dies
934 1930 1095 1941 ......
1130 1900 1424 1941 suavissimum
1449 1894 1661 1942 Domino³

89 1980 132 2022 et
152 1977 306 2033 cetera,
338 1990 419 2033 que
442 1976 494 2020 de
523 1976 610 2020 ritu
641 1974 941 2020 sacrificiorum
974 1975 1138 2019 mistice
1169 1989 1280 2019 nune
1310 1976 1355 2019 in
1387 1975 1563 2020 ecclesia
1594 1989 1660 2020 ce-

88 2054 387 2100 lebrandorum
417 2054 477 2098 ibi
509 2053 787 2110 exquiruntur
797 2061 823 2096 ⁰.
932 2053 1015 2098 Sed
1039 2058 1082 2097 et
1102 2054 1266 2097 decima
1286 2057 1328 2097 et
1350 2054 1662 2110 quintadecima

89 2133 277 2178 eiusdem
309 2132 466 2177 mensis
498 2132 588 2176 dies
620 2144 741 2175 sacra
771 2130 1001 2175 festivitate
1025 2131 1224 2187 celebres,
1258 2135 1300 2175 et
1329 2131 1491 2174 nullum
1522 2132 1566 2174 in
1600 2131 1659 2174 eis

89 2206 195 2270 opus
227 2210 380 2255 servile
409 2209 516 2266 fieri,
549 2210 622 2254 sed
654 2209 869 2266 solempne
901 2208 1153 2253 sacrificium
1182 2209 1364 2253 Domino
1397 2208 1537 2252 offerri
1568 2209 1660 2264 lege

89 2288 343 2346 precipitur3
391 2288 442 2332 de
483 2287 634 2344 quibus
680 2287 804 2331 modo
846 2287 1069 2331 dicendum
1111 2301 1194 2331 non
1233 2291 1309 2331 est.
1431 2286 1496 2330 De
1535 2286 1659 2330 huius

90 2370 230 2411 autem
262 2366 545 2411 sacratissime
566 2365 648 2409 diei
681 2365 924 2409 celebritate
946 2364 1147 2421 Origenes
1180 2366 1240 2409 sic
1270 2365 1475 2421 loquitur:
1508 2366 1660 2409 Prima

90 2447 159 2490 die
187 2447 356 2503 septimi
384 2447 535 2487 mensis
566 2446 782 2487 neomenia
814 2431 1009 2487 tubarum
1040 2453 1099 2487 eet
1129 2476 1286 2487 ......
1312 2452 1549 2486 morantem
1578 2459 1659 2500 pro

88 2524 270 2581 peccatis
302 2537 444 2566 eorum
477 2525 553 2579 qui
581 2538 624 2566 ee
655 2520 928 2580 eoespeetant⁴.
977 2521 1065 2565 Hec
1086 2511 1279 2576 Orige'nis
1310 2521 1453 2564 eximii
1476 2521 1659 2564 doctoris

90 2600 219 2644 verba
257 2603 368 2644 sunt.
424 2598 503 2651 Qui
544 2599 645 2643 item
687 2599 768 2642 alio
810 2599 900 2642 loco
933 2599 984 2642 de
1016 2599 1094 2643 hac
1125 2599 1441 2656 solempnitate,
1480 2612 1560 2654 que
1597 2603 1660 2642 est

90 2678 231 2735 prima
262 2678 330 2721 die
369 2677 563 2734 septimid
596 2678 773 2732 mensis,
815 2678 875 2720 sic
915 2677 992 2720 ait:
1035 2677 1157 2721 Sicut
1193 2680 1303 2721 inter
1338 2679 1426 2721 dies
1460 2680 1658 2735 septimus

93 2759 250 2814 quique
269 2758 358 2799 dies
381 2756 622 2799 observatur
642 2757 861 2799 sabbatum
895 2788 1052 2798 ......
1086 2757 1195 2798 diem
1221 2756 1384 2811 festum
1414 2758 1504 2812 aqit
1533 2770 1660 2813 super

189 2906 216 2928 a.
249 2897 408 2928 consilium
435 2897 466 2928 C.
654 2898 682 2927 b.
716 2897 883 2928 diffinirent
910 2897 940 2928 C.
1122 2906 1147 2927 c.
1180 2898 1347 2937 exquiritur
1372 2897 1410 2933 C,
1442 2898 1599 2937 exequitur
1621 2898 1659 2928 Β.

92 2951 122 2981 d.
155 2951 285 2990 septima
310 2947 341 2982 C.

189 3015 221 3050 1.
247 3013 392 3050 abbatis
416 3013 670 3050 Tharisiensis.
769 3016 801 3050 2.
827 3014 945 3050 Levit.
964 3015 1021 3058 23,
1048 3015 1213 3050 23—28.
1310 3016 1344 3050 3.
1370 3015 1477 3051 Num.
1496 3015 1552 3060 29,
1574 3016 1604 3050 1.
1624 3016 1657 3051 2.

90 3073 128 3110 4.
153 3073 210 3109 Ex
227 3072 394 3120 Origenis
418 3073 455 3109 in
480 3073 684 3110 Leviticum
710 3073 833 3110 homil.
850 3073 903 3109 IX
929 3083 1009 3119 cap.
1027 3074 1060 3119 5,
1087 3073 1178 3120 Opp.
1197 3074 1254 3111 ed.
1274 3074 1431 3111 Delarue
1455 3074 1498 3110 T.
1518 3074 1551 3110 II
1576 3075 1657 3110 239.
