2028 3438
340 273 406 304 nx
419 271 733 304 =ncnonoc1o
764 271 799 304 s.
822 271 1071 304 meamus
1102 272 1389 304 Pos'rnmonn
1567 259 1651 302 577

413 378 636 424 Heinricus
666 378 807 423 *abbas
828 378 1035 423 secundus
1069 382 1241 423 nostrae
1272 378 1623 434 congregationis.
1680 387 1803 424 1046?

513 448 631 485 Huius
654 449 724 485 loci
749 448 933 484 secundus
950 447 1066 486 abbas
1084 447 1156 485 fuit
1170 448 1328 485 domnus
1343 448 1549 484 Heinricus.
1586 447 1656 483 Hic

510 507 600 545 fecit
623 508 833 553 analogium
857 510 896 544 et
919 507 1012 545 duas
1030 518 1159 545 cruces
1183 509 1398 554 argenteas3
1425 506 1528 542 dedit
1551 516 1655 542 casu-

463 598 466 601 .
509 567 585 604 lam
610 578 720 604 unam
745 566 879 604 bonam
896 567 1016 604 crocei
1032 567 1182 615 coloris3
1207 570 1245 603 et
1268 567 1340 603 alia
1364 565 1523 612 plurima
1546 564 1655 601 bene-

511 624 596 662 ficia
620 626 776 663 contulit
799 626 884 662 huic
907 626 1000 663 loco.

114 693 142 737 6
168 676 346 737 Ῑᾶἷζόόὺ.
367 689 370 693 ’
411 690 650 749 Berngerus
681 706 792 736 mon.
817 707 858 736 n.
882 706 1023 749 congr.
1051 693 1178 737 1160.

412 769 664 832 Bertholdus
694 756 834 814 comes
866 773 909 814 et
937 770 1181 814 monachus.

410 839 652 891 Fridericns
682 846 829 902 laicus,
859 834 991 892 frater
1021 846 1272 892 Herimanni
1304 844 1481 890 abbatis.

115 924 142 968 2
172 923 232 969 Id.
255 924 346 969 Oct.
413 923 577 983 Rapoto
609 924 715 968 diac.
749 927 792 968 et
822 938 934 968 mon.
957 939 998 968 11.
1023 938 1163 980 congr.
1189 924 1317 968 1164.

85 1004 139 1047 17
171 1003 222 1047 Κ.
255 1002 361 1047 Nov.
413 1000 634 1058 Megingoz
667 1000 811 1057 abbas,
841 1016 882 1045 n.
906 1015 1048 1058 congr.
1073 1002 1218 1046 frater.

88 1080 143 1123 15
172 1079 223 1124 K.
255 1079 361 1124 Nov.
415 1079 560 1124 Tiemo
590 1079 709 1136 prior
743 1079 872 1135 1162,
903 1079 1117 1124 Arnoldus
1150 1082 1192 1123 et
1221 1077 1507 1123 Marcwardus
1538 1091 1657 1135 pres-

473 1139 612 1198 byteri
643 1142 686 1183 et
715 1152 827 1182 mon.
851 1153 891 1182 n.
916 1152 1058 1195 congr.

87 1217 142 1260 12
172 1216 224 1261 Κ.
255 1216 361 1260 Nov.
413 1215 571 1272 witigo
604 1216 733 1260 abbas
765 1220 807 1260 et
836 1230 949 1260 mon.
981 1216 1023 1260 S.
1045 1216 1163 1261 Petri
1194 1214 1515 1268 Cast(ellensis).

88 1295 140 1338 11
173 1294 224 1338 K.
256 1293 360 1338 Nov.
414 1291 716 1338 Wolframmus
749 1293 877 1337 abbas
909 1293 1096 1337 decimus
1128 1307 1168 1336 n.
1194 1306 1335 1348 congr.
1362 1293 1490 1335 1123.

513 1363 595 1400 Non
620 1364 719 1400 valet
742 1364 817 1399 ulla
839 1363 981 1399 ratione
1004 1363 1219 1410 perstringi,
1247 1373 1358 1408 quam
1382 1362 1522 1408 largam
1547 1361 1657 1398 bene-

513 1422 684 1459 dictionis
709 1433 799 1459 suae
816 1422 959 1469 copiam
983 1422 1022 1458 in
1045 1422 1214 1468 ingressu
1230 1421 1431 1459 venerandi
1454 1421 1570 1467 patris
1594 1430 1658 1457 no-

514 1482 579 1519 stri
596 1480 825 1519 Wolframmi
842 1482 1021 1518 Dominus
1046 1481 1131 1518 huic
1154 1482 1235 1519 loco
1251 1480 1438 1518 infuderit.
1475 1480 1555 1526 Qui,
1582 1490 1658 1516 mo-

513 1541 713 1578 nachorum
738 1551 896 1588 gemma,
922 1541 1184 1586 discipulorum
1204 1551 1352 1577 suorum
1378 1540 1493 1576 honor
1518 1541 1557 1575 et
1581 1539 1658 1584 glo-

513 1602 578 1647 ria,
604 1602 725 1637 locum
749 1600 1002 1646 restaurando,
1030 1610 1182 1646 gregem
1207 1599 1430 1637 dominicum
1455 1598 1658 1644 vigilantis-

514 1661 606 1701 sime
629 1660 888 1707 custodiendo,
922 1660 1170 1706 magistralem
1194 1660 1233 1696 in
1258 1668 1298 1695 se
1323 1659 1482 1704 rigorem
1506 1660 1660 1704 paterna

513 1719 664 1756 lenitate
688 1720 919 1766 temperavit.
956 1719 1024 1763 Qui
1050 1719 1087 1755 in
1112 1719 1240 1756 ordine
1259 1718 1424 1755 decimus
1449 1717 1558 1762 huius
1584 1728 1659 1754 mo-

514 1779 665 1816 nasterii
689 1778 804 1815 abbas
830 1779 968 1825 extitit,
998 1778 1064 1815 sed
1089 1789 1216 1815 omnes
1240 1777 1545 1824 praedecessores
1572 1787 1659 1813 suos

515 1839 726 1876 meritorum
757 1839 1017 1884 praerogativa
1046 1839 1154 1884 longe
1185 1837 1396 1874 antecessit.
1442 1836 1555 1873 Cuius
1585 1846 1659 1872 me-

515 1899 631 1936 moria
653 1899 692 1934 in
715 1897 971 1934 benedictione
995 1908 1142 1943 semper
1166 1897 1246 1934 erit.

90 1967 148 2010 10
176 1965 228 2011 K.
259 1965 366 2010 Nov.
421 1965 654 2022 Sigefridus
684 1979 796 2009 mon.
820 1979 860 2008 n.
885 1978 1027 2020 congr.
1053 1965 1182 2009 1165.

119 2044 146 2087 9
177 2043 227 2088 Κ.
259 2043 365 2088 Nov.
417 2042 670 2101 Liutpoldus
700 2043 901 2086 marchio.

418 2121 646 2176 Irmingart
676 2120 876 2177 palatina.

122 2199 149 2241 8
180 2198 230 2242 Κ.
262 2198 367 2242 Nov.
419 2198 453 2242 F
456 2198 660 2242 ridericus
690 2197 836 2252 laicus,
867 2197 1000 2240 frater
1031 2196 1199 2240 Ottonis
1231 2196 1431 2253 episcopi.

121 2276 145 2319 7
178 2276 229 2320 K.
261 2276 368 2320 Nov.
419 2275 556 2320 Adela
585 2275 814 2319 comitissa.

519 2346 597 2382 Hec
628 2355 711 2381 cum
742 2345 822 2381 viro
854 2353 920 2380 suo
945 2342 1201 2389 Reginbotone
1233 2343 1348 2379 multa
1379 2341 1478 2379 bona
1509 2342 1662 2379 contulit

519 2404 635 2442 nobis.

122 2474 150 2516 6
180 2471 232 2516 K.
263 2471 369 2517 Nov.
422 2471 675 2515 Adelbertus
706 2470 846 2527 presb.
880 2473 923 2514 et
952 2483 1064 2513 mon.
1087 2483 1129 2512 n.
1153 2482 1294 2523 congr.
1321 2469 1448 2511 1137.

92 2561 96 2570 ‘
420 2549 643 2592 Heinricus
676 2547 804 2591 abbas
837 2547 878 2590 S.
902 2546 1041 2590 Iacobi
1072 2545 1323 2601 Mogontiae.

123 2627 151 2670 5
181 2626 232 2671 K.
263 2626 370 2671 Nov.
421 2623 665 2670 Polezlaus'
697 2625 782 2668 dux
813 2623 1097 2668 Poloniorum.
1687 2627 1780 2663 1138

122 2704 153 2748 4
182 2703 234 2748 K.
263 2703 370 2748 Nov.
420 2703 533 2747 Ehta
562 2716 766 2747 conversa
798 2702 925 2744 1158.

124 2781 152 2824 2
182 2781 234 2825 Κ.
265 2781 371 2825 Nov.
423 2779 675 2837 Luitpoldus
708 2779 837 2823 abbas
869 2778 1054 2822 Ahusen.

693 2867 1058 2900 NOVEMBER

123 2935 155 2978 4
183 2934 236 2979 N.
267 2934 374 2978 Nov.
425 2934 695 2998 Eberhardus
726 2946 839 2977 mon.
862 2946 904 2976 n.
927 2945 1069 2987 congr.
1095 2930 1223 2974 1151.

192 3017 225 3051 1.
250 3016 314 3051 ΙΙΙ.

155 3079 263 3113 Jnn'.
284 3082 478 3110 Bibliotheca
492 3082 530 3109 v,
1333 3070 1378 3106 37
