2028 3438
420 271 506 313 662
806 283 968 315 11301118
998 285 1104 315 vrrA
1136 285 1343 316 o'r'roms.
1391 287 1477 317 Lm.
1500 287 1551 317 111
1579 284 1603 318 8

257 398 347 434 1127
539 389 579 431 8.
625 388 762 433 Causa
800 393 939 433 autem
981 391 1102 434 huius
1141 391 1422 446 inquisitionis
1461 395 1503 436 et
1539 391 1741 437 tumultus
1779 394 1971 441 sacoedos

195 447 401 485 ¹³⁰⁵tMai‘22
421 465 587 522 quidam
613 466 831 522 ydolorum
862 467 954 510 fuit.
1003 467 1094 523 Qui,
1128 468 1270 512 audita
1300 482 1406 512 nove
1437 469 1731 525 predicationis
1760 470 1970 527 opinione,

421 543 473 585 ad
504 542 656 586 callida
687 547 931 598 argumenta
962 531 1199 599 con-versus,
1233 545 1447 588 cuiusdam
1477 546 1566 589 fani
1597 545 1774 591 clamide
1803 550 1846 592 et
1874 547 1972 593 reli-

420 619 512 674 quis
543 619 713 663 indutus
746 621 921 675 exuviis,
955 620 1098 664 urbem
1132 621 1238 664 clam
1271 622 1502 676 egreditur⁸
1534 623 1795 680 vicinamque
1826 627 1970 682 petens

419 696 567 739 silvam
601 699 923 752 >pretereuntem
964 697 1171 752 quendam
1215 698 1417 741 rusticum
1455 699 1622 743 insolito
1660 713 1833 744 occursu
1875 714 1971 758 per-

417 773 579 816 terruit.
635 772 734 828 Qui,
775 773 919 816 videns
964 787 1058 817 eum
1091 774 1275 818 vestibus
1310 775 1423 831 ydoli
1460 776 1682 832 amictum,
1716 777 1969 834 suspicatus,

418 849 540 892 deum
574 863 695 892 suum
726 850 999 907 principalem
1042 851 1121 893 sibi
1152 852 1419 907 apparuisse,
1459 866 1534 909 pre
1564 854 1970 910 stupore-exanimis

416 926 461 968 in
490 926 638 969 faciem
662 928 831 982 corruit,
864 941 1040 982 eumque
1071 927 1173 971 talia
1195 928 1397 972 dicentem
1433 930 1612 974 audivit:
1643 931 1738 987 qu
1759 933 1969 977 cumdem

417 1011 533 1056 tuus,
569 1018 689 1059 quem
720 1005 834 1046 colis.
882 1005 949 1047 Ne
977 1020 1132 1061 paveas
1142 1021 1155 1055 ‚-
1187 1007 1260 1048 sed
1289 1021 1412 1062 surqe
1444 1009 1709 1063 quantocius,
1732 1008 1971 1069 *urbemque

416 1081 673 1135 inqrediens,
709 1082 952 1137 Zeyationem
982 1097 1114 1124 meam
1144 1084 1455 1138 maqistratibue
1487 1087 1680 1142 omnique
1708 1085 1872 1142 populo
1901 1087 1968 1129 in-

416 1159 562 1207 sinua3
594 1166 651 1210 αὐ,
685 1160 724 1200 si
743 1159 946 1215 discipuli
975 1160 1200 1202 seductoris
1231 1160 1360 1213 illiue,
1395 1163 1470 1216 qui
1500 1176 1591 1204 cum
1614 1162 1716 1204 duce
1746 1161 1968 1208 Wom‘zlao

417 1235 534 1290 apud
573 1234 745 1277 Uznoim
783 1244 983 1288 moratur,
1024 1236 1113 1278 illic
1143 1239 1442 1292 apparuerint,
1482 1240 1572 1281 sine
1608 1238 1809 1282 dilatione
1843 1241 1972 1283 morti

416 1311 677 1354 acerbissime
715 1314 949 1355 tradantur.
998 1312 1204 1368 Alioquin
1242 1316 1387 1356 civitas
1430 1329 1521 1357 cum
1551 1315 1852 1358 habitatoribus
1881 1317 1968 1370 auis

414 1388 579 1444 peribit.
633 1387 751 1438 Quod
782 1401 874 1431 cum
906 1388 1085 1431 rusticus
1116 1388 1187 1432 ille
1219 1403 1382 1433 summa
1411 1385 1867 1436 festinatione'civibus
1898 1391 1968 1436 de-

415 1465 664 1519 nuntiasset,
694 1465 771 1520 illi,
803 1465 1057 1508 unanimiter
1089 1466 1273 1521 adunati,
1305 1467 1548 1510 mandatum
1576 1468 1643 1511 dei
1674 1468 1739 1512 sui
1768 1482 1968 1525 peragere

416 1541 683 1584 conabantur.
808 1541 909 1597 Sed,
950 1546 997 1585 ut
1035 1543 1314 1598 prediximus,
1354 1544 1496 1588 divina
1534 1545 1797 1601 providentia
1826 1558 1967 1590 servos

416 1631 513 1661 suos
553 1618 789 1672 abscondit3
829 1619 958 1661 donec
998 1620 1185 1674 sequenti
1224 1620 1289 1663 die
1330 1621 1424 1676 pius
1456 1621 1552 1665 Otto
1594 1622 1834 1679 episcopuS,
1873 1635 1966 1666 cum

416 1695 519 1738 duce
559 1696 880 1751 supervenienS,
920 1709 988 1738 eos
1021 1710 1045 1738 a
1075 1696 1260 1739 latibulis
1299 1698 1509 1753 produxit.
1565 1698 1646 1742 Sed
1684 1713 1762 1743 1166
1800 1699 1844 1742 111
1873 1700 1968 1756 ipsa

415 1771 482 1814 die
515 1771 717 1815 adventus
750 1772 935 1828 episcopi
965 1773 1199 1829 temptatio,
1231 1787 1307 1829 per
1327 1774 1529 1818 invidiam
1550 1775 1705 1819 diaboli
1736 1776 1867 1820 servis
1886 1776 1967 1820 Dei

413 1848 609 1903 inmissa,
649 1849 791 1892 defuit.
934 1849 1322 1906 Advesperascente
1358 1864 1538 1907 namque
1575 1852 1662 1908 die,
1705 1854 1874 1908 quidam
1915 1868 1966 1898 ex

415 1925 634 1968 comitibus
667 1926 824 1968 domini
857 1926 1054 1982 episcopi,
1086 1927 1227 1969 fanum
1260 1928 1303 1969 in
1326 1928 1470 1971 eadem
1499 1929 1613 1973 urbe.
1632 1930 1759 1972 situm
1779 1932 1966 1976 conside-

414 2015 507 2045 rare
530 2001 728 2057 volentes,
760 2003 898 2046 minus
931 2005 1050 2046 caute
1080 2004 1320 2059 pergebant.
1365 2005 1482 2056 Quod
1511 2009 1725 2049 cernentes
1756 2006 1886 2063 aliqui
1915 2007 1966 2051 de

413 2078 587 2133 civibus,
625 2079 825 2135 suspicati
856 2083 965 2134 sunt,
1002 2080 1144 2122 fanum
1176 2081 1312 2137 ipsum
1345 2082 1432 2136 igni
1464 2096 1533 2125 eos
1565 2083 1729 2126 tradere
1759 2083 1903 2138 velle,
1924 2087 1966 2127 et

413 2156 653 2210 congregati
683 2155 899 2198 horrisono
931 2170 1141 2200 armorum
1174 2159 1351 2215 strepitu
1382 2159 1441 2202 eis
1473 2172 1688 2203 occurrere
1717 2161 1962 2215 gestiebant.

417 2232 521 2275 Tum
569 2232 788 2286 religiosus
834 2233 1039 2288 presbiter
1080 2233 1299 2278 Udalricus
1338 2236 1390 2278 ad
1436 2236 1569 2279 socios
1615 2249 1838 2281 conversus
1884 2238 1963 2281 ait:

413 2310 514 2352 Non
553 2312 642 2352 sine
673 2325 799 2352 causa
839 2320 1144 2366 coreyreqantur
1173 2314 1267 2363 isti5
1306 2315 1378 2355 sed
1407 2315 1547 2356 sciatis
1556 2346 1569 2367 ‚
1609 2329 1675 2357 eos
1705 2330 1751 2358 re
1780 2330 1877 2358 vera
1908 2317 1966 2358 ad

413 2388 624 2429 interitum
655 2395 841 2429 nostrum
866 2387 1087 2441 festinare.
1135 2388 1223 2439 Quo
1246 2389 1386 2432 audito
1417 2390 1531 2444 socii,
1563 2391 1854 2446 retrogradum
1883 2392 1964 2435 iter

415 2464 566 2517 secuti,
599 2464 695 2517 fuge
726 2463 909 2519 presidia
940 2467 1100 2519 petunt.
1156 2464 1339 2508 Clericus
1371 2469 1510 2509 autem
1540 2466 1750 2510 Dietricus
1780 2468 1962 2523 nomine,

415 2539 486 2594 qui
516 2539 614 2594 iam,
646 2540 872 2595 precedens
905 2553 988 2595 608,
1020 2542 1152 2596 portis
1185 2542 1344 2586 delubri
1375 2543 1508 2599 ipsius
1541 2545 1961 2601 appropinquaverat,

413 2615 602 2658 nesciens
625 2630 705 2671 quo
729 2616 965 2671 diverteret,
998 2618 1194 2661 audacter
1224 2619 1365 2662 fanum
1390 2620 1526 2676 ipsum
1549 2620 1722 2676 irrupit3
1756 2624 1798 2664 et
1818 2621 1962 2665 videns

415 2704 584 2733 aureum
609 2692 787 2748 clipeum
819 2693 970 2749 parieti
993 2693 1177 2750 affixum,
1210 2694 1405 2739 Gerovito
1429 2697 1499 2751 qui
1520 2697 1620 2740 deus
1644 2697 1797 2741 milicie
1819 2711 1960 2742 eorum

414 2767 493 2809 fuit
524 2773 810 2811 consecratum
834 2793 886 2799 —
912 2783 1033 2825 quem
1057 2772 1295 2826 contingere
1326 2773 1436 2829 apud
1467 2787 1536 2816 eos
1567 2773 1757 2817 illicitum
1791 2778 1882 2818 erat
1905 2795 1958 2806 ⁶—

415 2847 580 2899 arrepto
613 2846 756 2887 eodem
789 2846 941 2902 clipeo,
975 2847 1138 2890 obviam
1172 2849 1230 2891 eis
1262 2850 1474 2904 processit.
1522 2849 1587 2892 Illi
1619 2855 1777 2905 autem,
1816 2854 1961 2908 utpote

415 2920 494 2962 viri
526 2920 650 2963 stulte
682 2922 941 2977 rusticitatis,
974 2925 1187 2980 suspicati,
1220 2925 1340 2968 deum
1368 2939 1487 2967 suum
1510 2925 1750 2970 Gerovitum
1783 2927 1862 2971 sibi
1893 2941 1961 2971 oc-

510 3022 537 3044 a.
566 3013 733 3053 ingreditur
757 3013 787 3045 C.
