2028 3438
420 260 592 294 morus
622 261 728 294 vrrA
760 258 972 292 omme.
1019 259 1107 290 Lm.
1130 259 1147 289 1
1180 257 1298 291 11.12
1559 247 1642 290 601

0 412 3 415 ,
76 368 438 428 ωἱιωγωοιίεοο
467 369 664 413 hereseos
681 367 844 412 “umbra
873 381 919 412 se
956 379 1220 424 respersum,
1261 365 1362 422 quia
1391 368 1509 409 tanto
1540 369 1647 409 tem·
1671 375 1766 411 1106

0 479 2 493 2
75 462 183 507 pone
208 448 403 493 immune
432 446 558 502 regia
593 444 711 491 fideli
728 445 974 492 >ministerio
1007 443 1305 489 desudaverat:
1344 456 1398 487 ne
1428 442 1537 487 forte
1568 443 1647 486 im-

75 524 594 585 paratompros-mereede
634 524 821 574 eiusdem
861 523 1029 567 servicii
1048 520 1336 580 'pontificatus
1377 534 1473 564 eum
1514 520 1648 571 infula

76 603 370 660 sublimasset,
388 627 389 630 =
407 602 587 659 ideoque
621 616 707 646 non
745 602 837 645 sine
869 602 1009 645 anime
1045 599 1232 658 periculo
1263 599 1388 643 huius
1419 598 1649 642 sacerdocii

42 681 44 683 ’
76 681 284 740 dignitqm
309 681 604 736 :fungeretur..
631 679 753 724 Unde
790 679 941 723 maluit
987 677 1250 735 temporanei
1294 676 1467 720 honoris
1507 675 1648 720 subire

77 758 687 818 dispendiumiquamsuperni
710 757 883 802 arbitri‘'
905 756 1047 800 oculos
1079 754 1289 800 offendere
1321 755 1543 810 animeque
1573 767 1649 798 sue

76 837 168 896 pisti
183 836 501 882 detrimentnmss
540 835 748 891 Cumque,
781 835 976 879 abdicata
1004 833 1210 892 pastorali
1230 846 1345 888 cura,
1377 846 1400 876 e
1421 837 1649 889 conspectu

78 914 306 973 apostolici
319 914 516 970 Tgau'dens
547 927 623 971 pro
644 913 885 957 huiusmodi
916 912 1111 957 libertate
1135 909 1444 966 abscessissetb,
1476 923 1649 954 conver·-

78 993 245 1038 sus-»adi
265 991 531 1048 Dominumt·
555 993 816 1050 Expedicius
854 991 993 1048 inquit
1032 991 1130 1044 tibi,
1172 990 1378 1043 Domine,
1420 991 1649 1033 serviturus

78 1084 207 1126 amq:
232 1073 579 1129 quiaztanwme
609 1085 731 1114 onere
762 1070 962 1114 liberasti.
1086 1067 1170 1112 Sed
1200 1081 1285 1111 non
1316 1067 1390 1111 diu
1419 1066 1499 1111 hac
1529 1067 1569 1110 ei
1598 1066 1650 1110 li-

79 1149 243 1194 bertate
271 1148 356 1193 frui
384 1148 518 1193 licuit.
564 1147 683 1206 Papa
713 1148 883 1203 etenim,
915 1147 1058 1190 divino
1089 1148 1227 1190 taetus
1249 1144 1425 1203 Spiritu,
1458 1145 1652 1202 sequenti

79 1227 149 1272 did
164 1227 232 1272 {ad
261 1226 546 1272 revocandum
574 1225 656 1270 Dei
686 1226 825 1270 virum
854 1225 1016 1280 legatos
1048 1224 1212 1280 dirigit,
1252 1237 1346 1268 cum
1378 1224 1464 1267 iam
1495 1222 1566 1267 ille
1598 1222 1651 1266 ad

78 1304 218 1350 locum
236 1302 407 1350 *Sudrauff
431 1304 591 1349 dictum
612 1305 816 1358 venisset3
850 1304 971 1360 eique
993 1317 1098 1347 onus
1120 1302 1393 1347 ecclesiastici
1417 1301 1651 1357 regiminis,

81 1382 370 1442 quodapriuief
389 1383 600 1427 abiecerat
609 1390 638 1439 ⁶,
668 1382 769 1426 licet
799 1381 1030 1439 plurimum
1061 1381 1282 1437 renitenti,
1317 1394 1370 1424 ex
1402 1358 1653 1424 auctdritate

81 1460 598 1519 sancti³l²etri>‘imposnit.
645 1460 703 1505 Et
733 1460 887 1504 iterum
918 1461 1155 1515 iterumque
1184 1459 1437 1503 renitentem
1460 1457 1652 1502 duicibus

81 1545 125 1585 et
143 1553 249 1585 veros
272 1539 470 1597 paternis.
492 1539 696 1583 animavit
726 1537 1090 1596 promissionibus,
1123 1551 1167 1580 se
1199 1537 1238 1581 ei
1258 1537 1464 1580 fautorem
1489 1541 1531 1581 et
1549 1535 1652 1580 fide-

79 1618 290 1663 lissimum
321 1621 473 1662 eontra
501 1631 646 1661 omnes
676 1617 824 1660 mundi
855 1616 1040 1673 impetus
1071 1615 1334 1659 defensorem
1366 1615 1591 1672 spondens.

201 1695 365 1741 Deinde
405 1695 450 1739 in
489 1695 634 1751 vigilia
672 1695 965 1752 penthecostes
1006 1694 1134 1738 xenia
1172 1695 1210 1738 ei
1251 1708 1327 1751 per
1364 1694 1652 1738 honorabilem
1677 1713 1747 1744 Mai.
1764 1715 1804 1744 12

82 1774 319 1819 transmisit
349 1773 690 1831 apocrisiarium3
731 1773 798 1817 cui
830 1776 872 1817 et
903 1773 981 1816 hoc
1011 1773 1055 1815 in
1087 1772 1299 1816 mandatis
1331 1772 1528 1816 tradidit:
1566 1773 1655 1817 Dic

83 1852 294 1912 epiecepo,
325 1861 374 1897 ut
399 1861 600 1911 preparet
620 1868 664 1896 ee
684 1853 742 1895 ad
762 1853 1056 1909 accipiendum
1079 1851 1292 1908 Spiritum
1311 1860 1515 1895 sanctum.
1563 1850 1655 1895 Sic-

84 1943 166 1987 que
194 1931 242 1975 in
270 1930 339 1975 die
370 1932 518 1974 sancta
547 1930 854 1988 penthecosteS,
887 1943 967 1986 que
991 1932 1082 1973 erat
1103 1930 1130 1972 3
1152 1929 1250 1972 Idus
1271 1928 1387 1984 Maii,
1420 1928 1580 1973 scilicet
1609 1929 1655 1973 in
1678 1942 1749 1973 Mai.
1765 1943 1805 1973 13

83 2008 295 2053 natalicio*
313 2008 449 2052 sancti
481 1994 685 2064 G'ingolfid
717 2008 927 2063 martiris,
964 2007 1054 2051 Deo
1086 2008 1259 2063 dignum
1292 2007 1526 2051 antistitem
1558 2021 1655 2064 pro-

84 2087 190 2145 priis
229 2090 444 2144 tamquam
482 2085 596 2131 beati
633 2086 749 2130 Petri
793 2085 988 2130 manibus
1030 2085 1274 2130 solemniter
1312 2085 1574 2129 consecravit
1610 2086 1656 2128 in

83 2165 281 2221 Anagnia
309 2165 494 2221 civitate,
526 2178 607 2221 que
627 2164 878 2208 Romaniam
906 2163 1059 2207 dividit
1089 2167 1131 2208 et
1150 2163 1351 2221 Apuliam
1362 2161 1389 2206 ².
1436 2163 1494 2207 Et
1524 2163 1656 2221 privi-

83 2243 195 2300 legio
223 2243 368 2288 crucis
406 2256 456 2288 ac
492 2243 613 2301 pallii
650 2246 738 2286 tam
777 2256 872 2286 eum
911 2256 1038 2298 quam
1077 2255 1222 2285 omnes
1265 2255 1526 2285 successores
1566 2241 1655 2285 eius

86 2322 398 2380 imperpetuum
429 2321 694 2365 honorandos
716 2334 807 2365 esse
828 2320 1004 2376 censuit,
1037 2320 1163 2376 idque
1185 2320 1354 2377 scriptis
1382 2318 1536 2363 talibus
1559 2333 1656 2364 con-

83 2396 314 2445 firmavit⁸z

209 2478 277 2522 12.
325 2476 548 2522 Paeohalis
580 2480 799 2535 episcopus
823 2504 877 2509 -
899 2479 1062 2520 notarii
1089 2479 1204 2519 sacri
1230 2472 1420 2534 palatii⁴.

132 2576 149 2603 κ
207 2555 291 2600 Sed
342 2559 385 2600 et
429 2555 658 2600 reverendo
705 2555 864 2612 presuli
910 2554 1126 2598 Ruthardo
1174 2553 1498 2611 metropolitano
1543 2554 1657 2597 idem
1681 2570 1751 2601 Mai.
1767 2571 1804 2600 21

88 2633 343 2692 apostolicus
389 2633 553 2678 litteras
600 2633 970 2677 commendaticias
1018 2646 1094 2689 pro
1144 2632 1296 2676 dilecto
1343 2635 1464 2689 patre
1504 2632 1658 2676 Ottone

87 2712 218 2768 misit,
248 2712 293 2755 in
324 2711 436 2755 hunc
467 2726 512 2755 se
542 2712 714 2756 modum
746 2711 1029 2755 continentes:

186 2852 214 2874 a.
247 2842 368 2874 arbitris
390 2843 476 2874 codd.
581 2843 611 2873 b.
644 2843 829 2873 abcessisset
849 2842 936 2873 codd.
1041 2851 1067 2873 c.
1100 2842 1285 2872 abreiecerat
1309 2840 1340 2872 0.
1442 2841 1471 2871 d.
1504 2841 1551 2871 sic
1572 2840 1658 2872 codd.

187 2914 219 2949 1.
246 2911 419 2949 Sutrium.
554 2915 588 2950 2.
621 2914 723 2949 Haec
747 2912 861 2949 verba
886 2917 972 2948 sunt
1001 2912 1177 2959 epistolae
1203 2912 1364 2958 Ottonis,
1390 2912 1552 2949 Udalrici
1577 2911 1658 2949 cod.

90 2984 126 3008 n.
145 2973 212 3009 131
239 2982 352 3019 supra
382 2984 417 3019 p.
441 2973 523 3009 248.
698 2974 732 3008 3.
766 2972 809 3008 Id
842 2972 989 3008 demum
1023 2971 1083 3008 die
1110 2973 1155 3007 15
1179 2971 1268 3018 Apr.
1295 2973 1384 3008 1111
1418 2971 1556 3008 factum
1590 2975 1658 3007 est.

89 3032 125 3068 4.
151 3032 196 3069 V.
213 3031 374 3069 Udairici
399 3033 480 3070 cod.
506 3044 541 3069 n.
562 3033 629 3068 151
655 3042 767 3078 supra
790 3043 826 3078 p.
845 3033 926 3068 277.
