<?xml version="1.0" encoding="UTF-8"?>
<!DOCTYPE html PUBLIC "-//W3C//DTD XHTML 1.0 Transitional//EN"
    "http://www.w3.org/TR/xhtml1/DTD/xhtml1-transitional.dtd">
<html xmlns="http://www.w3.org/1999/xhtml" xml:lang="en" lang="en">
 <head>
  <title>
</title>
<meta http-equiv="Content-Type" content="text/html;charset=utf-8" />
  <meta name='ocr-system' content='tesseract 3.04.00' />
  <meta name='ocr-capabilities' content='ocr_page ocr_carea ocr_par ocr_line ocrx_word'/>
</head>
<body>
  <div class='ocr_page' id='page_1' title='image "bibliothecarerum05wattuoft_0167.png"; bbox 0 0 2028 3438; ppageno 0'>
   <div class='ocr_carea' id='block_1_1' title="bbox 628 209 1684 254">
    <p class='ocr_par' dir='ltr' id='par_1_1' title="bbox 628 209 1684 254">
     <span class='ocr_line' id='line_1_1' title="bbox 628 209 1684 254; baseline 0.006 -6"><span class='ocrx_word' id='word_1_1' title='bbox 628 217 851 249; x_wconf 74' lang='lat' dir='ltr'>nmnmcr</span> <span class='ocrx_word' id='word_1_2' title='bbox 880 216 1050 250; x_wconf 74' lang='lat' dir='ltr'>connx.</span> <span class='ocrx_word' id='word_1_3' title='bbox 1097 215 1145 251; x_wconf 80' lang='lat'>73</span> <span class='ocrx_word' id='word_1_4' title='bbox 1601 209 1684 254; x_wconf 85' lang='lat'>151</span> 
     </span>
    </p>
   </div>
   <div class='ocr_carea' id='block_1_2' title="bbox 82 323 1809 2874">
    <p class='ocr_par' dir='ltr' id='par_1_2' title="bbox 112 323 1809 613">
     <span class='ocr_line' id='line_1_2' title="bbox 114 323 1809 382; baseline 0.005 -15"><span class='ocrx_word' id='word_1_5' title='bbox 114 323 265 368; x_wconf 70' lang='lat' dir='ltr'>ritate</span> <span class='ocrx_word' id='word_1_6' title='bbox 274 323 585 382; x_wconf 75' lang='lat' dir='ltr'>praecipimus:</span> <span class='ocrx_word' id='word_1_7' title='bbox 606 330 609 360; x_wconf 82' lang='grc' dir='ltr'><em>ῑ</em></span> <span class='ocrx_word' id='word_1_8' title='bbox 633 327 682 369; x_wconf 88' lang='lat' dir='ltr'>ut</span> <span class='ocrx_word' id='word_1_9' title='bbox 715 325 774 369; x_wconf 43' lang='lat' dir='ltr'>vad</span> <span class='ocrx_word' id='word_1_10' title='bbox 813 324 1042 382; x_wconf 81' lang='lat' dir='ltr'>synodum,</span> <span class='ocrx_word' id='word_1_11' title='bbox 1091 330 1218 381; x_wconf 86' lang='lat' dir='ltr'>quam</span> <span class='ocrx_word' id='word_1_12' title='bbox 1263 326 1309 370; x_wconf 90' lang='lat' dir='ltr'>in</span> <span class='ocrx_word' id='word_1_13' title='bbox 1353 326 1532 372; x_wconf 84' lang='lat' dir='ltr'>ecclesia</span> <span class='ocrx_word' id='word_1_14' title='bbox 1575 327 1690 373; x_wconf 91' lang='lat' dir='ltr'>beati</span> <span class='ocrx_word' id='word_1_15' title='bbox 1714 339 1809 376; x_wconf 83' lang='lat'>1089</span> 
     </span>
     <span class='ocr_line' id='line_1_3' title="bbox 112 399 1690 461; baseline 0.004 -16"><span class='ocrx_word' id='word_1_16' title='bbox 112 399 353 446; x_wconf 65' lang='lat' dir='ltr'>Peffi·›Deo</span> <span class='ocrx_word' id='word_1_17' title='bbox 380 401 617 447; x_wconf 71' lang='lat' dir='ltr'>auxiliante</span> <span class='ocrx_word' id='word_1_18' title='bbox 646 402 922 459; x_wconf 74' lang='lat' dir='ltr'><strong>celebramus,</strong></span> <span class='ocrx_word' id='word_1_19' title='bbox 955 403 1093 447; x_wconf 88' lang='lat' dir='ltr'>securi</span> <span class='ocrx_word' id='word_1_20' title='bbox 1122 403 1293 461; x_wconf 84' lang='lat' dir='ltr'>penitus</span> <span class='ocrx_word' id='word_1_21' title='bbox 1323 405 1524 460; x_wconf 81' lang='lat' dir='ltr'>veniatis3</span> <span class='ocrx_word' id='word_1_22' title='bbox 1559 408 1609 450; x_wconf 88' lang='lat' dir='ltr'>ut</span> <span class='ocrx_word' id='word_1_23' title='bbox 1637 406 1690 451; x_wconf 91' lang='lat' dir='ltr'>de</span> 
     </span>
     <span class='ocr_line' id='line_1_4' title="bbox 114 479 1688 539; baseline 0.002 -15"><span class='ocrx_word' id='word_1_24' title='bbox 114 480 186 535; x_wconf 77' lang='lat' dir='ltr'>eo,</span> <span class='ocrx_word' id='word_1_25' title='bbox 216 479 550 536; x_wconf 56' lang='lat' dir='ltr'>qnooesanctam</span> <span class='ocrx_word' id='word_1_26' title='bbox 581 480 813 526; x_wconf 51' lang='lat' dir='ltr'>ecclesiam¹</span> <span class='ocrx_word' id='word_1_27' title='bbox 830 480 1131 538; x_wconf 79' lang='lat' dir='ltr'><strong>perturbastis,</strong></span> <span class='ocrx_word' id='word_1_28' title='bbox 1164 481 1275 526; x_wconf 88' lang='lat' dir='ltr'>sicut</span> <span class='ocrx_word' id='word_1_29' title='bbox 1303 482 1447 539; x_wconf 87' lang='lat' dir='ltr'>decet,</span> <span class='ocrx_word' id='word_1_30' title='bbox 1479 483 1688 528; x_wconf 88' lang='lat' dir='ltr'>rationem</span> 
     </span>
     <span class='ocr_line' id='line_1_5' title="bbox 112 554 434 613; baseline 0 -12"><span class='ocrx_word' id='word_1_31' title='bbox 112 554 345 601; x_wconf 49' lang='lat' dir='ltr'>reddatis&amp;</span> <span class='ocrx_word' id='word_1_32' title='bbox 430 610 434 613; x_wconf 27' lang='grc'>,</span> 
     </span>
    </p>

    <p class='ocr_par' dir='ltr' id='par_1_3' title="bbox 109 633 1689 1550">
     <span class='ocr_line' id='line_1_6' title="bbox 128 633 1688 695; baseline 0.004 -18"><span class='ocrx_word' id='word_1_33' title='bbox 128 655 130 662; x_wconf 59' lang='lat'>&gt;</span> <span class='ocrx_word' id='word_1_34' title='bbox 156 633 390 679; x_wconf 41' lang='grc' dir='ltr'>»μμ-,ἵππω</span> <span class='ocrx_word' id='word_1_35' title='bbox 419 634 530 692; x_wconf 86' lang='lat' dir='ltr'>ipsi,</span> <span class='ocrx_word' id='word_1_36' title='bbox 571 648 650 680; x_wconf 94' lang='lat' dir='ltr'>nec</span> <span class='ocrx_word' id='word_1_37' title='bbox 679 635 819 680; x_wconf 91' lang='lat' dir='ltr'>Deum</span> <span class='ocrx_word' id='word_1_38' title='bbox 849 636 1047 681; x_wconf 87' lang='lat' dir='ltr'>timentes</span> <span class='ocrx_word' id='word_1_39' title='bbox 1077 649 1156 681; x_wconf 88' lang='lat' dir='ltr'>nec</span> <span class='ocrx_word' id='word_1_40' title='bbox 1186 636 1402 682; x_wconf 90' lang='lat' dir='ltr'>hominem</span> <span class='ocrx_word' id='word_1_41' title='bbox 1431 641 1688 695; x_wconf 86' lang='lat' dir='ltr'>reverentes,</span> 
     </span>
     <span class='ocr_line' id='line_1_7' title="bbox 111 710 1686 768; baseline 0.002 -10"><span class='ocrx_word' id='word_1_42' title='bbox 111 710 274 768; x_wconf 65' lang='lat' dir='ltr'>legatos</span> <span class='ocrx_word' id='word_1_43' title='bbox 301 715 370 757; x_wconf 75' lang='lat' dir='ltr'>Iet&#39;</span> <span class='ocrx_word' id='word_1_44' title='bbox 408 712 574 757; x_wconf 82' lang='lat' dir='ltr'>litteras</span> <span class='ocrx_word' id='word_1_45' title='bbox 620 717 788 758; x_wconf 86' lang='lat' dir='ltr'>nostras</span> <span class='ocrx_word' id='word_1_46' title='bbox 833 727 912 758; x_wconf 90' lang='lat' dir='ltr'>nec</span> <span class='ocrx_word' id='word_1_47' title='bbox 949 714 1095 758; x_wconf 88' lang='lat' dir='ltr'>audire</span> <span class='ocrx_word' id='word_1_48' title='bbox 1137 727 1217 760; x_wconf 90' lang='lat' dir='ltr'>nec</span> <span class='ocrx_word' id='word_1_49' title='bbox 1262 714 1406 760; x_wconf 87' lang='lat' dir='ltr'>videre</span> <span class='ocrx_word' id='word_1_50' title='bbox 1451 715 1686 761; x_wconf 88' lang='lat' dir='ltr'>voluerunt.</span> 
     </span>
     <span class='ocr_line' id='line_1_8' title="bbox 111 787 1687 852; baseline 0.003 -18"><span class='ocrx_word' id='word_1_51' title='bbox 111 787 234 834; x_wconf 89' lang='lat' dir='ltr'>Unde</span> <span class='ocrx_word' id='word_1_52' title='bbox 262 790 309 834; x_wconf 91' lang='lat' dir='ltr'>in</span> <span class='ocrx_word' id='word_1_53' title='bbox 330 790 543 835; x_wconf 72' lang='lat' dir='ltr'>erroribus</span> <span class='ocrx_word' id='word_1_54' title='bbox 573 791 662 835; x_wconf 85' lang='lat' dir='ltr'>suis</span> <span class='ocrx_word' id='word_1_55' title='bbox 692 791 988 848; x_wconf 83' lang='lat' dir='ltr'>perdurantes,</span> <span class='ocrx_word' id='word_1_56' title='bbox 1019 805 1072 836; x_wconf 84' lang='lat' dir='ltr'>ex</span> <span class='ocrx_word' id='word_1_57' title='bbox 1095 791 1284 850; x_wconf 83' lang='lat' dir='ltr'>latebris,</span> <span class='ocrx_word' id='word_1_58' title='bbox 1316 807 1420 850; x_wconf 89' lang='lat' dir='ltr'>quas</span> <span class='ocrx_word' id='word_1_59' title='bbox 1444 795 1687 852; x_wconf 83' lang='lat' dir='ltr'>serpentino</span> 
     </span>
     <span class='ocr_line' id='line_1_9' title="bbox 111 865 1689 928; baseline 0.003 -17"><span class='ocrx_word' id='word_1_60' title='bbox 111 879 230 924; x_wconf 66' lang='lat' dir='ltr'>more</span> <span class='ocrx_word' id='word_1_61' title='bbox 257 865 469 925; x_wconf 82' lang='lat' dir='ltr'>incolunt,</span> <span class='ocrx_word' id='word_1_62' title='bbox 510 868 565 913; x_wconf 89' lang='lat' dir='ltr'>ad</span> <span class='ocrx_word' id='word_1_63' title='bbox 595 868 864 926; x_wconf 90' lang='lat' dir='ltr'>decipiendos</span> <span class='ocrx_word' id='word_1_64' title='bbox 895 869 1086 914; x_wconf 85' lang='lat' dir='ltr'>incautos</span> <span class='ocrx_word' id='word_1_65' title='bbox 1123 873 1166 915; x_wconf 89' lang='lat' dir='ltr'>et</span> <span class='ocrx_word' id='word_1_66' title='bbox 1196 870 1409 928; x_wconf 74' lang='lat' dir='ltr'><strong>simplices</strong></span> <span class='ocrx_word' id='word_1_67' title='bbox 1441 872 1534 916; x_wconf 89' lang='lat' dir='ltr'>dira</span> <span class='ocrx_word' id='word_1_68' title='bbox 1564 872 1689 917; x_wconf 81' lang='lat' dir='ltr'>sibila</span> 
     </span>
     <span class='ocr_line' id='line_1_10' title="bbox 112 945 1688 1012; baseline 0.003 -23"><span class='ocrx_word' id='word_1_69' title='bbox 112 945 331 1002; x_wconf 85' lang='lat' dir='ltr'>emittunt,</span> <span class='ocrx_word' id='word_1_70' title='bbox 364 949 561 991; x_wconf 78' lang='lat' dir='ltr'><strong>acuentes</strong></span> <span class='ocrx_word' id='word_1_71' title='bbox 592 946 759 1003; x_wconf 81' lang='lat' dir='ltr'>linguas</span> <span class='ocrx_word' id='word_1_72' title='bbox 791 961 888 991; x_wconf 87' lang='lat' dir='ltr'>suas</span> <span class='ocrx_word' id='word_1_73' title='bbox 920 948 1030 991; x_wconf 87' lang='lat' dir='ltr'>sicut</span> <span class='ocrx_word' id='word_1_74' title='bbox 1060 951 1298 1005; x_wconf 80' lang='lat' dir='ltr'>serpentes,</span> <span class='ocrx_word' id='word_1_75' title='bbox 1333 963 1543 994; x_wconf 87' lang='lat' dir='ltr'>venenum</span> <span class='ocrx_word' id='word_1_76' title='bbox 1575 951 1688 1012; x_wconf 81' lang='lat' dir='ltr'>aspi-</span> 
     </span>
     <span class='ocr_line' id='line_1_11' title="bbox 111 1021 1688 1084; baseline 0.003 -16"><span class='ocrx_word' id='word_1_77' title='bbox 111 1021 231 1069; x_wconf 63' lang='lat' dir='ltr'>(hnr</span> <span class='ocrx_word' id='word_1_78' title='bbox 250 1023 330 1074; x_wconf 71' lang='lat' dir='ltr'>snb</span> <span class='ocrx_word' id='word_1_79' title='bbox 365 1023 491 1068; x_wconf 86' lang='lat' dir='ltr'>labiis</span> <span class='ocrx_word' id='word_1_80' title='bbox 531 1038 698 1080; x_wconf 82' lang='lat' dir='ltr'>eorum3</span> <span class='ocrx_word' id='word_1_81' title='bbox 745 1024 907 1070; x_wconf 86' lang='lat' dir='ltr'>veloces</span> <span class='ocrx_word' id='word_1_82' title='bbox 945 1026 1075 1084; x_wconf 89' lang='lat' dir='ltr'>pedes</span> <span class='ocrx_word' id='word_1_83' title='bbox 1113 1039 1257 1070; x_wconf 88' lang='lat' dir='ltr'>eorum</span> <span class='ocrx_word' id='word_1_84' title='bbox 1298 1027 1352 1071; x_wconf 89' lang='lat' dir='ltr'>ad</span> <span class='ocrx_word' id='word_1_85' title='bbox 1383 1026 1688 1073; x_wconf 58' lang='lat' dir='ltr'>‘effundendum</span> 
     </span>
     <span class='ocr_line' id='line_1_12' title="bbox 111 1098 1688 1159; baseline 0.003 -13"><span class='ocrx_word' id='word_1_86' title='bbox 111 1101 362 1158; x_wconf 72' lang='lat' dir='ltr'>sanguinem</span> <span class='ocrx_word' id='word_1_87' title='bbox 374 1098 397 1146; x_wconf 88' lang='lat'>¹.</span> <span class='ocrx_word' id='word_1_88' title='bbox 444 1101 634 1158; x_wconf 74' lang='lat' dir='ltr'>Quantae</span> <span class='ocrx_word' id='word_1_89' title='bbox 666 1103 780 1147; x_wconf 92' lang='lat' dir='ltr'>enim</span> <span class='ocrx_word' id='word_1_90' title='bbox 809 1103 984 1148; x_wconf 89' lang='lat' dir='ltr'>humani</span> <span class='ocrx_word' id='word_1_91' title='bbox 1014 1104 1232 1159; x_wconf 89' lang='lat' dir='ltr'>sanguinis</span> <span class='ocrx_word' id='word_1_92' title='bbox 1264 1103 1488 1150; x_wconf 86' lang='lat' dir='ltr'>effusiones</span> <span class='ocrx_word' id='word_1_93' title='bbox 1517 1106 1563 1150; x_wconf 88' lang='lat' dir='ltr'>in</span> <span class='ocrx_word' id='word_1_94' title='bbox 1582 1105 1688 1151; x_wconf 89' lang='lat' dir='ltr'>Yta-</span> 
     </span>
     <span class='ocr_line' id='line_1_13' title="bbox 109 1177 1686 1239; baseline 0.004 -16"><span class='ocrx_word' id='word_1_95' title='bbox 109 1177 199 1224; x_wconf 65' lang='lat' dir='ltr'>lice</span> <span class='ocrx_word' id='word_1_96' title='bbox 230 1183 277 1224; x_wconf 80' lang='lat' dir='ltr'>et</span> <span class='ocrx_word' id='word_1_97' title='bbox 311 1179 539 1224; x_wconf 80' lang='lat' dir='ltr'>Teutonico</span> <span class='ocrx_word' id='word_1_98' title='bbox 578 1194 707 1236; x_wconf 88' lang='lat' dir='ltr'>regno</span> <span class='ocrx_word' id='word_1_99' title='bbox 746 1181 964 1225; x_wconf 82' lang='lat' dir='ltr'>occasione</span> <span class='ocrx_word' id='word_1_100' title='bbox 1001 1182 1329 1239; x_wconf 83' lang='lat' dir='ltr'>praedicationis</span> <span class='ocrx_word' id='word_1_101' title='bbox 1368 1197 1512 1228; x_wconf 90' lang='lat' dir='ltr'>eorum</span> <span class='ocrx_word' id='word_1_102' title='bbox 1548 1184 1686 1229; x_wconf 84' lang='lat' dir='ltr'>factae</span> 
     </span>
     <span class='ocr_line' id='line_1_14' title="bbox 111 1256 1685 1317; baseline 0.004 -16"><span class='ocrx_word' id='word_1_103' title='bbox 111 1256 211 1313; x_wconf 79' lang='lat' dir='ltr'>sint,</span> <span class='ocrx_word' id='word_1_104' title='bbox 243 1260 426 1314; x_wconf 77' lang='lat' dir='ltr'>quantae</span> <span class='ocrx_word' id='word_1_105' title='bbox 456 1258 729 1302; x_wconf 88' lang='lat' dir='ltr'>ecclesiarum</span> <span class='ocrx_word' id='word_1_106' title='bbox 760 1258 1079 1315; x_wconf 88' lang='lat' dir='ltr'>destructiones,</span> <span class='ocrx_word' id='word_1_107' title='bbox 1112 1260 1261 1317; x_wconf 85' lang='lat' dir='ltr'>quanti</span> <span class='ocrx_word' id='word_1_108' title='bbox 1290 1261 1513 1305; x_wconf 89' lang='lat' dir='ltr'>viduarum</span> <span class='ocrx_word' id='word_1_109' title='bbox 1545 1265 1588 1307; x_wconf 90' lang='lat' dir='ltr'>et</span> <span class='ocrx_word' id='word_1_110' title='bbox 1618 1275 1685 1307; x_wconf 89' lang='lat' dir='ltr'>or-</span> 
     </span>
     <span class='ocr_line' id='line_1_15' title="bbox 109 1334 1686 1397; baseline 0.004 -18"><span class='ocrx_word' id='word_1_111' title='bbox 109 1334 350 1392; x_wconf 77' lang='lat' dir='ltr'>phanorum</span> <span class='ocrx_word' id='word_1_112' title='bbox 388 1336 591 1393; x_wconf 83' lang='lat' dir='ltr'>gemitus,</span> <span class='ocrx_word' id='word_1_113' title='bbox 635 1339 851 1394; x_wconf 90' lang='lat' dir='ltr'>postremo</span> <span class='ocrx_word' id='word_1_114' title='bbox 898 1340 1081 1393; x_wconf 88' lang='lat' dir='ltr'>quantae</span> <span class='ocrx_word' id='word_1_115' title='bbox 1124 1338 1313 1383; x_wconf 90' lang='lat' dir='ltr'>universi</span> <span class='ocrx_word' id='word_1_116' title='bbox 1357 1353 1467 1397; x_wconf 89' lang='lat' dir='ltr'>pene</span> <span class='ocrx_word' id='word_1_117' title='bbox 1505 1339 1686 1385; x_wconf 87' lang='lat' dir='ltr'>Romani</span> 
     </span>
     <span class='ocr_line' id='line_1_16' title="bbox 109 1412 1686 1476; baseline 0.003 -19"><span class='ocrx_word' id='word_1_118' title='bbox 109 1412 232 1469; x_wconf 69' lang='lat' dir='ltr'>regni</span> <span class='ocrx_word' id='word_1_119' title='bbox 271 1412 643 1471; x_wconf 84' lang='lat' dir='ltr'>depopulationes,</span> <span class='ocrx_word' id='word_1_120' title='bbox 673 1413 854 1458; x_wconf 88' lang='lat' dir='ltr'>lucidius</span> <span class='ocrx_word' id='word_1_121' title='bbox 886 1427 939 1458; x_wconf 85' lang='lat' dir='ltr'>ex</span> <span class='ocrx_word' id='word_1_122' title='bbox 969 1428 1113 1459; x_wconf 91' lang='lat' dir='ltr'>eorum</span> <span class='ocrx_word' id='word_1_123' title='bbox 1145 1416 1394 1474; x_wconf 85' lang='lat' dir='ltr'>gemitibus,</span> <span class='ocrx_word' id='word_1_124' title='bbox 1435 1418 1507 1474; x_wconf 89' lang='lat' dir='ltr'>qui</span> <span class='ocrx_word' id='word_1_125' title='bbox 1543 1417 1686 1476; x_wconf 85' lang='lat' dir='ltr'>obpri-</span> 
     </span>
     <span class='ocr_line' id='line_1_17' title="bbox 109 1483 1209 1550; baseline 0.002 -14"><span class='ocrx_word' id='word_1_126' title='bbox 109 1483 297 1548; x_wconf 69' lang='lat' dir='ltr'>mantur,</span> <span class='ocrx_word' id='word_1_127' title='bbox 329 1505 457 1549; x_wconf 79' lang='lat' dir='ltr'>quam</span> <span class='ocrx_word' id='word_1_128' title='bbox 485 1495 633 1536; x_wconf 83' lang='lat' dir='ltr'>nostra</span> <span class='ocrx_word' id='word_1_129' title='bbox 661 1491 867 1536; x_wconf 82' lang='lat' dir='ltr'>relatione</span> <span class='ocrx_word' id='word_1_130' title='bbox 898 1493 1209 1550; x_wconf 82' lang='lat' dir='ltr'>comprobatur.</span> 
     </span>
    </p>

    <p class='ocr_par' dir='ltr' id='par_1_4' title="bbox 82 1567 1686 2407">
     <span class='ocr_line' id='line_1_18' title="bbox 134 1567 1685 1631; baseline 0.003 -18"><span class='ocrx_word' id='word_1_131' title='bbox 134 1590 136 1593; x_wconf 35' lang='lat' dir='ltr'>v</span> <span class='ocrx_word' id='word_1_132' title='bbox 163 1599 181 1609; x_wconf 34' lang='grc' dir='ltr'>μ</span> <span class='ocrx_word' id='word_1_133' title='bbox 228 1567 429 1614; x_wconf 77' lang='lat' dir='ltr'>Preterea</span> <span class='ocrx_word' id='word_1_134' title='bbox 464 1570 626 1628; x_wconf 85' lang='lat' dir='ltr'>placuit</span> <span class='ocrx_word' id='word_1_135' title='bbox 664 1572 809 1614; x_wconf 89' lang='lat' dir='ltr'>sancto</span> <span class='ocrx_word' id='word_1_136' title='bbox 841 1572 1086 1615; x_wconf 86' lang='lat' dir='ltr'>conventui:</span> <span class='ocrx_word' id='word_1_137' title='bbox 1126 1575 1174 1616; x_wconf 90' lang='lat' dir='ltr'>ut</span> <span class='ocrx_word' id='word_1_138' title='bbox 1208 1572 1254 1616; x_wconf 90' lang='lat' dir='ltr'>in</span> <span class='ocrx_word' id='word_1_139' title='bbox 1284 1573 1572 1630; x_wconf 88' lang='lat' dir='ltr'>symoniacos,</span> <span class='ocrx_word' id='word_1_140' title='bbox 1612 1574 1685 1631; x_wconf 87' lang='lat' dir='ltr'>qui</span> 
     </span>
     <span class='ocr_line' id='line_1_19' title="bbox 110 1645 1685 1706; baseline 0.003 -15"><span class='ocrx_word' id='word_1_141' title='bbox 110 1645 332 1691; x_wconf 82' lang='lat' dir='ltr'>ecclesiam</span> <span class='ocrx_word' id='word_1_142' title='bbox 361 1646 443 1692; x_wconf 91' lang='lat' dir='ltr'>Dei</span> <span class='ocrx_word' id='word_1_143' title='bbox 479 1647 690 1692; x_wconf 84' lang='lat' dir='ltr'>latronum</span> <span class='ocrx_word' id='word_1_144' title='bbox 731 1647 975 1705; x_wconf 89' lang='lat' dir='ltr'>speluncam</span> <span class='ocrx_word' id='word_1_145' title='bbox 1007 1649 1168 1693; x_wconf 87' lang='lat' dir='ltr'>faciunt</span> <span class='ocrx_word' id='word_1_146' title='bbox 1177 1657 1205 1706; x_wconf 79' lang='lat'>³,</span> <span class='ocrx_word' id='word_1_147' title='bbox 1245 1650 1388 1695; x_wconf 87' lang='lat' dir='ltr'>debita</span> <span class='ocrx_word' id='word_1_148' title='bbox 1419 1651 1685 1696; x_wconf 87' lang='lat' dir='ltr'>animadver-</span> 
     </span>
     <span class='ocr_line' id='line_1_20' title="bbox 109 1724 1686 1785; baseline 0.003 -16"><span class='ocrx_word' id='word_1_149' title='bbox 109 1724 228 1769; x_wconf 76' lang='lat' dir='ltr'>sione</span> <span class='ocrx_word' id='word_1_150' title='bbox 251 1724 567 1782; x_wconf 77' lang='lat' dir='ltr'>inveheremur,</span> <span class='ocrx_word' id='word_1_151' title='bbox 599 1728 642 1770; x_wconf 89' lang='lat' dir='ltr'>et</span> <span class='ocrx_word' id='word_1_152' title='bbox 670 1725 907 1769; x_wconf 85' lang='lat' dir='ltr'>redivivum</span> <span class='ocrx_word' id='word_1_153' title='bbox 939 1730 1067 1784; x_wconf 87' lang='lat' dir='ltr'>caput</span> <span class='ocrx_word' id='word_1_154' title='bbox 1094 1727 1209 1772; x_wconf 88' lang='lat' dir='ltr'>illius</span> <span class='ocrx_word' id='word_1_155' title='bbox 1230 1727 1440 1785; x_wconf 78' lang='lat' dir='ltr'>hereseOS,</span> <span class='ocrx_word' id='word_1_156' title='bbox 1471 1730 1627 1774; x_wconf 88' lang='lat' dir='ltr'>totiens</span> <span class='ocrx_word' id='word_1_157' title='bbox 1659 1743 1686 1774; x_wconf 87' lang='lat' dir='ltr'>a</span> 
     </span>
     <span class='ocr_line' id='line_1_21' title="bbox 109 1803 1682 1864; baseline 0.003 -17"><span class='ocrx_word' id='word_1_158' title='bbox 109 1803 266 1848; x_wconf 80' lang='lat' dir='ltr'>sanctis</span> <span class='ocrx_word' id='word_1_159' title='bbox 312 1803 505 1861; x_wconf 82' lang='lat' dir='ltr'>patribus</span> <span class='ocrx_word' id='word_1_160' title='bbox 550 1803 785 1859; x_wconf 86' lang='lat' dir='ltr'>abscisum,</span> <span class='ocrx_word' id='word_1_161' title='bbox 839 1803 980 1859; x_wconf 85' lang='lat' dir='ltr'>gladio</span> <span class='ocrx_word' id='word_1_162' title='bbox 1027 1804 1140 1849; x_wconf 87' lang='lat' dir='ltr'>beati</span> <span class='ocrx_word' id='word_1_163' title='bbox 1185 1804 1302 1850; x_wconf 90' lang='lat' dir='ltr'>Petri</span> <span class='ocrx_word' id='word_1_164' title='bbox 1352 1809 1682 1864; x_wconf 89' lang='lat' dir='ltr'>amputaremus.</span> 
     </span>
     <span class='ocr_line' id='line_1_22' title="bbox 108 1879 1684 1942; baseline 0.003 -17"><span class='ocrx_word' id='word_1_165' title='bbox 108 1879 231 1926; x_wconf 88' lang='lat' dir='ltr'>Unde</span> <span class='ocrx_word' id='word_1_166' title='bbox 261 1881 488 1926; x_wconf 88' lang='lat' dir='ltr'>eorundem</span> <span class='ocrx_word' id='word_1_167' title='bbox 519 1884 691 1938; x_wconf 87' lang='lat' dir='ltr'>patrum</span> <span class='ocrx_word' id='word_1_168' title='bbox 721 1885 964 1926; x_wconf 89' lang='lat' dir='ltr'>sanctorum</span> <span class='ocrx_word' id='word_1_169' title='bbox 986 1882 1237 1927; x_wconf 90' lang='lat' dir='ltr'>documenta</span> <span class='ocrx_word' id='word_1_170' title='bbox 1257 1887 1483 1941; x_wconf 85' lang='lat' dir='ltr'>sectantes,</span> <span class='ocrx_word' id='word_1_171' title='bbox 1515 1888 1684 1942; x_wconf 82' lang='lat' dir='ltr'>aposto-</span> 
     </span>
     <span class='ocr_line' id='line_1_23' title="bbox 108 1958 1683 2019; baseline 0.003 -16"><span class='ocrx_word' id='word_1_172' title='bbox 108 1958 192 2003; x_wconf 81' lang='lat' dir='ltr'>lica</span> <span class='ocrx_word' id='word_1_173' title='bbox 221 1959 472 2003; x_wconf 82' lang='lat' dir='ltr'>auctoritate</span> <span class='ocrx_word' id='word_1_174' title='bbox 507 1959 812 2016; x_wconf 88' lang='lat' dir='ltr'>praecipimus:</span> <span class='ocrx_word' id='word_1_175' title='bbox 852 1963 899 2003; x_wconf 92' lang='lat' dir='ltr'>ut</span> <span class='ocrx_word' id='word_1_176' title='bbox 935 1960 1076 2004; x_wconf 91' lang='lat' dir='ltr'>nullus</span> <span class='ocrx_word' id='word_1_177' title='bbox 1116 1961 1314 2019; x_wconf 90' lang='lat' dir='ltr'>deinceps</span> <span class='ocrx_word' id='word_1_178' title='bbox 1353 1961 1479 2006; x_wconf 90' lang='lat' dir='ltr'>alicui</span> <span class='ocrx_word' id='word_1_179' title='bbox 1509 1976 1683 2007; x_wconf 89' lang='lat' dir='ltr'>manum</span> 
     </span>
     <span class='ocr_line' id='line_1_24' title="bbox 82 2034 1682 2096; baseline 0.003 -16"><span class='ocrx_word' id='word_1_180' title='bbox 82 2041 355 2095; x_wconf 16' lang='lat' dir='ltr'>,praesumat</span> <span class='ocrx_word' id='word_1_181' title='bbox 399 2037 617 2094; x_wconf 89' lang='lat' dir='ltr'>imponere</span> <span class='ocrx_word' id='word_1_182' title='bbox 665 2051 743 2094; x_wconf 90' lang='lat' dir='ltr'>pro</span> <span class='ocrx_word' id='word_1_183' title='bbox 789 2034 1037 2094; x_wconf 81' lang='lat' dir='ltr'>cuiusquam</span> <span class='ocrx_word' id='word_1_184' title='bbox 1082 2039 1259 2096; x_wconf 90' lang='lat' dir='ltr'>pessimi</span> <span class='ocrx_word' id='word_1_185' title='bbox 1306 2041 1543 2085; x_wconf 87' lang='lat' dir='ltr'>commertii</span> <span class='ocrx_word' id='word_1_186' title='bbox 1583 2054 1682 2085; x_wconf 91' lang='lat' dir='ltr'>con-</span> 
     </span>
     <span class='ocr_line' id='line_1_25' title="bbox 109 2114 1682 2176; baseline 0.003 -17"><span class='ocrx_word' id='word_1_187' title='bbox 109 2115 319 2160; x_wconf 82' lang='lat' dir='ltr'>ventione.</span> <span class='ocrx_word' id='word_1_188' title='bbox 367 2114 414 2159; x_wconf 86' lang='lat' dir='ltr'>Si</span> <span class='ocrx_word' id='word_1_189' title='bbox 452 2128 574 2171; x_wconf 85' lang='lat' dir='ltr'>vero,</span> <span class='ocrx_word' id='word_1_190' title='bbox 616 2115 727 2171; x_wconf 92' lang='lat' dir='ltr'>quod</span> <span class='ocrx_word' id='word_1_191' title='bbox 759 2115 889 2171; x_wconf 88' lang='lat' dir='ltr'>absit,</span> <span class='ocrx_word' id='word_1_192' title='bbox 928 2115 1007 2160; x_wconf 91' lang='lat' dir='ltr'>hoc</span> <span class='ocrx_word' id='word_1_193' title='bbox 1044 2117 1205 2161; x_wconf 90' lang='lat' dir='ltr'>crimen</span> <span class='ocrx_word' id='word_1_194' title='bbox 1234 2117 1278 2160; x_wconf 92' lang='lat' dir='ltr'>in</span> <span class='ocrx_word' id='word_1_195' title='bbox 1311 2117 1451 2174; x_wconf 87' lang='lat' dir='ltr'>aliquo</span> <span class='ocrx_word' id='word_1_196' title='bbox 1483 2117 1682 2176; x_wconf 91' lang='lat' dir='ltr'>deinceps</span> 
     </span>
     <span class='ocr_line' id='line_1_26' title="bbox 108 2193 1684 2252; baseline 0.003 -15"><span class='ocrx_word' id='word_1_197' title='bbox 108 2196 326 2251; x_wconf 87' lang='lat' dir='ltr'>repertum</span> <span class='ocrx_word' id='word_1_198' title='bbox 365 2193 515 2249; x_wconf 86' lang='lat' dir='ltr'>fuerit,</span> <span class='ocrx_word' id='word_1_199' title='bbox 562 2195 605 2237; x_wconf 90' lang='lat' dir='ltr'>et</span> <span class='ocrx_word' id='word_1_200' title='bbox 649 2193 891 2238; x_wconf 81' lang='lat' dir='ltr'>ordinatorb</span> <span class='ocrx_word' id='word_1_201' title='bbox 938 2195 1112 2252; x_wconf 89' lang='lat' dir='ltr'>propria</span> <span class='ocrx_word' id='word_1_202' title='bbox 1152 2195 1198 2238; x_wconf 91' lang='lat' dir='ltr'>in</span> <span class='ocrx_word' id='word_1_203' title='bbox 1242 2198 1495 2252; x_wconf 91' lang='lat' dir='ltr'>perpetuum</span> <span class='ocrx_word' id='word_1_204' title='bbox 1541 2200 1684 2241; x_wconf 89' lang='lat' dir='ltr'>careat</span> 
     </span>
     <span class='ocr_line' id='line_1_27' title="bbox 109 2270 1683 2329; baseline 0.001 -14"><span class='ocrx_word' id='word_1_205' title='bbox 109 2270 329 2327; x_wconf 81' lang='lat' dir='ltr'>dignitate,</span> <span class='ocrx_word' id='word_1_206' title='bbox 361 2274 404 2315; x_wconf 92' lang='lat' dir='ltr'>et</span> <span class='ocrx_word' id='word_1_207' title='bbox 433 2270 652 2315; x_wconf 87' lang='lat' dir='ltr'>ordinatus</span> <span class='ocrx_word' id='word_1_208' title='bbox 682 2270 814 2315; x_wconf 90' lang='lat' dir='ltr'>nichil</span> <span class='ocrx_word' id='word_1_209' title='bbox 836 2285 887 2315; x_wconf 84' lang='lat' dir='ltr'>ex</span> <span class='ocrx_word' id='word_1_210' title='bbox 918 2284 982 2326; x_wconf 89' lang='lat' dir='ltr'>ea,</span> <span class='ocrx_word' id='word_1_211' title='bbox 1014 2285 1121 2327; x_wconf 89' lang='lat' dir='ltr'>quae</span> <span class='ocrx_word' id='word_1_212' title='bbox 1144 2285 1221 2329; x_wconf 89' lang='lat' dir='ltr'>per</span> <span class='ocrx_word' id='word_1_213' title='bbox 1241 2274 1539 2317; x_wconf 90' lang='lat' dir='ltr'>commercium</span> <span class='ocrx_word' id='word_1_214' title='bbox 1569 2274 1683 2319; x_wconf 86' lang='lat' dir='ltr'>facta</span> 
     </span>
     <span class='ocr_line' id='line_1_28' title="bbox 110 2348 717 2407; baseline -0.005 -12"><span class='ocrx_word' id='word_1_215' title='bbox 110 2352 189 2406; x_wconf 80' lang='lat' dir='ltr'>est,</span> <span class='ocrx_word' id='word_1_216' title='bbox 217 2348 412 2407; x_wconf 89' lang='lat' dir='ltr'>proficiat</span> <span class='ocrx_word' id='word_1_217' title='bbox 441 2348 717 2393; x_wconf 87' lang='lat' dir='ltr'>ordinatione.</span> 
     </span>
    </p>

    <p class='ocr_par' dir='ltr' id='par_1_5' title="bbox 109 2425 1683 2874">
     <span class='ocr_line' id='line_1_29' title="bbox 227 2425 1682 2485; baseline 0.002 -14"><span class='ocrx_word' id='word_1_218' title='bbox 227 2425 428 2471; x_wconf 87' lang='lat' dir='ltr'>Preterea</span> <span class='ocrx_word' id='word_1_219' title='bbox 447 2426 559 2483; x_wconf 90' lang='lat' dir='ltr'>quod</span> <span class='ocrx_word' id='word_1_220' title='bbox 589 2426 757 2471; x_wconf 88' lang='lat' dir='ltr'>silentio</span> <span class='ocrx_word' id='word_1_221' title='bbox 787 2426 1185 2484; x_wconf 87' lang='lat' dir='ltr'>pretermittendum</span> <span class='ocrx_word' id='word_1_222' title='bbox 1205 2427 1406 2484; x_wconf 83' lang='lat' dir='ltr'>nonfuit,</span> <span class='ocrx_word' id='word_1_223' title='bbox 1436 2428 1537 2485; x_wconf 85' lang='lat' dir='ltr'>quia</span> <span class='ocrx_word' id='word_1_224' title='bbox 1566 2442 1682 2474; x_wconf 89' lang='lat' dir='ltr'>mur·-</span> 
     </span>
     <span class='ocr_line' id='line_1_30' title="bbox 109 2504 1683 2563; baseline 0.003 -15"><span class='ocrx_word' id='word_1_225' title='bbox 109 2509 207 2549; x_wconf 84' lang='lat' dir='ltr'>mur</span> <span class='ocrx_word' id='word_1_226' title='bbox 243 2504 392 2562; x_wconf 91' lang='lat' dir='ltr'>populi</span> <span class='ocrx_word' id='word_1_227' title='bbox 430 2504 631 2549; x_wconf 88' lang='lat' dir='ltr'>adversus</span> <span class='ocrx_word' id='word_1_228' title='bbox 661 2505 1010 2549; x_wconf 88' lang='lat' dir='ltr'>incontinentiam</span> <span class='ocrx_word' id='word_1_229' title='bbox 1050 2504 1300 2549; x_wconf 90' lang='lat' dir='ltr'>clericorum</span> <span class='ocrx_word' id='word_1_230' title='bbox 1338 2506 1500 2563; x_wconf 85' lang='lat' dir='ltr'>passim</span> <span class='ocrx_word' id='word_1_231' title='bbox 1530 2507 1683 2552; x_wconf 87' lang='lat' dir='ltr'>crescit</span> 
     </span>
     <span class='ocr_line' id='line_1_31' title="bbox 111 2581 1681 2640; baseline 0.003 -14"><span class='ocrx_word' id='word_1_232' title='bbox 111 2595 161 2627; x_wconf 85' lang='lat' dir='ltr'>ac</span> <span class='ocrx_word' id='word_1_233' title='bbox 190 2581 405 2637; x_wconf 88' lang='lat' dir='ltr'>dilatatur,</span> <span class='ocrx_word' id='word_1_234' title='bbox 438 2582 542 2626; x_wconf 89' lang='lat' dir='ltr'>utile</span> <span class='ocrx_word' id='word_1_235' title='bbox 572 2582 711 2626; x_wconf 87' lang='lat' dir='ltr'>visum</span> <span class='ocrx_word' id='word_1_236' title='bbox 741 2583 842 2626; x_wconf 85' lang='lat' dir='ltr'>fuit:</span> <span class='ocrx_word' id='word_1_237' title='bbox 882 2585 930 2625; x_wconf 90' lang='lat' dir='ltr'>ut</span> <span class='ocrx_word' id='word_1_238' title='bbox 962 2595 1012 2625; x_wconf 91' lang='lat' dir='ltr'>ea</span> <span class='ocrx_word' id='word_1_239' title='bbox 1041 2594 1126 2638; x_wconf 88' lang='lat' dir='ltr'>qua</span> <span class='ocrx_word' id='word_1_240' title='bbox 1156 2582 1318 2627; x_wconf 88' lang='lat' dir='ltr'>debetis</span> <span class='ocrx_word' id='word_1_241' title='bbox 1350 2583 1571 2640; x_wconf 86' lang='lat' dir='ltr'>diligentia</span> <span class='ocrx_word' id='word_1_242' title='bbox 1600 2586 1681 2630; x_wconf 92' lang='lat' dir='ltr'>mi-</span> 
     </span>
     <span class='ocr_line' id='line_1_32' title="bbox 109 2659 1680 2720; baseline 0.003 -16"><span class='ocrx_word' id='word_1_243' title='bbox 109 2660 265 2704; x_wconf 88' lang='lat' dir='ltr'>nistros</span> <span class='ocrx_word' id='word_1_244' title='bbox 312 2659 458 2704; x_wconf 88' lang='lat' dir='ltr'>altaris</span> <span class='ocrx_word' id='word_1_245' title='bbox 497 2660 725 2704; x_wconf 86' lang='lat' dir='ltr'>secundum</span> <span class='ocrx_word' id='word_1_246' title='bbox 764 2663 923 2704; x_wconf 87' lang='lat' dir='ltr'>statuta</span> <span class='ocrx_word' id='word_1_247' title='bbox 960 2673 1168 2704; x_wconf 83' lang='lat' dir='ltr'>canonum</span> <span class='ocrx_word' id='word_1_248' title='bbox 1207 2661 1350 2707; x_wconf 88' lang='lat' dir='ltr'>vivere</span> <span class='ocrx_word' id='word_1_249' title='bbox 1394 2666 1521 2720; x_wconf 89' lang='lat' dir='ltr'>atque</span> <span class='ocrx_word' id='word_1_250' title='bbox 1557 2677 1680 2708; x_wconf 91' lang='lat' dir='ltr'>mun-</span> 
     </span>
     <span class='ocr_line' id='line_1_33' title="bbox 111 2737 1679 2796; baseline 0.002 -14"><span class='ocrx_word' id='word_1_251' title='bbox 111 2737 266 2782; x_wconf 90' lang='lat' dir='ltr'>diciam</span> <span class='ocrx_word' id='word_1_252' title='bbox 311 2738 539 2793; x_wconf 85' lang='lat' dir='ltr'>castitatis,</span> <span class='ocrx_word' id='word_1_253' title='bbox 588 2738 678 2783; x_wconf 90' lang='lat' dir='ltr'>sine</span> <span class='ocrx_word' id='word_1_254' title='bbox 726 2752 809 2795; x_wconf 92' lang='lat' dir='ltr'>qua</span> <span class='ocrx_word' id='word_1_255' title='bbox 854 2741 962 2782; x_wconf 87' lang='lat' dir='ltr'>teste</span> <span class='ocrx_word' id='word_1_256' title='bbox 1010 2737 1198 2795; x_wconf 89' lang='lat' dir='ltr'>apostolo</span> <span class='ocrx_word' id='word_1_257' title='bbox 1247 2738 1416 2796; x_wconf 87' lang='lat' dir='ltr'>placere</span> <span class='ocrx_word' id='word_1_258' title='bbox 1458 2740 1549 2785; x_wconf 92' lang='lat' dir='ltr'>Deo</span> <span class='ocrx_word' id='word_1_259' title='bbox 1594 2755 1679 2785; x_wconf 90' lang='lat' dir='ltr'>non</span> 
     </span>
     <span class='ocr_line' id='line_1_34' title="bbox 110 2815 1680 2874; baseline 0.003 -15"><span class='ocrx_word' id='word_1_260' title='bbox 110 2819 300 2873; x_wconf 88' lang='lat' dir='ltr'>possunt,</span> <span class='ocrx_word' id='word_1_261' title='bbox 331 2815 758 2873; x_wconf 85' lang='lat' dir='ltr'>irreprehensibiliter</span> <span class='ocrx_word' id='word_1_262' title='bbox 789 2816 1000 2860; x_wconf 89' lang='lat' dir='ltr'>custodire</span> <span class='ocrx_word' id='word_1_263' title='bbox 1030 2817 1352 2871; x_wconf 82' lang='lat' dir='ltr'>commoneatis3</span> <span class='ocrx_word' id='word_1_264' title='bbox 1391 2821 1596 2874; x_wconf 87' lang='lat' dir='ltr'>quatenus</span> <span class='ocrx_word' id='word_1_265' title='bbox 1628 2818 1680 2864; x_wconf 91' lang='lat' dir='ltr'>de</span> 
     </span>
    </p>
   </div>
   <div class='ocr_carea' id='block_1_3' title="bbox 206 2916 1304 2953">
    <p class='ocr_par' dir='ltr' id='par_1_6' title="bbox 206 2916 1304 2953">
     <span class='ocr_line' id='line_1_35' title="bbox 206 2916 1304 2953; baseline 0.002 -7"><span class='ocrx_word' id='word_1_266' title='bbox 206 2926 231 2946; x_wconf 86' lang='lat' dir='ltr'>a.</span> <span class='ocrx_word' id='word_1_267' title='bbox 264 2916 402 2947; x_wconf 84' lang='lat' dir='ltr'>fecerunt</span> <span class='ocrx_word' id='word_1_268' title='bbox 423 2926 505 2947; x_wconf 82' lang='lat' dir='ltr'>corr.</span> <span class='ocrx_word' id='word_1_269' title='bbox 527 2916 561 2947; x_wconf 84' lang='lat' dir='ltr'>in</span> <span class='ocrx_word' id='word_1_270' title='bbox 581 2917 696 2948; x_wconf 82' lang='lat' dir='ltr'>faciunt</span> <span class='ocrx_word' id='word_1_271' title='bbox 718 2918 756 2953; x_wconf 78' lang='lat' dir='ltr'>V‚·</span> <span class='ocrx_word' id='word_1_272' title='bbox 778 2917 893 2947; x_wconf 84' lang='lat' dir='ltr'>faciunt</span> <span class='ocrx_word' id='word_1_273' title='bbox 914 2917 949 2947; x_wconf 88' lang='grc' dir='ltr'>Ζ.</span> <span class='ocrx_word' id='word_1_274' title='bbox 1074 2917 1104 2947; x_wconf 92' lang='lat' dir='ltr'>b.</span> <span class='ocrx_word' id='word_1_275' title='bbox 1136 2917 1256 2948; x_wconf 80' lang='lat' dir='ltr'>ordinat</span> <span class='ocrx_word' id='word_1_276' title='bbox 1274 2918 1304 2949; x_wconf 77' lang='lat' dir='ltr'>V.</span> 
     </span>
    </p>
   </div>
   <div class='ocr_carea' id='block_1_4' title="bbox 208 2980 460 3026">
    <p class='ocr_par' dir='ltr' id='par_1_7' title="bbox 208 2980 460 3026">
     <span class='ocr_line' id='line_1_36' title="bbox 208 2980 460 3026; baseline 0 -11"><span class='ocrx_word' id='word_1_277' title='bbox 208 2981 240 3016; x_wconf 90' lang='lat'>1.</span> <span class='ocrx_word' id='word_1_278' title='bbox 266 2980 325 3016; x_wconf 89' lang='lat' dir='ltr'>Ps.</span> <span class='ocrx_word' id='word_1_279' title='bbox 345 2980 401 3026; x_wconf 88' lang='lat'>13,</span> <span class='ocrx_word' id='word_1_280' title='bbox 426 2981 460 3017; x_wconf 88' lang='lat'>3.</span> 
     </span>
    </p>
   </div>
  </div>
 </body>
</html>
