2028 3438
687 240 910 273 nmmum
940 239 1110 272 connx.
1156 238 1205 271 44
1674 227 1731 271 95

125 348 126 352 ’
155 344 547 404 Wirnebmgensi·¹
577 350 621 392 dt
647 344 866 403 Metensi²,
906 346 967 391 ibi
996 346 1170 403 inquam
1207 359 1320 404 papa
1349 332 1491 403 ipsum
1524 346 1731 404 archiepi-

151 423 333 484 scopum
363 424 552 482 aliosque
569 428 781 470 nostr-ates
802 424 983 468 terribili
1003 424 1283 468 obtestatione
1308 424 1525 467 convenit:
1557 427 1618 479 ut,
1651 437 1731 480 que

98 532 102 534 —
132 503 217 548 ‘de'
231 502 579 559 ,Babenbergensi
607 516 706 548 vere
737 502 820 547 sibi
851 505 1069 560 comperta
1099 505 1252 557 essent,
1285 501 1510 545 edicerent.
1623 501 1731 545 Tum

156 581 519 639 archiepiscopus,
559 594 655 625 cum
697 581 749 625 ab
780 579 974 624 omnibus
1013 579 1125 623 ultro
1165 579 1353 635 citroque
1384 579 1566 622 fuissent
1595 579 1731 622 venti-

154 657 256 716 hta,
275 658 388 704 'vere'
425 662 486 703 et⁴
507 658 666 716 absque
704 658 820 702 omni
859 657 1146 702 controversia
1183 671 1280 701 eum
1310 657 1602 713 symoniacum
1633 670 1732 714 pro-

152 734 373 781 nunciavit
410 736 457 780 in
493 740 682 792 tantum,
720 740 769 780 ut
808 736 1012 792 grandem
1044 749 1145 779 suae
1175 731 1334 792 ipsius³
1371 735 1575 791 pecuniae
1611 734 1657 778 in
1687 734 1732 777 id

152 812 319 859 facinus
349 826 581 872 expensam
613 814 782 858 diceret.
904 813 1109 857 Omnibus
1147 813 1220 869 qui
1261 812 1438 856 aderant
1475 813 1617 870 ipsum
1647 826 1731 856 uno

154 900 231 937 ore
267 892 644 949 succlamantibus,
684 893 747 936 ita
784 891 1005 946 negocium
1045 889 1271 934 diffinitum
1311 894 1395 934 est:
1443 893 1510 946 ut,
1557 890 1594 933 si
1639 890 1731 947 ipse

154 974 300 1015 noster
327 970 505 1015 Romam
536 970 790 1028 perveniret,
821 969 882 1012 ibi
913 982 1014 1012 suae
1035 981 1187 1012 causae
1214 968 1473 1012 sentenciam
1495 968 1729 1025 exciperet3

153 1044 223 1092 sin
239 1063 244 1066 ·
261 1058 362 1093 vero
395 1049 668 1104 retrogradus
705 1047 846 1103 fieret,
893 1050 984 1090 tum
1025 1046 1365 1103 archiepiscopus
1406 1059 1457 1089 ex
1504 1049 1731 1103 praecepto

153 1125 301 1170 domni
337 1136 476 1184 papae
514 1126 625 1171 clero
665 1125 906 1183 populoque
942 1123 1308 1179 Babenbergensib
1345 1124 1638 1179 denunciaret,
1677 1136 1732 1167 ne

151 1201 290 1249 ullam
310 1203 408 1249 ‘sibi
437 1204 721 1251 obedientiam
752 1205 899 1260 utpote
931 1202 1161 1259 dampnato
1200 1201 1449 1245 exhiberent
1480 1215 1731 1258 omnemque

154 1281 248 1326 eius
285 1283 625 1327 communionem
664 1285 707 1326 et
743 1281 1028 1335 consorcium,
1068 1283 1116 1323 ut
1153 1279 1278 1336 plane
1317 1280 1570 1337 symoniaci,
1603 1279 1731 1323 decli-

155 1361 336 1404 natent.>
440 1359 584 1417 Atque
614 1359 692 1403 hec
721 1357 880 1402 Romae
912 1361 1007 1402 acta
1037 1361 1148 1401 sunt.

276 1437 444 1482 Interea
480 1441 624 1481 noster
661 1450 758 1481 cum
794 1435 949 1479 fiducia
987 1435 1206 1479 cuiusdam
1243 1435 1535 1479 intercessoris
1576 1435 1641 1478 sui
1673 1458 1730 1464 —

157 1527 282 1573 quem
311 1515 475 1572 ingenti
503 1514 683 1571 pecunia
712 1502 952 1558 redemerat
972 1526 1179 1570 quemque
1200 1513 1378 1556 infinitis
1399 1514 1612 1556 variarum
1636 1526 1731 1570 spe-

150 1591 316 1638 'cierum
347 1593 496 1652 opibus
529 1592 583 1636 ad
614 1591 845 1649 explendos
876 1591 1090 1635 Romanae
1129 1590 1374 1648 cupiditatis
1413 1591 1577 1635 hiatus⁶
1609 1604 1732 1648 prae-

156 1672 334 1716 miserat
353 1695 408 1702 —-
433 1671 533 1714 dum
563 1669 678 1714 illius
698 1670 871 1727 inquam
893 1669 1047 1713 fiducia
1076 1669 1250 1727 propius
1271 1669 1450 1712 Romam
1471 1669 1731 1723 accessisset,

155 1749 218 1794 ita
246 1753 296 1799 ut
321 1750 395 1793 vix
425 1749 543 1793 bidui
571 1748 654 1792 iter
683 1747 901 1803 restaretd,
932 1747 1005 1803 ibi,
1038 1747 1151 1790 tristi
1182 1748 1336 1791 nuncio
1367 1748 1430 1790 rei
1460 1750 1604 1802 gestae
1636 1761 1728 1804 per-

157 1828 320 1884 culsus,
359 1827 560 1871 substitit.
682 1826 853 1870 Fratres
885 1839 1006 1880 vero,
1047 1825 1119 1880 qui
1150 1839 1242 1868 cum
1285 1839 1333 1869 eo
1367 1828 1571 1868 venerant
1611 1824 1733 1881 quasi

156 1909 287 1951 testes
316 1904 583 1949 innocentiae
612 1905 747 1962 ipsius
771 1903 952 1958 astituri,
983 1902 1160 1946 Romam
1190 1903 1417 1960 progressi,
1450 1917 1546 1946 cum
1565 1902 1731 1946 litteras

155 1984 338 2028 fratrum
374 1996 513 2041 papae
545 1982 816 2037 obtulissent,
856 1984 955 2038 post
990 1980 1147 2038 multa,
1189 1995 1295 2038 quae
1325 1981 1499 2036 longum
1536 1984 1601 2024 est
1635 1994 1732 2038 per-

157 2062 313 2118 sequi·,
350 2061 396 2105 id
432 2061 602 2104 demum
641 2059 712 2103 abr
744 2073 791 2103 eo
830 2059 1076 2102 mandatum
1119 2072 1339 2116 accepere:
1379 2062 1445 2114 ut,
1488 2059 1523 2102 si
1554 2059 1647 2116 ipse
1677 2059 1733 2102 ad

157 2139 471 2197 suscipiendam
503 2139 757 2182 sententiam
776 2137 934 2181 Romae
956 2150 1000 2181 se
1020 2151 1104 2180 non
1126 2140 1429 2194 praesentaret,
1461 2138 1613 2180 fratres
1635 2150 1731 2180 eum

158 2217 329 2261 omnino
361 2216 770 2261 excommunicatum
801 2215 960 2259 scirent
990 2219 1115 2272 atque
1148 2216 1199 2259 ab
1222 2215 1337 2258 omni
1358 2214 1447 2258 eius
1469 2215 1731 2270 contagione,

157 2295 242 2339 nisi
279 2308 422 2339 secum
459 2295 600 2351 perire
638 2293 834 2349 mallent,
883 2296 1197 2350 praecaverent.
1319 2291 1428 2347 Hec,
1474 2295 1522 2335 ut
1567 2292 1731 2336 executi

158 2387 318 2429 sumus,
349 2376 456 2417 teste
486 2373 582 2430 ipsa
612 2372 790 2416 veritate
821 2372 882 2415 ita
914 2371 1027 2415 domi
1057 2371 1243 2426 forisque
1275 2373 1395 2425 gesta
1427 2373 1537 2413 sunt.

279 2450 387 2503 Quid
427 2464 526 2506 ergo
566 2451 635 2494 hic
675 2464 700 2494 a
736 2450 859 2494 nobis
897 2449 1070 2493 abusive
1114 2449 1273 2491 factum
1315 2448 1537 2504 quisquam
1577 2447 1730 2504 proba-

158 2529 294 2574 verit?
348 2529 457 2581 Quid
494 2529 667 2584 inquam
707 2528 775 2571 hic
812 2527 993 2582 factum,
1044 2526 1155 2582 quod
1193 2526 1380 2581 religiosi
1418 2528 1460 2569 et
1499 2526 1610 2569 servi
1649 2525 1731 2569 Dei

159 2610 380 2664 tantopere
416 2606 564 2650 mirari
604 2609 645 2650 et
675 2619 759 2649 non
791 2606 926 2660 magis
959 2618 1224 2661 summopere
1262 2603 1486 2647 lamentari
1525 2603 1731 2647 debeant?

159 2683 268 2728 Nam
307 2684 409 2741 quid
443 2683 733 2727 taciturnitate
772 2686 918 2726 nostra
955 2681 1172 2725 decennali
1210 2681 1473 2738 pacientius?
1520 2685 1593 2724 aut
1631 2680 1733 2737 quid

159 2762 332 2806 tandem
353 2762 619 2818 suggestione
639 2765 798 2816 nostra,
827 2773 939 2816 rquae
969 2759 1155 2803 lacrimis
1186 2759 1494 2815 gemitibusque
1517 2759 1733 2802 insinuata

254 2891 281 2912 a.
308 2881 536 2919 wirzburgensi
559 2881 593 2911 Z.
678 2881 707 2911 b.
740 2891 796 2911 om.
815 2881 845 2910 V.
938 2889 964 2909 c.
996 2879 1106 2917 hyatus
1125 2879 1182 2909 VZ.
1277 2879 1306 2908 d.
1339 2880 1454 2909 restare
1480 2877 1511 2909 C.
1602 2888 1628 2907 e.
1662 2887 1731 2916 pro-

161 2935 248 2974 sequi
267 2934 297 2965 V.
422 2934 444 2964 f.
475 2944 532 2965 om.
547 2935 604 2965 VZ.

258 3005 290 3040 1.
316 3003 560 3040 Adalberone.
682 3005 715 3039 2.
742 3003 963 3038 Hermanno.
1084 3003 1117 3037 3.
1144 2999 1319 3047 sigifridi.

1771 356 1862 393 1075

1754 406 1826 445 Apr.
1841 407 1879 436 12

1754 2472 1779 2493 o.
1795 2463 1866 2493 Mai.
