2028 3438
372 271 457 314 194
783 328 786 332 Ι
883 282 1103 315 nmmum
1134 282 1302 315 oonnx.
1354 281 1421 315 los

376 388 490 434 108.
518 390 671 432 Petrus
712 391 932 446 episcopus
970 390 1206 432 Patavinae
1253 390 1456 432 Heinrico
1485 388 1560 432 IV
1595 390 1844 446 imperatori
1878 389 1930 431 de

516 466 733 508 miraculis
764 467 822 508 ad
842 464 1055 509 Clementis
1078 466 1161 509 III
1185 469 1416 523 antipapae
1446 466 1682 523 sepulcrum
1711 467 1832 518 editis
1853 480 1928 508 rre-

514 543 609 598 fert
616 548 630 564 ⁸
644 539 666 584 ¹.
1747 541 1809 596 (E
1816 561 1821 579 ι’
1828 542 1879 585 17
1885 541 1928 596 3)

147 633 350 669 1101-1102
488 623 712 667 Heinricob
734 623 913 679 glorioso
942 624 1210 681 imperatori⁶
1231 624 1413 678 P(etrus)
1435 624 1687 668 Patavinus‘¹
1710 624 1930 686 episcopus

370 688 661 744 fidelissimum
693 701 928 744 servicium.
1640 710 1645 712 “
1904 694 1908 698 ’

488 777 573 833 Ea,
616 791 694 833 que
732 777 911 821 libenter
942 791 1016 820 vos
1057 777 1265 820 credimus
1307 778 1451 821 audire
1490 781 1531 821 et
1567 777 1796 835 plurimum
1833 777 1931 822 inde

371 855 572 910 gaudere,
610 868 716 910 quae
748 855 874 897 etiam
906 854 1059 910 ubique
1091 858 1188 897 sunt
1218 854 1519 910 praedicanda,
1561 843 1676 898 vobis
1709 854 1928 898 mittimus.

371 931 485 982 Quae
511 931 706 975 videlicet
735 945 787 974 ex
819 931 1012 988 plurimis
1043 931 1271 986 miraculis,
1305 945 1411 987 quae
1442 932 1584 975 divina
1605 931 1826 976 clementia
1855 945 1932 989 per

371 1009 524 1052 merita
552 1008 686 1052 felicis
718 1009 944 1051 memoriae
975 1008 1133 1051 domini
1164 1009 1297 1051 nostri
1329 1008 1554 1052 Clementis
1584 1022 1720 1066 papae
1759 1008 1812 1052 ad
1844 1008 1932 1052 eius

373 1085 611 1143 sepulcrum
643 1089 707 1128 est
737 1089 922 1141 operata,
956 1098 981 1128 a
1011 1085 1193 1129 Iohanne
1224 1085 1515 1129 Castellanae-
1524 1085 1706 1130 civitatis
1736 1085 1932 1171 episeopo

372 1163 637 1217 transmissa,
670 1162 723 1205 ad
754 1176 831 1205 nos
862 1175 994 1217 usque
1026 1166 1123 1205 sunt
1154 1163 1327 1219 perlata.

492 1239 669 1290 Quidam
691 1239 860 1281 nomine
880 1238 1043 1294 PetruS‚
1067 1240 1250 1282 eiusdem
1275 1240 1460 1296 episcopi
1479 1239 1674 1295 famulus,
1703 1239 1749 1282 in
1769 1234 1932 1282 tantum

374 1317 522 1360 ductus
562 1320 644 1359 est⁰
685 1316 900 1359 oculorum
932 1316 1138 1371 dolorem,
1175 1320 1222 1359 ut
1251 1317 1419 1373 penitus
1451 1316 1664 1360 amitteret
1692 1316 1855 1370 lumen3
1892 1319 1935 1359 et

374 1407 449 1450 per
481 1394 670 1450 spacium
701 1393 831 1436 trium
863 1393 1188 1436 ebdomadarum
1219 1394 1386 1449 penitus
1408 1407 1528 1437 cecus
1548 1394 1791 1450 permansit.
1839 1392 1933 1448 Qui,

374 1470 522 1513 ductus
563 1471 616 1512 ad
651 1470 887 1526 sepulcrum
928 1470 1071 1513 domni
1105 1483 1261 1527 papae,
1303 1484 1348 1513 se
1378 1471 1437 1514 ibi
1466 1471 1511 1514 in
1542 1471 1771 1514 orationem
1805 1469 1931 1513 dedit.

373 1547 468 1590 Non
498 1547 630 1590 multo
671 1550 768 1603 post
806 1547 976 1601 sanguis
1017 1547 1068 1590 ab
1109 1548 1196 1590 eius
1229 1547 1573 1602 oculiseffluxit;
1613 1551 1656 1591 et
1692 1548 1754 1591 ita
1791 1547 1935 1591 lumen

374 1625 547 1681 recepit.

493 1701 671 1752 Quidam
710 1701 910 1756 diaconus
948 1701 1115 1743 nomine
1155 1701 1417 1744 Crescentius
1462 1702 1581 1759 lepra
1620 1699 1811 1745 horribili
1847 1703 1934 1744 toto

376 1778 568 1835 corpores
614 1762 829 1835 perfusus,
878 1791 1001 1820 orans
1049 1778 1101 1820 ad
1147 1778 1354 1820 tumulum
1400 1778 1512 1822 beati
1551 1779 1652 1834 viri,
1697 1779 1832 1822 factus
1872 1781 1936 1821 est
1990 1787 1996 1790 ·

377 1869 517 1898 sanus.

496 1932 744 1975 eomitissa*
773 1932 905 1988 ipsius
928 1931 1108 1974 civitatis
1141 1936 1182 1975 et
1203 1933 1372 1987 quidam
1403 1932 1602 1989 puerulus
1624 1932 1810 1975 eiusdem
1839 1930 1934 1986 loci,

379 2010 593 2065 quartanis
624 2009 809 2052 febribus
840 2022 917 2064 per
949 2022 1150 2052 annorum
1184 2009 1359 2052 duorum
1393 2010 1535 2066 spacia
1554 2010 1709 2065 vexati,
1740 2022 1816 2095 per
1844 2018 1934 2052 me-

377 2087 460 2129 rita
491 2086 626 2129 sancti
656 2085 883 2128 Clementis
916 2099 1050 2142 papae
1083 2090 1179 2129 sunt
1209 2086 1388 2130 liberati.

498 2163 571 2206 Vir
594 2162 763 2218 quidam
784 2163 952 2205 nomine
973 2162 1094 2206 Wido
1116 2177 1210 2207 cum
1231 2177 1362 2207 uxore
1384 2177 1472 2218 sua⁷
1499 2163 1673 2220 perditis
1692 2162 1934 2218 luminibus,
1993 2150 2002 2152 ζ

378 2254 455 2297 per
485 2241 637 2283 merita
668 2240 803 2282 sancti
833 2239 1136 2283 illuminantur.

498 2317 675 2368 Quidam
706 2318 875 2361 nomine
902 2318 1063 2372 Petrus,
1095 2331 1171 2373 per
1202 2330 1332 2359 annos
1362 2320 1447 2360 tres
1478 2331 1679 2360 manuum
1711 2319 1752 2360 et
1781 2316 1933 2373 pedum

379 2393 527 2437 officiis
558 2395 749 2450 perditis,
781 2395 943 2438 delatus
977 2395 1029 2438 ad
1057 2394 1294 2450 sepulcrum
1315 2394 1463 2449 sancti,
1497 2394 1641 2438 statim
1673 2393 1841 2437 effectus
1874 2395 1937 2436 est

381 2484 519 2514 sanus.

474 2562 500 2583 a.
534 2564 572 2583 cx
590 2554 616 2583 V
635 2554 807 2591 ‹nv—82,
835 2554 1117 2594 Zp.169——171.·
1144 2554 1195 2584 De
1220 2554 1420 2583 miraculis
1442 2554 1607 2583 wiberti
1630 2552 1784 2590 (wicberti
1804 2552 1843 2591 V)
1871 2562 1936 2592 pa—

380 2615 465 2645 pae,
494 2606 557 2644 qui
586 2607 623 2635 et
653 2606 834 2637 Clemens.
940 2608 969 2637 b.
1002 2608 1037 2637 H.
1061 2607 1095 2638 Z.
1190 2616 1215 2637 c.
1248 2617 1304 2637 om.
1323 2607 1352 2637 V.
1450 2607 1480 2636 d.
1511 2606 1732 2648 PictavinusV.
1831 2615 1857 2637 c.
1890 2607 1937 2636 est

381 2668 436 2688 om.
455 2659 485 2688 V.
590 2659 610 2688 f.
642 2661 762 2698 corpori
781 2661 810 2689 V.
916 2669 944 2698 g.
977 2661 1138 2690 cometissa
1160 2660 1194 2690 Z.

477 2717 509 2750 1.
535 2714 589 2751 Cf.
608 2716 768 2751 Annales
794 2716 830 2752 S.
850 2717 1017 2753 Disibodi
1049 2718 1164 2760 (Mon.
1183 2716 1303 2752 Germ.
1323 2715 1386 2751 SS.
1404 2716 1510 2752 XVII
1536 2717 1594 2758 17)
1623 2716 1731 2751 1099:
1766 2716 1937 2761 „Interea

381 2773 610 2819 Wigbertus,
651 2775 837 2810 Romanae
869 2779 906 2810 et
937 2777 1157 2821 apostolicae
1195 2775 1291 2810 sedis
1322 2775 1485 2819 invasor,
1525 2776 1686 2810 moritur.
1713 2794 1756 2800 —-
1766 2743 1936 2816 nQuidam

383 2835 503 2867 autem
531 2832 576 2867 de
601 2826 802 2868 fautoribus
828 2834 905 2870 eius
930 2844 1110 2870 rumorem
1131 2837 1342 2880 sparserunt
1365 2834 1402 2868 in
1426 2834 1610 2879 populum,
1637 2833 1684 2868 ad
1708 2833 1936 2878 sepulchrum

383 2891 460 2926 eius
485 2901 523 2926 se
541 2890 677 2926 vidisse
695 2891 818 2927 divina
843 2893 1012 2928 micuisse
1036 2893 1236 2928 luminaria.
1275 2893 1500 2937 Quapropter
1524 2891 1690 2927 dominus
1715 2891 1936 2937 apostolicus

381 2949 583 2995 Paschalis,
608 2950 685 2985 zelo
710 2950 779 2985 Dei
802 2950 1065 2997 infiammatus,
1090 2952 1211 2997 iussit,
1236 2954 1278 2987 ut
1304 2951 1522 2987 effoderetur
1547 2953 1583 2985 et
1608 2950 1644 2985 in
1667 2950 1840 2996 Tyberim
1864 2950 1936 2986 iac—

381 3011 530 3044 taretur.
570 3008 673 3051 Quod
698 3011 735 3044 et
759 3008 894 3044 factum
921 3010 1012 3045 est“.
