2028 3438
595 244 817 277 nmmum
848 244 1018 276 connx.
1066 242 1124 277 43.
1142 242 1191 276 44
1625 232 1681 275 93

110 371 115 376 ·
138 363 240 396 ³2²3
257 370 300 395 ,ι’
315 383 326 395 .
345 385 356 395 .
374 384 385 394 .
416 351 691 407 invocaverit,
721 352 815 409 ipse
834 351 940 395 mihi
961 351 1226 407 quantocius,
1258 350 1340 395 Dei
1365 353 1408 394 et
1427 352 1569 394 vestro
1592 351 1682 407 opi-

106 427 276 473 t‘uh‘nte?
306 427 528 485 suffragio,
559 428 806 483 consulam3
854 442 908 472 ne
949 429 1108 472 diutius
1146 431 1296 472 contra
1332 442 1400 471 me
1431 427 1682 472 ⁴emulorum

106 503 307 550 meeum
323 510 545 562 grassetur
575 507 738 550 invidia
765 511 851 550 nec
873 519 969 550 mea
998 506 1085 550 iam
1107 506 1223 550 ultra
1241 506 1405 550 laboret
1423 506 1676 549 innocentia.

124 582 146 620 ‘.
175 607 178 610 ·
226 583 504 642 Omnipotens
542 583 659 628 Deus
697 583 982 642 apostolatum
1022 586 1209 627 vestrum
1248 584 1301 627 ad
1342 583 1543 627 ecclesiae
1582 596 1682 626 suae

104 661 390 706 defensionem
431 661 564 706 multo
603 675 680 707 evo
712 662 941 718 custodiat,
981 661 1151 705 domine
1182 665 1326 706 sancte
1359 675 1409 705 ac
1437 661 1681 705 beatissime

105 742 241 797 pater,

105 881 202 929 44.-
221 883 552 941 Bamberqemee
582 884 635 927 Ε.
669 886 884 941 episcopo,
926 885 1002 940 qui
1029 898 1110 941 pro
1142 883 1405 926 Hermanno
1428 883 1460 925 I
1484 885 1681 940 episcopo

223 976 267 1005 ee
295 963 615 1020 interposuerat,
646 962 917 1005 rescribunff.
1501 959 1553 1012 (E
1579 960 1680 1013 141)

223 1050 580 1095 Reverentissimo
613 1051 810 1108 episcopo
843 1053 884 1094 et
914 1050 958 1093 in
980 1049 1139 1093 Christi
1162 1049 1365 1094 membris
1397 1049 1520 1093 valde
1550 1049 1682 1092 hono-

102 1128 237 1174 rando
267 1128 318 1173 E.
333 1126 343 1146 ¹
372 1132 464 1173 tota
492 1128 856 1184 Babenbergensis
892 1128 1161 1183 congregatio
1193 1127 1510 1171 devotissimam
1550 1127 1681 1170 servi-

103 1209 240 1253 tutem
270 1206 366 1251 cum
395 1210 604 1264 perpetua
634 1207 874 1251 orationum
905 1205 1156 1250 constantia.

225 1283 445 1342 Susceptis
461 1284 615 1328 litteris
632 1285 869 1328 sanctitatis
891 1286 1070 1338 vestrae,
1094 1282 1245 1339 quibus
1262 1283 1451 1327 animum
1467 1282 1680 1326 vestrumb

103 1362 225 1418 gravi
253 1362 550 1408 ammiratione
581 1362 742 1420 pulsari
773 1362 927 1417 dicitis,
961 1361 1073 1418 quod
1103 1374 1193 1404 rem
1227 1363 1392 1404 tantam
1424 1363 1466 1404 et
1496 1364 1582 1404 tam
1615 1361 1681 1403 in-

102 1439 307 1484 usitatam
337 1441 505 1498 privata
536 1441 656 1497 quasi
688 1441 926 1484 temeritate
945 1439 1322 1497 praesumpsimuS,
1356 1439 1526 1482 omnino
1555 1437 1681 1482 intel-

101 1517 306 1563 leximus:
345 1521 483 1562 totum
521 1518 684 1574 negocii
724 1522 914 1578 tenorem
953 1517 1078 1573 longe
1118 1516 1241 1560 aliter
1272 1516 1413 1571 vobis,
1454 1530 1580 1572 quam
1611 1529 1680 1559 res

103 1599 228 1652 esset,
259 1596 507 1641 innotuisse.
555 1595 688 1648 Quam
721 1596 774 1640 ob
804 1610 909 1651 rem,
941 1598 990 1639 ut
1021 1598 1063 1639 et
1092 1594 1342 1651 disciplinae
1373 1594 1681 1638 ecclesiasticae

100 1674 217 1732 apud
245 1681 348 1718 nos⁸
378 1674 546 1719 illibata
583 1674 807 1730 integritas
845 1678 887 1718 et
916 1674 1052 1718 tocius
1091 1673 1270 1716 actionis
1300 1672 1479 1727 veritas,
1517 1675 1682 1716 remota

102 1752 219 1801 0111111
262 1751 462 1796 falsitatis
501 1752 677 1808 nebula,
717 1752 946 1807 elucescat,
984 1765 1075 1795 rem
1116 1754 1300 1806 gestam,
1342 1753 1548 1806 quantum
1589 1750 1680 1807 epi-

102 1830 273 1874 stolaris
302 1830 453 1874 modus
483 1831 667 1887 patitur,
702 1829 909 1874 breviterd
940 1829 1060 1873 vobis
1092 1829 1331 1886 exprimere
1361 1828 1676 1885 temptabimus.

222 1907 329 1952 Cum
359 1921 437 1965 pro
469 1921 670 1966 persona,
709 1908 760 1951 de
793 1915 898 1964 qua⁰
930 1908 1084 1962 agitur,
1117 1906 1253 1950 diram
1284 1906 1506 1949 infamiam
1539 1919 1679 1962 symo-

101 1986 248 2031 niacae
284 1985 479 2030 hereseos
520 1986 883 2042 execrabilemque
922 1985 1210 2029 confusionem
1244 1983 1551 2027 evidentissimi
1581 1997 1678 2039 per-

100 2063 220 2108 iurii‘
250 2064 303 2108 ab
335 2064 451 2107 omni
481 2063 658 2108 ecclesia
695 2064 1018 2116 sustineremus;
1060 2066 1102 2106 et
1141 2076 1286 2106 omnes
1321 2062 1410 2105 fere
1440 2061 1571 2105 vestri
1611 2075 1677 2104 or-

102 2142 255 2198 dinis,-
289 2142 478 2199 episcopi
529 2141 690 2186 scilicet
744 2145 786 2185 et
833 2140 1160 2198 archiepiscopi,
1220 2139 1387 2197 publice
1439 2140 1533 2196 ipso
1579 2153 1678 2194 rege

101 2220 300 2264 audiente
346 2220 490 2268 omnia
534 2218 693 2263 Christi
739 2222 1004 2263 sacramenta
1054 2218 1270 2275 profanari
1322 2217 1592 2274 deplorarent
1638 2220 1680 2260 et

101 2297 309 2342 chiisma⁸
340 2311 574 2354 corpusque
596 2297 781 2359 Domini,
814 2297 926 2353 quod
957 2296 1050 2352 ipse
1081 2295 1330 2349 confecerat,
1363 2294 1479 2338 velut
1508 2295 1677 2338 inmun-

101 2375 234 2420 dicias
280 2373 590 2419 menstruatae²
636 2375 931 2430 exhorrerent,
980 2373 1135 2429 gradus
1184 2373 1309 2416 etiam
1357 2372 1676 2428 ecclesiasticos,

102 2466 207 2510 quos
237 2452 309 2496 ille
339 2452 609 2508 instituisset,
642 2453 880 2497 detestabili
911 2452 1107 2495 illusione
1138 2450 1408 2493 deumbratos
1441 2454 1679 2494 assererent

103 2554 159 2561 —
190 2530 350 2574 malum
382 2531 494 2574 enim
527 2531 733 2587 inscitiae,
767 2531 878 2587 quod
908 2531 952 2573 in
986 2543 1034 2573 eo
1067 2531 1270 2584 quantum
1311 2529 1368 2571 sit
1407 2542 1480 2571 vos
1519 2529 1677 2585 optime

100 2608 256 2664 nostis,
296 2608 350 2652 ad
386 2609 679 2653 inmanitatem
719 2609 918 2663 aliorum,
958 2607 1058 2650 licet
1094 2605 1380 2661 intolerabile,
1420 2605 1512 2649 leve
1552 2606 1677 2650 duce-

194 2725 222 2745 11.
255 2725 293 2746 cx
315 2715 343 2746 V
359 2716 525 2752 69-60,
556 2716 584 2746 Ζ
604 2726 637 2756 p.
653 2717 852 2752 101—103‚
887 2714 913 2745 C
932 2714 1095 2744 29-30:
1125 2712 1308 2752 Epistola
1335 2713 1486 2744 Babenb
1497 2713 1676 2751 ergensis

102 2767 274 2799 ecclesie
302 2768 347 2798 de
369 2768 603 2799 Herimanno
629 2769 674 2800 ad
695 2769 881 2809 quendam
908 2768 1146 2806 episcopum.
1219 2766 1248 2797 b.
1271 2767 1453 2797 nostrumV.
1528 2776 1554 2797 c.
1576 2775 1630 2796 vos
1645 2766 1675 2796 V.

101 2821 132 2852 d.
162 2821 249 2852 brevi
267 2820 324 2852 VZ.
409 2832 436 2852 e.
469 2831 529 2862 qua
551 2822 588 2853 de
615 2822 646 2853 C.
730 2823 751 2852 f.
784 2821 898 2861 periuri
918 2821 975 2851 VZ.
1059 2829 1087 2859 g.
1121 2820 1232 2851 crisma
1249 2820 1307 2851 VZ.

198 2886 230 2921 1.
255 2889 334 2921 tum
359 2883 508 2921 fuerunt
532 2886 694 2932 episcopi
720 2885 961 2921 Ellenhardus
987 2884 1242 2930 Frisiugensis,
1268 2884 1450 2920 Embrico*
1465 2884 1675 2929 Augusteu-

101 2944 163 2989 sis,
182 2944 391 2991 Egilbertus
407 2945 619 2991 mindensis,
638 2944 871 2981 Eberhardus
889 2943 1192 2989 Numburgensis.
1290 2945 1324 2980 2.
1349 2944 1432 2980 Isai.
1448 2944 1505 2988 30,
1524 2945 1588 2979 22:
1618 2946 1676 2988 „et

101 3003 290 3050 disperges
316 3014 361 3040 ea
386 3004 481 3040 sicut
505 3004 771 3041 immunditiam
800 3005 1046 3040 menstruatae
1052 3003 1082 3039 ⁴¹.

1745 361 1837 396 1075

1705 410 1768 440 Ian.
1779 409 1867 440 Febr.

1715 1057 1807 1093 1075

1705 1115 1730 1136 c.
1747 1106 1817 1136 Mai.
