2028 3438
375 221 445 263 *88
831 247 834 250 ·
879 232 1099 264 nonnum
1128 233 1295 265 oonnx.
1342 231 1399 266 41.
1418 231 1464 265 42

197 350 288 386 1075
313 350 361 386 in.
389 339 477 382 eius
509 337 625 382 dolos
658 343 699 382 et
730 339 917 394 insidias,
949 339 1207 396 perpendite,
1241 339 1420 395 qualiter
1450 353 1524 383 vos
1545 340 1726 384 doctoris
1756 341 1942 397 gentium

386 417 700 473 praemonuerit
715 417 953 460 auctoritas.
985 415 1198 468 Quomodo
1215 417 1325 461 enim
1342 430 1426 460 non
1441 429 1538 464 vere
1555 417 1819 474 praevideret
1826 427 1943 463 com-

387 492 541 536 missae
563 493 643 536 sibi
665 494 863 538 ecclesiae
887 493 1133 551 periculum,
1167 494 1238 549 qui
1258 494 1365 538 vidit
1388 494 1515 538 etiam
1537 495 1718 554 archana
1736 494 1818 539 Dei
1846 508 1943 552 rap-

387 572 455 612 tus
477 569 530 612 ad
553 571 727 614 tercium
753 568 963 614 caeIum'?
1011 570 1126 614 Dicit
1157 571 1315 614 enimv*
1343 572 1396 613 In
1426 574 1662 615 novissime
1691 570 1943 630 temporum

387 647 600 690 instabunt
630 657 815 705 tempora
830 649 1085 705 periculosa,
1121 657 1158 691 et
1178 656 1298 691 erunt
1319 648 1502 691 homines
1522 665 1565 691 se
1584 651 1699 706 ipsos
1719 646 1940 702 amanteq¹,

389 733 575 780 questum
599 727 798 782 pietatem
829 721 1133 768 existimante&
1155 727 1196 767 et
1217 727 1367 768 cetera.
1414 723 1491 768 His
1512 739 1597 769 non
1623 725 1679 769 ad
1698 725 1943 771 umbonem·

388 800 492 843 tiam
522 788 705 844 vestram
737 814 1022 845 ammonemus
1055 801 1334 863 dilectionem,
1366 801 1543 852 scientes
1566 802 1612 845 in
1638 803 1733 846 istis
1756 802 1872 846 velut
1894 802 1944 845 ‘in

389 876 483 920 aliis
521 880 702 921 vestram
740 878 1052 934 perfectionem.
1108 877 1190 921 Sed
1220 882 1268 921 ut
1307 878 1360 921 ad
1391 879 1577 922 cautelae
1608 882 1649 922 et
1678 878 1942 923 discretionis

389 953 573 997 studium
604 955 829 1010 evigiletis,
868 955 940 1012 pia
957 946 1271 998 'exhortationis
1301 969 1429 999 manu
1460 956 1698 1012 pulsamus;
1734 967 1789 999 ne
1813 954 1944 998 ssiuxta

387 1043 531 1074 vocem
563 1032 742 1088 apostoli
773 1032 953 1075 credatis
984 1031 1098 1074 omni
1119 1030 1321 1088 spiritui⁴,
1355 1033 1438 1088 qui,
1470 1032 1653 1090 speciem
1674 1032 1849 1088 quidem.
1868 1031 1942 1075 ha·

388 1107 533 1151 bentes
562 1108 749 1164 pietatis,
782 1122 910 1166 opera
940 1112 1135 1152 exercent
1164 1109 1391 1165 impietatis
1424 1112 1477 1164 et,
1510 1109 1636 1152 variis
1667 1113 1710 1153 et
1729 1108 1848 1152 vanis
1877 1108 1942 1152 in-

389 1185 587 1228 sudantes
617 1185 844 1240 laboribus,
875 1186 1067 1229 inserunt
1097 1199 1141 1229 se
1160 1186 1304 1229 multis
1326 1185 1550 1230 doloribus.
1597 1185 1685 1230 Hec
1708 1199 1804 1230 cum
1819 1185 1942 1229 nobis

387 1261 537 1305 melius
569 1262 760 1318 videatis,
791 1262 1052 1319 perpendite,
1085 1263 1184 1318 quid
1212 1263 1402 1306 iusticiae
1433 1266 1475 1306 et
1504 1263 1672 1306 veritati
1697 1261 1900 1317 debeatis.

505 1338 754 1382 Mandamus
786 1341 911 1395 enim,
942 1340 1177 1383 mandando
1212 1353 1451 1395 monemus,
1490 1340 1697 1384 monendo
1726 1352 1941 1395 rogamus:

387 1429 442 1459 ne
475 1416 673 1460 adversus
713 1417 953 1474 episcopum
991 1414 1198 1460 vestrum⁵
1237 1417 1364 1460 ullam
1404 1417 1641 1474 suscipiatis
1669 1417 1941 1472 legationem3

389 1506 483 1536 cum
504 1493 663 1536 nullam
680 1480 837 1537 iustam
856 1494 900 1537 in
917 1508 1010 1537 eum
1035 1494 1177 1537 audire
1193 1494 1362 1551 possitis
1385 1495 1704 1538 accusationem.
1748 1530 1750 1532 .
1782 1494 1943 1539 ³'l'estor

389 1570 500 1613 enim
531 1569 667 1613 Deum
708 1574 750 1614 et
788 1572 1004 1626 utriusque
1035 1571 1169 1614 nostri
1199 1571 1516 1614 conscientiam:
1557 1585 1651 1615 eum
1686 1571 1870 1627 legitime
1901 1574 1943 1615 et

389 1647 586 1690 canonice
617 1648 781 1691 venisse
813 1648 865 1691 ad
894 1648 1002 1691 hanc
1031 1648 1246 1703 regiminis
1277 1662 1432 1691 curam.
1882 1650 1884 1655 ’

506 1723 595 1767 Hec
631 1738 707 1768 nos
745 1725 871 1777 vobis,
903 1725 1083 1768 scribere
1122 1725 1255 1768 suasit
1289 1724 1535 1780 Moguntina
1581 1729 1715 1769 mater
1753 1724 1941 1781 ecclesia,

388 1814 515 1857 super
544 1796 725 1844 filiorum
763 1790 898 1845 salute
936 1802 1038 1844 satis
1078 1801 1276 1856 sollicita3
1315 1806 1383 1857 ut,
1420 1803 1528 1846 sicut
1557 1815 1630 1846 vos
1661 1809 1762 1860 prae
1792 1805 1941 1847 ceteris

387 1877 469 1921 fide
510 1880 552 1921 et
582 1878 802 1922 dilectione
834 1878 1121 1935 amplectitur,
1160 1879 1222 1922 ita
1252 1892 1325 1923 vos
1358 1892 1496 1923 secum
1528 1880 1573 1923 in
1601 1878 1684 1924 fide
1713 1879 1871 1924 Christi
1900 1882 1942 1923 et

387 1958 532 1998 nostra
562 1969 830 2012 perseverare
860 1955 1103 2010 gratuletur.

390 2095 473 2141 42.
507 2097 743 2153 Siqifhidue
761 2097 791 2140 I
815 2098 1149 2155 archiepiscopus
1171 2099 1444 2155 Moyuntinns
1468 2097 1671 2156 Greyorio
1688 2098 1781 2142 VII
1801 2114 1942 2156 papae

505 2176 746 2231 respondet,
769 2189 828 2216 .se
864 2175 912 2217 ob
944 2175 1220 2218 valetudinem
1250 2177 1308 2218 ad
1338 2177 1558 2219 concilium
1590 2177 1828 2219 Romanum
1856 2191 1941 2219 non

507 2253 658 2294 venire.
706 2252 774 2294 De
803 2267 878 2294 cao
896 2252 955 2294 ⁴in
987 2267 1077 2294 eum
1109 2253 1314 2309 obsequio.
1361 2254 1660 2297 Delicatiorem
1696 2255 1805 2296 vitae
1841 2268 1941 2296 cuae

510 2328 663 2371 cultum
694 2337 871 2371 excusat.
924 2329 993 2372 De
1024 2331 1228 2386 episcopis
1259 2331 1548 2373 examinandis
1588 2331 1765 2387 aliisque
1799 2345 1941 2388 papae

508 2407 717 2448 mandatis
748 2407 1069 2449 moderationem
1098 2405 1281 2449 suadetb.
1763 2405 1814 2460 (E
1839 2406 1939 2459 132)

225 2487 230 2493 ’
272 2503 363 2538 1075
507 2492 687 2536 Domino
728 2494 956 2537 venerabili
994 2498 1036 2537 et
1072 2495 1184 2551 patri
1225 2495 1269 2537 in
1307 2494 1472 2538 Christo
1511 2495 1680 2539 amabili
1717 2493 1938 2550 Gregorio⁰

288 2552 348 2581 ¹⁸¹¹·
390 2570 551 2625 primae
584 2570 693 2613 sedis
727 2571 906 2614 antistiti
927 2570 1198 2626 S(igifridus),
1228 2570 1496 2626 Moguntinus
1527 2572 1572 2614 id
1593 2572 1704 2627 quod
1724 2574 1787 2615 est
1805 2571 1940 2626 gratia

484 2726 511 2747 a.
541 2716 624 2747 Dicit
645 2717 723 2747 enim
745 2718 846 2754 om.V‚
873 2717 928 2748 Dit
952 2718 1030 2749 enim
1051 2718 1086 2749 Z.
1188 2718 1218 2749 b.
1250 2728 1288 2748 ex
1309 2719 1336 2749 V
1353 2720 1534 2756 55—55v‚
1565 2719 1593 2750 Z
1615 2729 1647 2759 p.
1662 2719 1822 2751 92-93:
1849 2719 1938 2759 Epi-

392 2770 491 2800 stole
521 2769 707 2807 sigifridi
737 2770 953 2808 Moguntini
981 2771 1276 2810 archiepiscopi
1304 2772 1349 2801 ad
1377 2772 1597 2809 Gregorium
1623 2781 1772 2811 papam3
1799 2773 1830 2802 Β
1851 2773 1938 2803 3222.-

390 2821 582 2861 Epistola.
707 2830 731 2852 c.
765 2823 799 2852 G.
821 2823 886 2853 ZB.

488 2903 521 2937 1.
548 2902 570 2937 2
595 2900 755 2937 Corinth.
776 2903 838 2948 12,
865 2904 897 2938 2.
1017 2905 1051 2939 2.
1085 2905 1107 2940 2
1123 2904 1280 2941 Timoth.
1298 2905 1338 2951 3,
1365 2906 1396 2941 1.
1415 2906 1448 2941 2.
1567 2906 1600 2941 3.
1628 2906 1648 2941 1
1665 2904 1822 2942 Timoth.
1840 2906 1879 2951 6,
1903 2905 1937 2941 5.

392 2961 425 2995 4.
457 2962 473 2995 1
492 2961 586 2996 Petr.
604 2961 638 3005 4,
660 2961 691 2995 1.
811 2961 844 2997 5.
869 2961 1127 2998 Herimannum
1146 2963 1172 2999 I.
