2028 3438
0 743 10 775 -Ψ
0 722 9 734 t.
0 635 10 709 *vu*-
3 582 6 586 ·
7 556 10 562 .
10 511 11 514 Α
7 444 13 455 .-
7 405 9 407 —

568 212 791 244 nmmum
821 212 991 244 connx.
1040 210 1123 245 279.
1141 210 1211 245 280
1587 202 1676 246 465

123 317 186 358 ‘³:1³'
209 319 303 360 0118:
314 316 471 362 Lucius
502 318 616 374 hine,
645 319 792 363 mundi
822 319 996 376 cupiens
1029 318 1234 363 obsistere
1265 319 1438 375 morbis,

85 396 147 443 ιζ’.
166 399 185 409 ”
214 394 262 441 Ji}
312 394 394 440 Est
422 398 586 454 raptus,
617 396 694 441 tali
726 397 826 453 quia
856 396 1008 452 dignus
1040 410 1125 440 non
1157 400 1249 441 erat
1280 397 1406 440 orbis.

309 472 486 518 mercius
516 474 746 530 Eugenius,
779 474 852 530 qui
881 488 994 518 nunc
1023 474 1239 532 praelatus
1270 474 1463 530 habetur,

311 549 592 608 Doneevult,
623 552 761 606 vivat3
794 552 964 596 demum
996 566 1123 609 super
1155 554 1271 596 astra
1300 552 1478 597 levetur.

311 643 494 714 Quartus
524 652 779 716 Anastasius
810 657 907 711 post
938 653 1158 698 ecclesiam
1191 653 1394 710 viduavit,

228 741 290 772 120
310 728 460 794 Quam,
476 730 559 775 sibi
588 742 687 774 mox
720 731 922 788 copulans
953 731 1169 775 Adrianus
1201 731 1449 776 clarificavit
1459 739 1486 776 ⁸.

98 923 221 979 280}
244 925 804 987 Comae,2ar0kiepiecop·us
844 929 1078 973 Coloeensis
1116 930 1388 987 Marquardo
1435 931 1583 974 abbati
1623 931 1670 975 S.

247 1004 393 1055 Omcie
422 1008 664 1064 respondet„
705 1008 895 1052 coenobii
924 1016 1142 1065 eqescatem
1175 1008 1392 1051 sublevare
1422 1010 1481 1052 ad
1512 1018 1672 1067 tempus

243 1083 328 1134 siba·
354 1099 442 1146 ,non
473 1084 632 1128 licereb.
1491 1076 1542 1140 (Ε
1566 1088 1670 1140 368)

213 1171 423 1228 C(osmas)
455 1173 535 1218 Dei
567 1175 706 1229 gratia
737 1174 978 1218 Colocensis
1009 1175 1352 1233 archiepiscopus
1378 1175 1668 1233 M(arquardo)

93 1248 238 1294 abbati
258 1249 440 1315 Sanctae
460 1251 607 1296 Crucis
640 1255 682 1296 et
704 1253 783 1296 toti
806 1253 1031 1297 conventui
1053 1253 1233 1297 salutem
1256 1257 1298 1298 et
1319 1253 1668 1298 benedictionem.

212 1327 280 1372 Ex
316 1332 462 1386 tenore
499 1330 721 1374 literarum
761 1334 997 1374 vestrarum
1036 1332 1328 1388 cognovimus,
1369 1332 1480 1389 quod
1520 1333 1669 1377 domus

93 1409 235 1451 vestra
264 1407 498 1471 maximum
530 1421 658 1466 passa
688 1407 744 1451 sit
779 1408 1046 1466 dispendium
1080 1412 1122 1453 et
1153 1423 1264 1453 nune
1294 1424 1378 1454 non
1410 1411 1577 1455 modica
1607 1411 1669 1455 la-

93 1483 215 1529 boret
249 1472 451 1541 egestate.
508 1485 667 1530 Verum
705 1489 888 1530 vestram
927 1486 1059 1542 latere
1097 1488 1293 1531 nolumus
1333 1489 1667 1546 universitatem,

92 1562 415 1618 quoddnmnus
455 1561 555 1608 rex'
592 1564 644 1609 ob
683 1564 1039 1620 indignationem,
1082 1580 1208 1622 quam
1248 1566 1449 1610 adversus
1486 1581 1564 1611 nos
1603 1568 1669 1611 in-

90 1640 232 1696 debite
262 1642 476 1699 concepit,
507 1642 697 1686 redditus
727 1646 895 1686 nostros
934 1643 1239 1688 ecclesiasticos
1270 1645 1392 1688 nobis
1431 1646 1666 1690 interdixit.

89 1717 343 1771 Undelicet
371 1723 538 1765 vestrae
570 1734 695 1777 quam
728 1721 955 1778 plurimum
998 1723 1311 1779 compaciamur
1342 1723 1530 1779 inediae,
1573 1738 1666 1768 eam

1697 485 1902 522 1145-1153

1696 741 1900 778 1154-1159

1694 1183 1897 1219 1185-1187

91 1796 146 1840 ad
176 1810 378 1854 praesens
401 1802 552 1842 nostro
590 1799 778 1855 relevare
816 1814 903 1843 non
941 1814 1167 1857 possumus
1207 1801 1380 1844 auxilio.
1513 1801 1667 1846 Sciatis
1711 1844 1714 1846 .

90 1877 248 1931 tamen,
280 1876 405 1932 quod,
433 1890 566 1941 *quam
596 1877 679 1920 cito
711 1878 953 1921 reddituum
984 1882 1226 1922 nostrorum
1257 1879 1428 1936 plenam
1459 1881 1667 1938 receperi-

90 1954 546 2011 mus1,restitucionem,
580 1956 809 1999 secundum
831 1956 1076 2000 facultatem
1096 1960 1285 2001 nostram
1308 1961 1525 2013 gratanter
1548 1959 1666 2002 vobis

89 2016 406 2084 subveniemus·
447 2032 584 2090 Super
616 2047 664 2078 eo
698 2048 809 2089 vero,
844 2035 955 2090 quod
986 2035 1312 2092 disposicionem
1343 2037 1479 2092 patris
1513 2040 1554 2080 et
1577 2051 1667 2080 ma-

89 2109 168 2153 tris
190 2113 379 2162 ⁴nostrae·
401 2125 529 2168 super
559 2111 656 2167 hiis,
690 2125 797 2168 quae
820 2116 958 2156 vestro
991 2117 1078 2157 tam
1110 2114 1155 2156 in
1176 2114 1264 2157 vita
1296 2129 1422 2170 quam
1453 2115 1498 2157 in
1530 2118 1666 2171 morte

89 2187 358 2232 contulerunt
379 2190 675 2246 .monasterio,
717 2204 769 2233 ex
808 2194 954 2235 nostra
991 2192 1233 2248 provisione
1265 2192 1448 2249 pendere
1481 2193 1663 2249 dixistis,

87 2268 237 2309 notum
267 2266 387 2318 vobis
424 2267 624 2311 facimus:
666 2268 799 2323 quod,
839 2269 1090 2326 disponente
1123 2269 1330 2325 Domino,
1372 2274 1469 2327 post
1507 2271 1665 2327 pascha

89 2344 202 2388 eirca
231 2344 388 2394 festum
420 2349 590 2390 sanctae
612 2347 748 2390 crucis
780 2360 863 2390 una
894 2361 991 2390 cum
1022 2348 1303 2392 confratribus
1326 2348 1482 2392 nostris
1514 2349 1558 2391 in
1590 2348 1663 2392 illo

88 2421 268 2466 confinio
297 2423 420 2478 regni
451 2423 628 2478 erimus;
671 2428 713 2468 et
744 2425 800 2480 si,
834 2425 1109 2469 donacionem
1143 2425 1209 2470 vel
1241 2426 1552 2470 ordinacionem
1587 2427 1664 2470 ali-

88 2512 215 2556 quam
247 2514 275 2544 a
302 2506 424 2558 patre
463 2502 551 2557 sive
584 2506 718 2547 matre
756 2506 903 2547 nostra
940 2504 1198 2547 monasterio
1230 2507 1369 2548 vestro
1408 2505 1538 2561 fuisse
1576 2506 1663 2550 fac-

86 2571 199 2639 tam,
236 2592 313 2636 per
344 2592 414 2623 eos
454 2580 715 2637 perpendere
754 2581 1007 2638 poterimus,
1052 2582 1318 2625 consulemus
1358 2583 1418 2626 eis
1460 2587 1502 2627 et
1539 2597 1662 2641 prae-

87 2642 314 2712 cipiemus,
361 2660 409 2700 ut
451 2670 544 2701 eam
586 2658 887 2703 inviolabiliter
927 2659 1150 2704 observent
1189 2664 1251 2716 et,
1298 2660 1336 2703 si
1378 2661 1538 2718 inpleta
1577 2676 1663 2706 non

79 2732 258 2804 fuerint,
291 2734 548 2792 adinpleant.
593 2736 744 2780 Amen.

184 2844 213 2866 a.
246 2836 428 2876 Sequuntur
447 2836 482 2867 in
505 2836 571 2868 cod.
594 2836 658 2876 (V)
681 2837 773 2869 haec:
798 2838 922 2869 Finiunt
945 2838 1077 2878 capitula
1098 2838 1167 2870 libri
1190 2840 1290 2879 primi.
1394 2841 1424 2871 b.
1457 2851 1495 2872 ea:
1520 2841 1547 2872 V
1564 2841 1663 2872 1490.

184 2899 218 2936 l.
242 2899 334 2936 Bela
349 2900 413 2936 III.

145 3040 253 3076 Jnni.
275 3043 467 3073 Bibliotheca
482 3045 518 3072 V.
1329 3041 1376 3077 30
