2028 3438
351 215 438 257 100
831 225 1052 256 UDALRIOI
1083 225 1249 256 oonssx.
1296 224 1353 257 45.
1371 223 1418 256 46

198 342 290 378 1075
344 331 605 388 pedicionem
636 330 769 373 multa
799 343 893 373 cum
914 330 1158 374 festinantia
1187 334 1373 374 nostram
1394 330 1512 373 vobis
1534 329 1761 385 dirigemus
1788 328 1902 384 lega-

172 391 228 421 1¹¹¹·
239 391 315 428 Aug·
345 409 524 462 tionem3
556 421 634 451 nec
665 408 718 450 ad
748 407 826 451 hoc
856 407 1147 464 intemperiem
1180 407 1490 451 consideramus
1523 407 1640 462 anni,
1678 409 1727 449 ut
1756 405 1902 450 adver-

345 485 458 540 tatis,
492 485 636 541 quanti
667 484 787 528 nobis
820 487 982 527 constet
1012 484 1238 527 auctoritas
1268 484 1484 540 praecepti
1504 483 1646 527 vestri.
1692 482 1806 537 Ergo
1835 487 1903 525 sa·-

344 563 505 619 pientia
542 565 702 616 vestra,
736 575 842 617 quae
871 561 917 604 in
947 575 991 604 se
1022 562 1116 617 ipsa
1146 564 1294 604 cuncta
1324 561 1520 615 metitur,
1559 562 1776 604 retractet:
1805 558 1902 614 ‘quis

346 639 468 682 huius
500 638 827 695 perturbationis
860 639 1078 695 provenire
1108 638 1242 694 possit
1280 638 1436 691 exitus3
1476 641 1517 680 et
1552 636 1758 694 pericula,
1797 641 1903 692 quae

345 717 556 771 timemus,
588 715 760 758 consilio
793 718 835 758 et
864 716 1027 758 ratione
1047 715 1334 771 praeveniens,
1367 715 1563 770 disponat
1590 714 1635 757 in
1658 713 1828 767 melius3
1860 715 1904 756 et

349 793 547 848 quicquid
587 793 770 836 dictante
811 791 972 849 Spiritu
1010 795 1152 835 sancto
1191 805 1317 848 super
1353 791 1591 834 huiusmodi
1634 789 1727 835 fieri
1762 790 1903 834 decer-

347 870 469 924 nitis,
508 869 628 913 nobis
660 869 710 912 de
742 869 908 912 oraculo
941 869 1049 912 sacri
1079 869 1260 925 pectoris
1290 869 1419 911 vestri
1457 867 1710 924 respondere
1747 866 1900 911 velitis.

348 946 503 997 Quodsi
534 946 743 1002 probatis,
782 948 955 1002 propter
985 945 1191 1002 pericula,
1230 959 1335 1001 quae
1365 946 1582 1000 timemus,
1620 944 1674 988 ad
1703 957 1902 1001 praesens

347 1023 548 1066 indictum
582 1022 799 1079 concilium
833 1022 1061 1077 differatur,
1094 1026 1136 1065 et
1167 1022 1331 1077 quando
1352 1022 1469 1066 vobis
1489 1022 1695 1079 placuerit
1718 1024 1762 1065 et
1780 1034 1903 1078 opor—

348 1100 505 1142 tunitas
538 1100 734 1154 evenerit,
767 1099 998 1143 celebretur
1028 1100 1074 1142 in
1103 1100 1148 1142 id
1176 1100 1328 1156 ipsum.

349 1240 431 1286 46.
463 1241 687 1283 Heinricus
719 1241 750 1283 I
754 1241 794 1284 V
832 1257 907 1284 rex
938 1241 1096 1297 Aynetz‘
1129 1243 1390 1299 imperatrici
1423 1241 1649 1298 siqmflcat,
1695 1242 1746 1283 de
1781 1242 1902 1284 resti-

466 1320 629 1361 tuendis
661 1320 866 1375 episcopis
899 1320 1003 1374 quid
1034 1321 1310 1362 concesserit&
1726 1317 1777 1371 OE
1802 1317 1902 1370 186)

184 1409 276 1445 1075
424 1457 426 1459 ,
466 1406 595 1450 Matri
625 1406 924 1449 benedictionis
957 1410 999 1450 et
1028 1407 1174 1450 salutis
1205 1406 1460 1460 H(einricus)
1492 1406 1571 1449 Dei
1591 1406 1727 1461 gratia
1755 1419 1831 1450 rex
1851 1419 1903 1449 ex

125 1459 437 1527 amnoexeuntetoto
468 1484 591 1527 corde
623 1483 887 1526 dilectionem
920 1487 960 1526 et
991 1485 1026 1526 si
1058 1484 1157 1539 quid
1189 1487 1253 1527 est
1281 1484 1430 1527 melius
1463 1487 1504 1526 et
1532 1483 1655 1526 ultra.

469 1560 643 1603 Omnem
687 1573 924 1603 successum
962 1564 1152 1604 nostrum
1190 1561 1386 1616 quoniam
1423 1564 1465 1604 te
1503 1561 1609 1604 scire
1647 1572 1795 1603 sanum
1826 1561 1902 1613 cst,

351 1637 450 1692 quid
487 1637 564 1680 hec
609 1637 724 1680 curia
763 1641 804 1679 et
849 1637 1098 1680 conventusb
1146 1637 1395 1681 dictaverint
1435 1641 1476 1680 et
1520 1637 1727 1680 senserint
1737 1644 1764 1691 ⁶,
1809 1636 1901 1690 tibi,

348 1717 493 1770 utpote
541 1714 805 1756 dulcissimae
849 1714 975 1757 matri
1020 1718 1208 1770 nostrae,
1262 1715 1462 1757 mandare
1506 1713 1749 1757 voluimusd.
1801 1712 1903 1756 Post

347 1791 525 1833 multum
558 1804 707 1834 causae
737 1776 906 1834 nostrae
935 1794 1160 1834 tractatum
1183 1791 1366 1846 tandem,
1399 1791 1499 1834 victi
1531 1790 1759 1848 apostolica
1789 1789 1901 1844 lega-

348 1868 461 1910 tione
501 1871 542 1911 et
580 1868 766 1910 omnium
795 1867 981 1910 fidelium
1019 1872 1277 1923 nostrorum,
1318 1869 1388 1924 qui
1418 1868 1541 1911 multi
1577 1868 1771 1922 aderant,
1803 1879 1901 1910 con-

349 1944 441 1987 silio
483 1947 523 1987 et
563 1945 850 2001 persuasione,
890 1945 1194 1988 restitutionem
1236 1946 1567 2000 transfugarum⁶
1611 1945 1901 2002 episcoporum

349 2021 628 2064 concessimus
661 2025 702 2064 et
731 2022 1019 2077 permisimus3
1053 2022 1113 2065 sic
1132 2026 1292 2065 tamen:
1325 2026 1372 2065 ut
1393 2022 1442 2065 de
1463 2022 1542 2077 his,
1576 2035 1739 2077 quoquo
1759 2019 1902 2064 modo‘

349 2098 538 2153 velimus,
570 2098 764 2140 interimg
794 2099 906 2154 parti
937 2102 1105 2142 nostrae
1136 2113 1355 2142 caveamus
1387 2099 1517 2143 donec
1546 2100 1591 2142 in
1622 2099 1746 2153 diem,
1778 2111 1901 2154 quem

349 2189 424 2218 nos
456 2188 604 2218 causae
637 2188 779 2218 eorum
811 2175 1074 2219 ventilandae
1105 2177 1406 2219 constituimus.
1453 2176 1583 2227 Quem
1605 2176 1716 2219 diem
1747 2178 1789 2218 et
1817 2178 1902 2218 ter-

348 2252 510 2294 minum
541 2252 707 2294 eosdem
737 2266 871 2308 papae
901 2252 1060 2307 legatos
1080 2254 1148 2296 hic
1169 2257 1388 2309 expectare
1410 2253 1530 2296 scias.
1622 2253 1685 2295 Tu
1713 2265 1812 2295 vero
1843 2275 1899 2281 —

349 2342 425 2384 pro
457 2329 577 2383 bona,
611 2342 735 2384 quam
768 2329 817 2372 de
848 2333 889 2372 te
919 2330 1133 2385 habemus,
1164 2330 1316 2373 fiducia
1347 2354 1401 2359 —
1434 2329 1521 2373 utih
1558 2343 1625 2372 res
1656 2332 1800 2372 nostra
1830 2329 1902 2371 diu

351 2409 614 2461 expectatum
647 2409 840 2448 eventum
871 2407 1051 2462 accipiat
1062 2407 1081 2461 ³,
1115 2421 1139 2449 a
1169 2407 1258 2450 Deo
1291 2406 1459 2449 sedulok
1488 2406 1688 2462 inquiras.

468 2481 558 2524 Hoc
597 2485 756 2537 autem,
798 2483 907 2538 quod
937 2497 1012 2526 nos
1043 2484 1220 2538 rogasti,
1262 2497 1311 2526 ea
1341 2483 1597 2538 conditione,
1638 2483 1734 2538 qua¹
1764 2482 1828 2526 vis
1859 2485 1901 2526 et

350 2558 572 2612 mandasti,
604 2559 834 2602 certissime
855 2559 945 2614 hoc,
979 2563 1020 2603 et
1048 2560 1244 2616 quicquid
1266 2563 1363 2603 tuae
1385 2559 1630 2603 dilectioni¹n
1659 2559 1900 2616 impendere

350 2635 594 2691 poterimus,
627 2635 805 2691 accipies
817 2642 845 2678 ¹¹.

443 2732 470 2752 a.
502 2732 540 2752 ex
562 2723 589 2753 V
607 2724 684 2759 8527,
707 2723 736 2752 Z
749 2733 782 2762 p.
797 2724 867 2760 179,
897 2724 923 2754 G
944 2726 999 2755 56.
1102 2725 1131 2755 b.
1165 2726 1195 2754 et
1215 2725 1379 2754 conventus
1401 2734 1457 2754 om.
1471 2724 1528 2755 VZ.
1630 2733 1656 2754 c.
1689 2724 1848 2755 dictaverit
1870 2726 1901 2755 et

351 2775 480 2806 senserit
501 2775 557 2805 VZ.
648 2776 677 2805 d.
710 2776 846 2806 volumus
875 2777 909 2806 G.
1000 2788 1024 2807 e.
1056 2777 1276 2815 transfugorum
1305 2776 1339 2806 G.
1432 2778 1453 2806 f.
1486 2777 1636 2815 quomodo
1665 2776 1699 2807 G.
1794 2786 1821 2814 g.
1854 2778 1899 2807 in—

350 2829 437 2858 terim
459 2837 514 2858 om.
530 2828 560 2858 V.
643 2828 673 2857 h.
701 2830 734 2857 ut
755 2829 810 2858 tibi
830 2829 886 2865 VZ,
909 2830 953 2859 uti
972 2829 1005 2859 G.
1089 2831 1108 2859 i.
1138 2831 1267 2869 excipiat
1284 2829 1318 2860 G.
1394 2830 1424 2859 k,
1454 2830 1558 2859 sedula
1576 2828 1609 2859 G.
1683 2830 1704 2860 l.
1733 2839 1821 2868 quam
1838 2829 1896 2866 VZ,

351 2889 409 2919 qua
429 2881 464 2911 G.
568 2889 607 2910 m.
639 2881 756 2910 caritati
778 2880 812 2910 G.
916 2891 946 2911 n.
967 2882 1041 2911 Vale
1064 2882 1134 2912 add.
1154 2882 1188 2912 G.
