2028 3438
601 263 824 296 nmmum
853 263 1022 296 oomrx.
1074 262 1141 296 199
1571 250 1659 294 355
1712 300 1728 313 ⁶

167 368 496 433 leuaevomnia
518 383 623 426 rex,
662 370 969 414 communicato
1001 382 1095 413 cum
1130 369 1217 412 suis
1249 369 1445 424 consilio,
1486 382 1531 413 se
1561 383 1659 426 pro-

88 449 328 494 secuturum
358 448 573 504 promisit3
607 447 644 492 si
663 447 790 492 fidem
822 451 865 491 et
893 447 1104 491 iusticiam
1127 446 1242 503 apud
1268 446 1469 490 domnum
1503 459 1659 503 papam

85 523 317 579 invenirem
349 527 409 569 ‘et
451 525 489 568 si
528 538 672 569 veram
718 539 866 582 pacem
905 525 998 582 ipse
1045 526 1087 567 et
1132 524 1197 567 sui
1243 527 1287 567 et
1330 523 1617 581 possessiones
1629 530 1657 579 ¹,

86 611 197 659 quw
216 612 309 663 ,pro¹
331 615 469 647 werra
498 602 582 646 ista
613 603 857 658 amiserant,
889 602 1140 659 reciperent.

130 707 134 724 ›
199 678 365 730 ,Quibus
387 679 566 735 auditis,
598 680 821 738 episcopus
852 683 1014 724 certum
1048 693 1093 724 se
1113 678 1206 724 fieri
1227 692 1355 735 super
1376 678 1658 723 denominatis

85 755 564 814 capitulis'postulavit3
596 761 688 801 tum
709 761 756 800 ut
775 758 895 802 labor
921 754 1090 801 eorum¹
1118 767 1203 800 non
1226 760 1338 800 esset
1357 755 1535 811 inutilis,
1567 759 1658 799 tum

85 837 135 878 ut
164 834 364 880 domnum
396 846 554 892 papam
586 835 639 878 ad
680 835 968 891 exequendam
1000 848 1147 892 pacem
1185 833 1351 878 facilius
1388 833 1655 877 inclinarent.

87 910 205 963 Tunc
234 925 311 956 rex
341 912 516 969 propria
545 926 674 956 manu
696 913 773 956 sub
795 913 1038 956 testimonio
1069 912 1167 956 fidei
1189 912 1443 955 christianae
1463 912 1507 955 in
1529 925 1658 954 manu

86 989 274 1047 episcopi
295 992 338 1033 et
357 988 524 1034 abbatis
543 989 750 1034 firmavit:
783 1005 827 1034 se
849 991 1041 1047 praefata
1065 990 1250 1047 capitula
1271 990 1361 1033 sine
1381 989 1530 1033 fraude
1560 1003 1659 1046 pro-

85 1070 340 1111 secuturum.
387 1066 490 1112 Post
521 1081 616 1112 eum
649 1068 871 1125 episcopus
902 1064 1263 1112 LausennensisM
1296 1071 1338 1111 et
1369 1080 1508 1110 comes
1540 1066 1658 1123 pala-

84 1141 223 1192 tinus³
253 1149 296 1189 et
325 1145 455 1190 ceteri
485 1145 626 1189 clerici
658 1149 700 1189 et
729 1145 840 1201 laici,
876 1146 948 1202 qui
979 1159 1075 1189 cum
1107 1159 1155 1189 eo
1186 1148 1318 1200 erant,
1351 1145 1430 1188 hoc
1452 1144 1563 1188 idem
1587 1143 1658 1187 fir-

85 1226 310 1268 maverunt
338 1223 486 1267 eodem
519 1223 656 1266 modo.

204 1300 393 1358 Accepta
423 1301 662 1356 securitate,
695 1301 917 1358 episcopus
949 1304 992 1344 et
1021 1300 1151 1344 abbas
1183 1299 1336 1343 domno
1368 1313 1505 1355 papae
1536 1298 1656 1342 Pari-

85 1377 196 1423 sius⁴
227 1382 520 1432 occurrerunt3
561 1391 668 1434 quae
700 1378 894 1421 viderant
923 1382 966 1422 et
997 1378 1231 1432 audierant,
1269 1376 1450 1421 fideliter
1481 1377 1653 1420 intima-

85 1461 196 1503 runt.
249 1455 409 1508 Quibus
441 1455 723 1513 applaudens,
757 1456 934 1499 domnus
967 1470 1080 1513 papa
1111 1456 1171 1499 sic
1201 1454 1441 1511 respondit:
1486 1455 1656 1498 Utinam

85 1537 174 1580 iam
190 1535 363 1591 factum
382 1543 499 1587 esset,
532 1536 572 1577 ai
600 1536 690 1577 sine
707 1535 874 1590 fraude
893 1535 997 1590 fieri
1023 1542 1174 1591 posset.
1297 1531 1398 1576 Mox
1426 1532 1658 1575 communi-

85 1615 179 1656 cato
210 1625 305 1656 cum
338 1611 546 1668 episcopis
579 1614 621 1654 et
651 1611 936 1655 cardinalibus
968 1611 1158 1664 consilio,
1196 1610 1361 1654 eosdem
1397 1613 1440 1653 et
1469 1623 1563 1653 cum
1598 1610 1657 1653 eis

85 1689 137 1734 de
166 1689 298 1733 latere
336 1703 411 1734 suo
444 1690 686 1747 episcopum
721 1687 980 1733 Ostiensem⁵
1013 1693 1055 1732 et
1085 1688 1334 1743 Gregorium
1373 1685 1656 1730 cardinalem⁶

85 1767 141 1818 ad
168 1781 312 1824 regem
342 1767 528 1811 remisit:
569 1771 618 1810 ut
647 1768 840 1824 praefata
870 1767 1056 1824 capitula
1096 1766 1339 1821 diligentius
1377 1768 1657 1808 retractarent

85 1849 211 1904 atque
239 1846 422 1902 seripto⁰
455 1858 507 1889 ex
527 1848 707 1901 utraque
738 1849 858 1902 parte
889 1844 1126 1897 firmarent3
1160 1847 1203 1887 et
1233 1844 1270 1887 si
1290 1843 1382 1899 hoc,
1415 1843 1525 1887 sicut
1557 1857 1655 1900 pro-

83 1923 272 1979 miserat,
303 1922 403 1967 rex⁸¹
435 1923 586 1978 exequi
618 1923 764 1979 vellet,
802 1923 936 1978 diem,
972 1936 1055 1979 qua
1084 1922 1168 1965 ista
1199 1921 1525 1978 complerentur,
1559 1925 1656 1964 ante

83 2000 210 2046 finem
241 1998 430 2046 concilii⁷
462 2001 795 2045 denominarent.

203 2078 430 2123 Venientes
461 2079 516 2122 ad
548 2093 666 2134 eum,
707 2079 840 2122 inter⁰
875 2077 1109 2121 Virdunum
1143 2081 1185 2120 et
1214 2076 1361 2120 Metim
1394 2077 1431 2119 ei
1465 2089 1657 2119 occurre-

82 2160 205 2210 runt3
239 2156 350 2213 quod
381 2156 558 2200 domnus
590 2170 703 2213 papa
734 2169 828 2199 eum
861 2155 1043 2198 libenter
1074 2155 1295 2211 reciperet,
1332 2155 1367 2197 si
1398 2155 1657 2211 promissum

85 2235 237 2291 exequi
266 2234 416 2290 vellet,
447 2234 695 2278 retulerunt.
750 2232 885 2290 Super
918 2247 999 2288 quo
1032 2232 1152 2287 quasi
1183 2233 1374 2287 gavisus,
1417 2246 1512 2287 rex,
1547 2231 1657 2288 quod

83 2312 202 2370 prius
241 2312 352 2368 apud
383 2312 662 2368 Argentinam
701 2311 745 2354 in
782 2324 909 2353 manu
950 2310 1364 2366 praenominatorum
1400 2309 1655 2364 firmaverat,

83 2390 238 2434 iterum
268 2389 374 2433 inibi
410 2390 454 2432 in
486 2404 615 2433 manu
656 2389 844 2446 episcopi
877 2388 1083 2431 Ostiensis
1122 2391 1164 2431 et
1195 2386 1387 2442 Gregorii
1429 2387 1656 2430 cardinalis

85 2470 130 2516 et,
158 2467 346 2524 episcopi
367 2466 686 2511 Catalaunensis
710 2470 752 2510 et
774 2466 937 2510 abbatis
960 2465 1136 2522 propria
1156 2479 1284 2508 manu
1305 2464 1510 2508 firmavit:
1545 2465 1655 2520 quod

83 2545 280 2589 videlicet
310 2545 354 2587 in
386 2545 581 2602 proxima
613 2548 734 2588 sexta
763 2544 883 2598 feria,
918 2543 960 2586 id
994 2546 1058 2586 est
1089 2544 1115 2584 9
1148 2542 1240 2586 Kal.
1265 2542 1516 2586 Novembris
1526 2540 1553 2598 ⁸,
1587 2556 1656 2586 ca—

177 2715 204 2736 e.
237 2706 314 2736 istas
336 2704 408 2736 add.
428 2705 485 2736 VZ.
589 2706 619 2737 b.
651 2705 886 2736 Lausamnensis
908 2705 946 2734 E.
1053 2713 1078 2733 c.
1113 2697 1228 2743 scripta
1250 2704 1288 2734 E.
1400 2703 1430 2734 d.
1463 2713 1514 2733 rex
1537 2702 1655 2733 addidi.

85 2768 112 2789 ο.
143 2758 224 2789 inter
245 2769 302 2790 om.
321 2758 379 2790 VZ.
1084 2760 1089 2764 “

182 2841 214 2876 1.
239 2840 455 2885 legatorum.
576 2842 610 2875 2.
637 2839 859 2876 Gerhardus.
973 2840 1007 2874 3.
1036 2836 1268 2874 Godefridus.
1382 2838 1415 2873 4.
1447 2837 1510 2873 ubi
1536 2837 1655 2874 Calix-

84 2901 161 2935 tum
187 2899 223 2935 11
253 2899 312 2935 die
344 2900 367 2935 8
401 2899 479 2935 Oct.
509 2900 599 2935 1119
636 2898 750 2934 fuisse
788 2899 942 2944 scimus,
979 2909 1014 2933 v.
1048 2898 1211 2943 Regesta
1246 2900 1347 2943 pont.
1373 2898 1477 2933 Rom.
1510 2908 1545 2942 p.
1572 2897 1654 2932 530.

84 2958 119 2994 5.
150 2957 388 2994 Lambertum
420 2960 571 3004 (postea
595 2959 794 2994 Honorium
820 2959 854 2993 II
879 2960 1050 3003 papam).
1171 2958 1205 2994 6.
1231 2957 1325 2993 diac.
1349 2956 1447 2992 card.
1465 2956 1503 2992 S.
1521 2955 1654 3001 Angeli

85 3019 230 3064 (postea
246 3018 496 3054 Innocentium
512 3018 545 3053 ΙΙ
562 3021 724 3063 papam).
810 3018 844 3053 7.
869 3017 993 3053 Remis
1010 3015 1181 3053 habendi.
1267 3017 1300 3052 8.
1327 3016 1386 3052 die
1405 3016 1451 3052 24
1468 3015 1566 3061 Oct.3
1592 3015 1654 3060 qui

1288 3081 1367 3117 232*

1736 379 1827 416 1119

1685 427 1769 467 Sept.
1782 438 1827 459 ex.
1839 443 1872 450 -

1720 469 1786 500 Oct.
1802 470 1846 500 in.

1681 1473 1706 1493 c.
1719 1463 1784 1494 Oet.
1796 1465 1815 1495 8

1682 2089 1747 2119 Oct.
1762 2090 1882 2120 17-19
