2028 3438
399 259 483 301 772
744 270 979 302 Hsnssossm
1010 270 1251 303 DIALOGUS.
1298 271 1384 301 Lm.
1407 271 1442 300 11
1471 268 1611 302 26-28

280 385 373 421 1124
396 376 531 419 forum
566 378 607 419 et
636 375 802 419 turbam
833 376 1140 420 incredulorum
1163 377 1432 433 obprobrium
1457 377 1604 432 crucis,
1637 377 1777 420 animo
1796 379 1843 420 >et
1861 388 1952 420 cor·⁴

397 466 499 510 pore
537 456 656 496 tener
695 453 925 508 agoniteta,
971 467 1109 496 coram
1150 453 1344 509 episcopo
1385 456 1553 509 portare
1589 450 1774 497 iubebar.
1837 452 1952 497 Deus

398 533 538 573 autem
568 530 662 586 pius
695 534 736 574 et
766 530 1017 585 misericors,
1051 530 1184 574 sciens
1215 530 1485 574 timiditatem
1515 543 1652 574 meam
1684 533 1727 575 et
1753 541 1951 587 pavorem

397 620 550 662 meum,
581 607 665 650 ledi
696 621 763 651 me
794 621 877 650 non
908 607 1082 650 sinebat.

517 685 586 726 27.
635 684 814 728 Cottidie
854 687 992 727 autem
1032 683 1128 727 fidei
1168 683 1274 727 retia
1311 683 1549 727 laxantibus
1587 688 1630 728 et
1667 682 1796 728 nichil
1830 682 1950 727 nobis

397 761 658 818 capientibus
698 765 740 805 et
775 762 951 804 multum
985 775 1110 817 super
1141 760 1218 804 hoc
1249 761 1508 820 tedentibus,
1548 761 1718 805 tandem
1747 760 1950 817 benignus

397 838 602 881 Dominus
634 838 899 882 sedulitatem
932 838 1028 881 boni
1061 838 1170 881 servi
1203 838 1267 881 sui
1289 838 1468 894 Ottonis,
1499 838 1685 883 laborem
1716 850 1881 895 quoque
1903 851 1951 882 ac

398 915 625 959 mestitiam
664 915 901 958 miserando
939 915 1136 970 respexit.
1258 915 1365 958 Nam
1398 915 1479 959 duo
1510 915 1786 972 pulcherrimi
1811 914 1951 959 adole-

398 996 572 1047 scentes,
604 992 680 1035 filii
711 992 926 1035 cuiusdam
958 990 1131 1035 nobilis¹
1163 992 1214 1035 de
1245 993 1426 1047 civitate,
1459 992 1627 1036 domum
1658 995 1844 1036 nostram
1867 992 1950 1036 fre—

398 1073 598 1125 quentare
630 1073 671 1113 et
702 1069 928 1112 familiares
961 1083 1004 1112 se
1037 1069 1210 1126 prebere
1240 1069 1525 1126 paulatimque
1557 1070 1608 1114 de
1630 1070 1719 1114 Deo
1744 1073 1893 1114 nostrov
1909 1072 1951 1114 et

397 1147 448 1190 de
487 1146 567 1190 fide
608 1161 779 1203 querere
820 1149 1030 1202 ceperunt.
1090 1146 1323 1203 Episcopus
1363 1150 1501 1190 autem
1533 1147 1737 1203 sentiens,
1778 1147 1876 1203 quia
1904 1147 1950 1190 in

398 1224 503 1267 bono
537 1224 727 1278 veniunt,
767 1225 1001 1266 futurorum
1040 1223 1241 1266 bonorum
1274 1239 1323 1267 ex
1356 1224 1420 1267 his
1451 1225 1657 1280 captando
1695 1220 1948 1281 presagium,

396 1301 559 1345 blandis
591 1301 746 1344 mulcet
777 1301 969 1356 alloquiis
1002 1304 1125 1356 atque
1157 1301 1208 1344 de
1229 1301 1439 1344 mundicia
1459 1304 1501 1344 et
1522 1300 1737 1346 honestate
1758 1300 1949 1344 christia-

395 1379 535 1434 nismi,
568 1378 619 1421 de
650 1377 986 1421 immortalitate⁴¹
1018 1378 1267 1433 animarum,
1301 1378 1351 1421 de
1382 1379 1684 1422 resurrectione
1712 1390 1948 1435 corporum,

397 1456 447 1499 de
487 1469 560 1511 spe
598 1459 640 1498 et
676 1455 810 1510 gloria
850 1459 991 1498 eterne
1030 1455 1115 1498 vite
1154 1454 1485 1499 adolescentibus
1524 1469 1599 1511 per
1637 1448 1822 1510 singulos
1860 1455 1948 1498 dies

396 1532 713 1587 euangelizavit.
762 1532 848 1583 Que
870 1532 1022 1587 omnia,
1054 1531 1180 1575 flante
1203 1531 1363 1588 Spiritu
1383 1535 1542 1587 sancto,
1573 1533 1692 1589 pueri
1717 1532 1846 1576 altius
1862 1531 1949 1575 suis

394 1609 583 1653 inhibere
614 1609 871 1665 pectoribus3
912 1623 1046 1664 neque
1078 1609 1149 1651 diu
1180 1609 1382 1664 cunctati,
1415 1609 1584 1653 credere
1614 1622 1658 1653 se
1690 1605 1795 1653 velle
1824 1612 1949 1665 atque

396 1687 649 1743 baptismum
714 1687 926 1742 percipere
983 1686 1192 1729 dixerunt.
1270 1686 1504 1742 Episcopus
1562 1700 1659 1741 ergo
1721 1686 1949 1730 letissimus

396 1777 547 1820 pueros
588 1764 729 1807 statim
769 1763 1022 1816 cathezizat3
1063 1777 1112 1806 ac
1151 1763 1201 1805 de
1233 1763 1447 1818 omnibus,
1489 1777 1569 1819 que
1600 1763 1824 1807 christiane
1854 1763 1951 1806 reli·

396 1841 510 1895 gioni
541 1841 839 1897 conpetebant,
879 1840 1099 1895 diligenter
1131 1841 1356 1883 instructos
1387 1841 1528 1895 iussit,
1569 1844 1635 1895 ut,
1676 1840 1752 1884 loti
1782 1844 1824 1885 et
1853 1840 1950 1884 lotis

395 1919 545 1972 induti,
578 1931 672 1961 cum
704 1918 833 1961 cereis
865 1918 951 1961 suis
984 1921 1026 1961 et
1057 1917 1161 1960 albis
1183 1931 1273 1960 sese
1301 1917 1524 1974 preberent
1545 1917 1829 1974 baptizandos.
1871 1917 1949 1974 Illi,

396 1999 445 2038 ut
474 1996 622 2038 moniti
655 1999 796 2050 erant,
837 1995 1007 2038 silenter
1040 1999 1291 2050 exequentes
1322 1995 1480 2050 omnia,
1514 1995 1581 2038 dic
1612 1998 1768 2038 statuto
1799 2007 1951 2051 paren-

398 2073 508 2115 tibus
547 2072 690 2116 insciis
730 2072 805 2115 loti
845 2076 886 2116 et
924 2072 1131 2128 purificati
1163 2073 1364 2128 novisque
1396 2086 1443 2115 ac
1473 2071 1640 2115 mundis
1673 2071 1856 2115 vestibus
1886 2071 1950 2114 in-

398 2150 501 2204 duti,
534 2163 627 2193 cum
660 2149 764 2193 albis
797 2153 838 2192 et
868 2150 1012 2205 cereis,
1045 2150 1284 2207 percepturi
1316 2152 1506 2192 sanctum
1536 2144 1758 2205 baptisma,
1790 2162 1835 2192 se
1861 2161 1950 2192 ma·

397 2226 519 2270 nibus
558 2227 743 2283 episcopi
783 2226 1034 2270 obtulerunt.
1090 2227 1259 2270 Videres
1299 2226 1479 2269 humano
1519 2225 1563 2268 in
1601 2238 1774 2281 corpore
1812 2224 1949 2268 vultus

399 2303 627 2358 angelicos;
666 2304 843 2358 videres,
876 2304 1051 2360 expulsa
1082 2304 1288 2347 demonici
1319 2302 1524 2358 squaloris
1555 2302 1719 2357 inertia,
1751 2302 1796 2344 in
1825 2301 1950 2346 vulti-

399 2380 474 2422 bus
506 2381 701 2423 iuvenum
734 2380 947 2423 Christum
978 2394 1128 2423 novum
1163 2380 1372 2423 hominem
1405 2379 1589 2434 gratioso
1619 2379 1703 2422 iam
1731 2391 1949 2422 coruscare

399 2460 581 2512 aspectu.
634 2457 828 2501 Pontifex
866 2458 957 2513 ipse
989 2471 1213 2513 omnesque
1254 2457 1325 2500 alii
1357 2455 1590 2499 sacerdotes
1629 2458 1671 2499 et
1700 2455 1839 2499 clerici
1877 2469 1948 2510 ga-

399 2534 477 2575 visi
509 2537 606 2576 sunt
637 2538 679 2577 et
709 2534 905 2577 admirati
936 2548 1060 2590 super
1090 2534 1239 2589 gratia,
1274 2547 1398 2588 quam
1424 2533 1564 2576 videre
1594 2532 1638 2574 in
1669 2531 1821 2588 pueris.
1867 2531 1949 2575 Sed

399 2610 499 2665 quid
529 2611 692 2654 morer?
746 2611 958 2667 Baptizati
996 2615 1094 2654 sunt
1124 2615 1184 2665 et,
1225 2614 1397 2666 propter
1427 2612 1617 2652 octavam
1646 2607 1948 2664 purificationis

399 2690 490 2729 octo
523 2687 610 2730 dies
642 2688 752 2743 apud
783 2702 858 2731 nos
890 2691 1207 2742 commorantes,
1238 2687 1281 2729 in
1313 2687 1457 2729 domos
1489 2688 1710 2742 parentum
1740 2699 1824 2728 non
1852 2688 1949 2728 sunt

398 2763 567 2805 reversi.

517 2840 585 2881 28.
633 2838 767 2882 Mater
799 2854 894 2882 vero
927 2840 1092 2882 illorum
1124 2852 1347 2895 puerorum
1376 2862 1428 2867 ——
1452 2851 1555 2880 nam
1582 2842 1701 2893 pater
1731 2837 1843 2880 domi
1875 2837 1946 2880 ab·

399 2919 488 2957 erat
521 2938 571 2943 —
608 2915 678 2957 ubi
718 2929 795 2969 que
835 2919 953 2970 gesta
986 2920 1083 2959 sunt
1123 2916 1300 2969 audivit,
1343 2914 1481 2970 pueris
1513 2913 1697 2956 nondum
1728 2913 1945 2968 exalbatis,

491 3018 516 3037 a.
549 3008 728 3037 mortalitate
752 3008 791 3044 N,
815 3009 1037 3038 immortalitate
1059 3010 1128 3039 BR.
1389 3002 1420 3035 1.
1446 3000 1633 3036 Domizlai.
