2028 3438
403 270 489 313 578
665 285 728 315 nx
758 283 1052 316 mononocro
1084 284 1118 316 s.
1141 284 1387 316 mannms
1417 283 1700 316 Posi-amona

283 396 375 432 1137
727 388 968 433 Wolvoldus
1001 389 1128 433 abbas
1159 389 1377 433 Admunti.

432 464 459 506 2
488 463 540 507 Ν.
572 463 676 508 Nov.
727 464 898 509 Beatrix
930 466 1154 531 comitissa.

823 535 893 571 Pro
911 536 1014 571 cuius
1040 535 1160 571 anima
1176 534 1277 570 dedit
1301 535 1451 571 maritus
1469 535 1547 570 eius
1564 533 1688 570 Berth.
1706 543 1828 571 comes
1851 544 1955 580 prae·

825 592 924 628 dium
949 593 1134 639 Richpach
1162 595 1199 629 et
1223 592 1342 629 albam
1367 603 1450 629 cum
1475 591 1672 638 aurifrigio.

488 658 539 701 N.
572 658 676 702 Nov.
728 658 872 715 Poppo
905 663 947 702 et
976 658 1227 703 Adelbertus
1260 659 1444 715 abbateS‚
1476 673 1516 702 n.
1539 672 1679 714 congr.
1709 659 1874 704 fratres.

725 735 1015 789 Reginhardus
1048 735 1175 779 abbas
1208 735 1444 791 Sigeberch.
1807 737 1809 739 ’

284 817 376 853 1053
430 811 456 852 8
487 810 546 853 Id.
568 810 674 853 Nov.
726 810 963 855 Hartwicus
994 812 1213 868 episcopus
1243 811 1614 867 Babenbergensis.

725 887 840 930 Ezzo
871 901 981 931 mon.
1004 902 1044 931 n.
1068 901 1206 944 congr.
1234 888 1361 931 1155.

431 964 457 1006 6
487 963 547 1005 Ιᾱ.
569 963 673 1005 Nov.
726 963 976 1007 Benedictus
1008 964 1135 1008 abbas
1169 963 1209 1007 S.
1231 964 1436 1008 Bonifacii
1455 963 1592 1009 Wizfi.

283 1046 374 1082 1146
428 1040 458 1081 4
488 1039 547 1082 Id.
569 1039 673 1082 Nov.
726 1040 903 1083 Imbrico
936 1042 1155 1098 episcopus
1176 1040 1538 1097 wirciburgensis.

726 1115 966 1161 Gerhardus
998 1130 1148 1161 comes.

284 1198 376 1234 1148
430 1193 456 1234 3
488 1192 547 1235 Id.
570 1192 674 1236 Nov.
726 1192 1002 1247 Reginbertus
1035 1195 1254 1251 episcopus
1285 1193 1560 1238 Pataviensis.

430 1269 456 1311 2
487 1268 546 1314 Id.
568 1268 672 1311 Nov.
724 1268 905 1326 Ratpoto
936 1271 1073 1326 presb.
1107 1274 1148 1314 et
1178 1284 1288 1314 mon.
1311 1284 1351 1314 11.
1375 1283 1514 1327 congr.
1540 1271 1669 1314 1123.

402 1346 453 1388 17
487 1345 536 1388 Κ.
569 1345 669 1389 Dec.
724 1345 839 1389 Ezzo
872 1346 1010 1403 presb.
1035 1346 1076 1390 S.
1098 1346 1225 1391 Petri.

402 1423 456 1464 16
487 1421 536 1464 Κ.
569 1422 669 1465 Dec.
726 1421 957 1466 Gozmarus
989 1423 1117 1467 abbas
1140 1423 1372 1468 Wizinaha.

401 1498 457 1540 15
487 1498 537 1541 K.
571 1498 672 1542 Dec.
729 1497 974 1542 chonradus
1004 1513 1115 1543 mon.
1141 1514 1182 1542 11.
1206 1513 1345 1555 congr.
1372 1500 1498 1544 1159.

725 1574 832 1619 Bero
863 1575 994 1619 abbas
1026 1576 1236 1619 Steinaha.

403 1651 458 1692 14
487 1651 537 1694 K.
569 1651 668 1694 Dec.
724 1651 921 1695 Adelheit
951 1653 1165 1696 comitissa
1195 1653 1246 1696 de
1275 1652 1486 1696 Bertheim
1520 1654 1646 1697 1154.

282 1738 374 1773 1155
403 1728 456 1769 13
487 1727 537 1770 K.
570 1727 670 1771 Dec.
725 1727 978 1772 Wernherus
1009 1729 1137 1773 abbas
1169 1729 1225 1772 de·
1251 1729 1444 1773 Cotewic.

402 1805 453 1846 11
486 1803 536 1846 K.
568 1803 668 1847 Dec.
724 1804 945 1848 Volmarus
977 1805 1115 1862 presb.
1148 1805 1189 1849 S.
1212 1805 1327 1850 Petri
1359 1806 1485 1849 1158.

429 1882 455 1922 9
486 1880 536 1923 Κ.
569 1880 669 1924 Dec.
723 1881 862 1924 Adam
894 1882 1021 1925 abbas
1051 1882 1202 1926 Ebera.

429 1958 454 1999 8
487 1957 536 2000 Κ.
568 1957 668 2000 Dec.
722 1957 959 2001 Fridericus
990 1959 1118 2003 abbas
1150 1962 1191 2002 et
1220 1972 1331 2002 mon.
1361 1959 1403 2003 S.
1425 1959 1539 2003 Petri
1569 1959 1883 2015 Cast(ellensis).

285 2042 377 2077 1075
433 2035 458 2076 6
491 2034 540 2077 K.
573 2034 674 2078 Dec.
727 2034 962 2078 Ekebertus
994 2036 1122 2079 abbas
1154 2035 1195 2078 S.
1218 2035 1446 2079 Felicitatis
1458 2034 1481 2079 ¹.

725 2110 975 2154 Berhtoldus
1007 2112 1144 2168 presb.
1177 2115 1219 2155 et
1247 2125 1358 2156 mon.
1381 2126 1421 2156 n.
1444 2126 1584 2168 congr.
1610 2114 1735 2157 1141.

727 2186 901 2231 Gerbirc
931 2201 1131 2232 conversa
1163 2190 1288 2232 1169.

431 2263 458 2305 5
489 2263 538 2306 K.
571 2263 671 2306 Dec.
727 2250 944 2307 &delricus
976 2265 1092 2321 prior
1122 2265 1259 2320 presb.
1292 2268 1335 2308 et
1363 2278 1474 2308 mon.
1499 2279 1541 2308 11.
1567 2278 1705 2321 congr.
1731 2266 1857 2309 1137.

430 2340 459 2381 4
490 2340 540 2383 K.
572 2339 672 2383 Dec.
726 2340 992 2384 Hcrmannus
1024 2341 1151 2384 abbas
1183 2342 1425 2385 undecimus
1455 2355 1495 2385 n.
1519 2356 1658 2398 congr.
1684 2343 1809 2386 1147.

824 2409 893 2444 Hic
924 2413 980 2445 est
1007 2409 1174 2446 dominus
1204 2413 1326 2446 noster
1355 2409 1470 2446 felicis
1502 2412 1696 2447 memoriae
1719 2411 1949 2447 Hermannus

823 2467 1037 2504 undecimus
1061 2468 1167 2504 huius
1190 2468 1260 2504 loci
1284 2467 1412 2514 abbas,
1443 2469 1546 2504 cuius
1569 2472 1645 2505 tam
1671 2469 1869 2506 secundum
1893 2480 1948 2506 se—

824 2527 944 2562 culum
970 2537 1078 2572 quam
1103 2526 1302 2562 secundum
1328 2554 1336 2562 .
1352 2553 1360 2561 .
1377 2553 1385 2562 .
1410 2527 1569 2572 ingenua
1584 2529 1758 2564 virtutum
1779 2528 1948 2564 nobilitas

824 2584 991 2620 omnibus
1016 2586 1214 2621 aecclesiae
1243 2589 1389 2621 nostrae
1412 2584 1494 2621 filiis
1526 2590 1674 2622 aeterna
1696 2586 1887 2623 habebitur
1910 2587 1948 2623 in

823 2644 964 2690 secula;
988 2643 1147 2679 interiori
1172 2647 1209 2679 et
1233 2644 1402 2679 exteriori
1418 2654 1525 2680 curae
1541 2645 1734 2690 vigilanter
1748 2645 1948 2682 inserviens

824 2702 969 2746 copiose
1000 2705 1075 2737 tam
1101 2701 1275 2737 aedificiis
1299 2712 1407 2747 quam
1433 2702 1512 2738 aliis
1537 2703 1756 2740 ornamentis
1781 2703 1947 2741 decorem

824 2760 953 2796 domus
978 2760 1047 2796 Dei
1071 2759 1315 2805 amplificavit.

432 2825 458 2866 3
490 2824 539 2866 K.
572 2824 671 2867 Dec.
726 2824 874 2868 Waldo
905 2825 1049 2881 laicus,
1081 2830 1200 2882 pater
1230 2826 1372 2868 domni
1401 2825 1606 2880 Egilberti
1637 2827 1834 2883 episcopi.

495 2934 527 2967 1.
559 2931 829 2970 Suarzahensis.
873 2935 918 2971 V.
951 2934 1063 2970 addit.
1097 2934 1144 2970 ad
1180 2934 1392 2971 Ekkehardi
1427 2935 1569 2981 chron.,
1613 2936 1708 2972 Mon.
1734 2935 1855 2972 Germ.
1880 2934 1946 2972 SS.

400 2990 453 3026 VI
477 2991 556 3026 201.
