2028 3438
415 245 503 288 634
756 257 919 288 Esoms
950 259 1056 288 vri-A
1088 257 1295 289 o'r'roms.
1343 259 1430 289 LIB.
1453 259 1486 288 11
1520 256 1636 290 11.12

298 374 390 421 1124
414 364 559 421 pulum
592 365 873 418 congregavit.
928 363 1204 421 Computatus
1243 367 1308 407 est
1339 367 1477 407 autem
1508 372 1706 408 numerus
1736 364 1970 422 baptizato·

413 455 507 484 rum
538 441 610 483 illo
643 444 831 497 tempore
863 441 1011 495 viginti
1041 441 1122 483 duo
1155 440 1273 483 milia
1305 444 1346 484 et
1376 445 1543 484 8811111111
1564 441 1968 498 quinquaginweox

414 517 625 571 homines,
665 531 768 573 quos
799 520 920 574 pater
951 521 1140 572 sanctus,
1179 531 1255 573 pro
1286 517 1524 572 ignorantia
1553 519 1753 562 creatoris
1781 522 1833 563 etf
1856 519 1969 564 cultu

414 595 477 637 rei
520 595 776 638 insensibilis
823 597 1087 650 comparatos
1127 594 1326 637 iumentis
1376 594 1675 651 insipientibus
1706 597 1752 639 et
1777 595 1969 640 8111111188·

413 671 546 714 factos
585 669 694 714 illis¹
695 704 707 726 ,
749 671 801 714 ad
837 674 996 714 rectum
1036 671 1248 714 tramitem
1288 672 1487 727 perduxit
1524 675 1570 715 et
1602 658 1854 717 rationabile
1879 672 1970 717 Deo

416 749 509 791 vivo
542 748 787 804 obsequium
819 744 1037 791 exhibere²
1069 747 1245 790 edocuit.
1298 747 1470 804 Absque
1498 748 1656 792 noticia
1681 749 1837 793 etenim
1851 758 1971 801 arear

415 825 519 868 toris
551 826 616 868 sui
647 826 783 868 omnis
814 825 936 867 homo
969 837 1096 880 pecus
1127 827 1202 867 est.
1792 828 1794 835 ’
1872 862 1875 863 ⁷

537 903 604 945 12.
652 902 788 958 Opere
832 902 1018 958 precium
1067 904 1130 944 est
1170 904 1332 956 autem,
1379 901 1473 958 ipsa
1510 902 1636 945 etiam
1658 902 1971 958 :predicationis

416 979 505 1022 eius
535 978 751 1034 temporab
781 979 849 1021 hic
871 979 921 1022 ob
941 978 1151 1021 noticiam
1183 982 1444 1034 posterorum
1477 982 1691 1034 annotare,
1722 992 1776 1023 ne
1795 979 1973 1023 vebhoc

417 1056 580 1099 curioso
603 1056 711 1099 desit
740 1055 898 1098 lectori.
945 1055 1039 1099 Non
1061 1056 1171 1098 enim
1204 1056 1325 1112 parvi
1357 1055 1600 1112 pendendus
1622 1059 1687 1099 est
1716 1056 1817 1100 talis
1830 1056 1972 1100 fervor

418 1133 571 1176 amoris
603 1132 759 1176 Christi
791 1136 832 1175 81
862 1146 969 1189 pene
999 1133 1189 1175 inaudita
1219 1133 1283 1175 his
1314 1132 1573 1189 temporibus
1603 1134 1757 1177 mentis
1780 1133 1971 1177 eiusde—

417 1210 550 1264 votio;
590 1223 685 1252 cum
716 1210 788 1252 alii
825 1209 1042 1266 pontifices
1081 1211 1216 1265 magis
1246 1210 1427 1253 urbibus
1458 1213 1500 1253 et
1536 1210 1721 1254 castellis
1739 1223 1876 1266 ¹quum
1905 1223 1972 1254 ec-

416 1287 553 1331 clesiis
585 1287 651 1330 vel
681 1300 915 1343 pauperum
937 1287 1092 1330 Christi
1114 1288 1334 1330 domiciliis
1356 1286 1596 1331 edificandis
1616 1287 1829 1342 insistant,
1858 1287 1972 1344 plus—

418 1372 520 1420 que⁰
552 1365 669 1419 segni
707 1365 795 1407 ocio
835 1368 1001 1420 torpere
1033 1378 1154 1420 quam
1196 1368 1378 1408 remotos
1411 1364 1682 1408 barbarorum
1700 1363 1826 1408 >fines
1846 1364 1972 1408 euan-

417 1441 625 1496 gelizandi
656 1442 798 1496 gracia
829 1442 944 1484 adire
975 1445 1181 1497 satagant.
1237 1441 1345 1485 Huic
1382 1444 1521 1484 autem
1560 1452 1679 1485 servo
1709 1442 1790 1486 Dei
1819 1442 1972 1486 beatis·-

420 1519 525 1561 simo
558 1518 680 1572 longe
712 1519 795 1562 alia
824 1533 942 1562 mens
965 1523 1066 1562 erat.
1114 1519 1336 1574 Nunquam
1367 1518 1438 1561 ille
1458 1519 1973 1563 municionibus=vel-eivi-

416 1595 574 1638 tatibus
607 1596 848 1639 extruendis
880 1609 1050 1652 operam
1082 1596 1209 1650 dedit,
1242 1596 1384 1639 dicens
1406 1609 1499 1639 cum
1532 1596 1741 1652 apostolo:
1773 1596 1971 1645 Non-lta-

418 1674 556 1716 bemua
587 1675 654 1716 hie
683 1683 913 1716 manentem
937 1676 1154 1726 civitatem,
1188 1675 1260 1715 sed
1277 1674 1477 1733 saturam
1507 1670 1795 1730 inquirimu8⁸.
1842 1673 1972 1726 Porro

419 1749 610 1793 basilicas
642 1749 808 1792 Christo
841 1750 1038 1793 dicandas
1077 1749 1344 1805 fideliumque
1375 1749 1500 1793 cellas
1531 1754 1573 1793 et
1602 1749 1826 1807 hospitalia
1855 1754 1974 1794 tanta

419 1827 638 1870 devotione
670 1830 711 1870 81
740 1827 991 1870 liberalitate
1022 1828 1238 1870 annuatim
1267 1826 1499 1882 edificabat,
1531 1831 1578 1871 ut
1598 1828 1758 1871 cunctis
1788 1841 1864 1884 pro
1895 1828 1974 1871 hoc

420 1904 583 1960 stupori
604 1908 713 1947 esset
733 1908 775 1947 et
796 1905 1089 1947 ammirationi.
1181 1904 1238 1948 Et
1258 1918 1351 1948 cum
1373 1905 1503 1948 nimia
1524 1905 1600 1948 hec
1621 1905 1752 1948 divini
1772 1902 1908 1948 cultus
1928 1905 1973 1948 in

420 1981 657 2024 Teutonicis
696 1982 886 2037 partibus
919 1982 1135 2038 occupatio
1171 1982 1293 2025 facile
1324 1996 1419 2025 eum
1451 1983 1502 2026 ab
1541 1982 1672 2025 ardua
1700 1982 1825 2026 huius
1854 1993 1972 2039 pere-

419 2059 666 2113 grinationis
698 2059 871 2113 angaria
902 2059 1181 2102 excusabilem
1213 2059 1386 2102 reddere
1417 2058 1587 2114 valeret,
1622 2071 1708 2102 non
1737 2062 1890 2102 tamon*
1907 2058 1973 2102 his

419 2139 658 2191 contentus,
691 2136 960 2180 *latitudinem
1002 2139 1143 2179 sancte
1175 2137 1382 2191 caritatis,
1423 2149 1502 2191 que
1539 2137 1584 2179 in
1621 2136 1745 2179 corde
1775 2136 1869 2179 eius
1894 2134 1973 2183 dif-

419 2213 513 2255 fusa
555 2226 629 2269 per
662 2213 866 2269 Spiritum
905 2216 1093 2256 sanctum
1131 2212 1358 2268 flagrabat,
1400 2214 1526 2256 etiam
1566 2213 1619 2257 ad
1649 2213 1973 2256 remotissimam

420 2289 746 2333 Pomeranorum
779 2294 943 2344 gentem
976 2291 1200 2333 extendere
1237 2291 1418 2343 curavit3
1457 2293 1504 2332 ut
1539 2290 1626 2332 illic
1660 2290 1861 2346 populum
1901 2289 1972 2333 ad-

422 2367 658 2422 quisitionis
692 2370 734 2410 et
765 2367 871 2409 filios
903 2367 983 2409 Dei
1014 2381 1089 2423 per
1121 2354 1381 2421 euangelium
1413 2370 1650 2421 generaret,
1691 2367 1841 2422 quibus
1878 2379 1973 2409 cum

421 2444 550 2486 Paulo
588 2443 917 2498 gratulabundus
957 2444 1092 2486 dicere
1139 2447 1300 2500 posset:
1350 2445 1439 2498 Que
1483 2453 1541 2486 831
1582 2452 1727 2487 nostra
1763 2459 1857 2501 spes
1901 2453 1975 2487 aut

420 2523 623 2577 qaudium
662 2530 735 2564 aut
774 2536 929 2564 corona
965 2522 1125 2577 ylorz'e?
1170 2522 1323 2563 Nonne
1359 2536 1430 2563 vos
1468 2530 1562 2563 ante
1591 2523 1806 2564 dominum
1836 2522 1973 2564 Iesum

423 2597 630 2640 Christum
669 2601 762 2641 88113
801 2601 847 2640 in
886 2600 1063 2641 adventu
1094 2599 1207 2640 eius?
1261 2598 1340 2641 Vos
1378 2599 1486 2639 enim
1524 2600 1617 2640 estis
1652 2599 1793 2654 yloria
1830 2607 1973 2641 noma

425 2684 462 2717 et
498 2672 724 2731 qaudz'um‘*
755 2690 804 2716 ac·
834 2675 1095 2731 siqnaculum
1134 2675 1390 2731 apostolatus
1422 2672 1535 2716 mei⁵.
1656 2674 1783 2717 Cuius
1820 2674 1972 2717 felicis-

520 2813 547 2833 a.
580 2804 687 2833 similis
714 2803 743 2833 (J.
868 2804 896 2833 b.
929 2806 1063 2842 tempore
1090 2803 1120 2834 C.
1245 2813 1269 2833 c.
1301 2804 1459 2842 plusquam
1485 2802 1514 2833 Ο.

520 2874 550 2907 1.
576 2873 634 2907 Ρ8.
653 2872 710 2917 48,
731 2873 790 2907 13:
819 2870 1070 2917 „comparatus
1096 2876 1152 2908 est
1176 2873 1345 2908 iumentis
1366 2871 1618 2918 insipientibus
1644 2874 1681 2907 et
1705 2872 1830 2907 similis
1854 2870 1972 2922 factus

425 2933 482 2966 est
505 2930 574 2965 illis
586 2930 615 2965 “.
748 2932 780 2966 2.
806 2932 909 2967 Rom.
930 2933 984 2977 12,
1004 2932 1036 2966 1.
1167 2933 1200 2967 3.
1227 2930 1335 2967 Hebr.
1355 2931 1411 2977 13,
1430 2931 1484 2966 14.
1621 2931 1655 2966 4.
1682 2931 1701 2966 1
1720 2929 1848 2966 Thess.
1863 2931 1896 2976 2,
1916 2930 1971 2966 19.

425 2990 458 3025 5.
485 2990 504 3025 1
523 2988 682 3026 Corinth.
700 2990 733 3035 9,
759 2991 791 3025 2.
