2028 3438
364 221 392 264 2
937 219 1156 264 nmmum
1185 232 1342 264 oonnx

362 340 504 395 sicque
532 340 722 382 interitui
752 347 931 381 extortas
961 340 1179 395 prodendo
1205 340 1388 395 posteris
1420 337 1640 380 Udalricus
1670 338 1717 380 in
1747 338 1852 395 viris
1872 331 1943 380 de¹
1974 378 1977 381 .

363 416 540 459 historia
569 424 714 459 nostra
743 417 902 458 meritis
932 416 1138 459 illustrem
1169 416 1304 458 locum
1336 415 1524 457 obtinuit.
1571 413 1743 456 Eoeilior
1761 414 1920 457 mimus·-

364 507 445 549 que
474 493 591 536 utilis
623 501 682 535 est
712 501 944 550 apparatus
964 493 1257 548 formularum
1280 501 1403 548 atque
1423 491 1663 534 tabularum
1681 490 1922 543 multonem,

366 570 516 626 quibus
546 571 777 612 inserendis
809 570 1044 623 Udalricus,
1078 567 1188 612 nihil
1219 571 1385 612 omnino
1409 570 1459 611 ole
1479 569 1657 611 historia
1677 582 1844 621 curans,
1877 567 1926 610 id

364 662 495 690 unum
526 648 834 703 assequebatur,
868 656 914 690 ut
943 648 1154 690 scribendi
1178 647 1471 689 similitudines
1493 645 1696 702 discipuli
1716 645 1921 688 haberent.

367 723 464 777 Qua
494 725 546 766 de
576 740 705 767 causa
725 726 771 767 in
791 726 1022 781 repetendis
1044 727 1129 767 sive
1149 725 1254 767 adeo
1277 724 1542 766 decurtandis
1564 722 1731 775 tabulis,
1763 735 1926 764 summa

364 815 505 843 rerum
534 803 702 844 incuria
732 817 845 854 usus,
879 817 1174 859 saepenumero
1204 810 1241 844 et
1260 803 1384 858 siyna
1404 800 1699 856 chronoloyica
1716 799 1928 842 mutilavit

366 887 405 921 et
425 879 567 921 titulos
589 880 651 922 ita
670 879 864 935 neqlexit‚
896 888 944 922 ut
970 894 1052 935 pro
1083 881 1410 936 „imperator
1440 876 1727 934 augustus?
1752 876 1925 934 ssaliquo-

366 957 440 998 ties
472 953 633 1010 „rex‘f
664 964 848 1012 poneret,
883 965 920 998 et
948 958 1045 1013 ipsa
1074 958 1247 998 nomina
1277 957 1399 998 modo
1424 968 1604 1012 prorsus
1636 955 1776 997 omisit
1802 955 1926 998 modo

366 1034 633 1075 commutavit
661 1034 747 1075 sive
768 1048 861 1075 cum
881 1034 1052 1089 vulyari
1078 1033 1215 1076 littera
1235 1033 1292 1075 N.
1316 1035 1401 1075 sive
1428 1047 1521 1075 cum
1541 1032 1630 1074 alia
1651 1046 1781 1089 eaque
1797 1031 1928 1088 plane

353 1109 480 1165 falsa
512 1110 651 1153 littera
681 1110 905 1166 sinyulari.
955 1111 1044 1154 Sed
1072 1111 1171 1153 haee
1201 1112 1305 1153 vitia
1326 1111 1420 1152 ideo
1441 1111 1601 1152 modice
1608 1109 1801 1165 ferenda⁴
1814 1108 1924 1162 sunt,

366 1187 481 1242 quod
523 1187 590 1229 vel
625 1188 910 1243 plurimarum
946 1188 1187 1230 tabularum
1219 1188 1396 1230 illarum
1434 1195 1509 1230 aut
1545 1188 1727 1230 omnino
1745 1185 1928 1230 meliora

367 1264 556 1320 exempla
586 1273 661 1307 aut
690 1267 788 1322 ipsa
818 1267 996 1322 denique
1026 1266 1252 1324 archetypa
1282 1267 1406 1307 etiam
1436 1265 1558 1307 hodie
1586 1267 1767 1308 manent.

485 1341 566 1383 Ille
599 1356 696 1384 vero
728 1344 856 1385 codem
891 1341 1133 1386 Gebehardo
1166 1344 1361 1399 episcopo
1393 1343 1608 1385 dedicatus
1632 1342 1801 1398 perii&¹
1837 1340 1929 1384 Neo

366 1418 643 1461 dubitandum
676 1428 754 1472 est,
795 1421 899 1476 quin
931 1427 1006 1463 aut
1037 1435 1087 1462 ex
1117 1421 1258 1462 eodem
1288 1419 1395 1461 libro
1419 1420 1632 1476 posterius
1663 1415 1843 1462 adaucto
1871 1418 1929 1461 iis

365 1497 655 1548 monumentis,
690 1510 798 1552 quae
828 1498 886 1539 ad
915 1512 1123 1540 annorum
1154 1497 1331 1539 1125—
1349 1497 1471 1540 1137
1494 1498 1680 1553 spatium
1699 1497 1927 1554 pertinent,

367 1580 442 1615 aut
462 1587 526 1636 'ex
556 1572 642 1615 alio
675 1574 886 1616 consimili
914 1576 1095 1616 eiusdem
1127 1574 1312 1631 exemplo
1343 1576 1440 1617 item
1462 1575 1633 1631 perdito
1662 1573 1929 1630 provenerint

367 1650 450 1693 duo
483 1650 560 1711 qui
587 1660 811 1706 supersunt
841 1653 965 1694 totius
997 1653 1135 1708 operis
1166 1652 1340 1704 codices,
1374 1666 1552 1707 quorum
1582 1659 1775 1694 neutrum
1805 1650 1930 1694 alteri

366 1728 584 1770 servivisse
613 1728 753 1783 liquet.
804 1727 892 1781 Qui
920 1730 1088 1785 quidem
1118 1729 1166 1770 Iti
1192 1737 1308 1771 sunt.-

488 1803 573 1857 (V)
602 1803 741 1847 Codex
762 1805 1046 1849 bibliothecae·
1049 1821 1265 1849 caesareae
1290 1806 1709 1848 Vindobonensis
1729 1805 1819 1848 398
1835 1804 1927 1858 (ius

369 1896 460 1923 can.
482 1880 570 1933 45)
599 1882 958 1935 membranaceus,
987 1883 1139 1938 forma
1172 1885 1381 1935 maxima,
1410 1883 1624 1938 foliorum
1653 1881 1766 1935 150,
1800 1896 1928 1939 quem

366 1973 475 2000 unus
507 1958 707 2001 librarius
740 1967 777 2001 et
806 1960 1026 2002 intervallo
1059 1961 1226 2015 quidem
1257 1975 1464 2002 annorum
1488 1959 1796 2003 1154—-1159
1826 1974 1928 2002 exa—

366 2036 491 2087 ravit,
524 2038 631 2078 sicut
662 2051 713 2078 ex
740 2037 984 2092 pontificum
1013 2037 1303 2080 Romanorum
1334 2038 1523 2093 cataloqo
1554 2037 1822 2093 manifestim
1853 2044 1929 2090 eat,

367 2112 549 2155 eiusdem
578 2126 708 2154 manu
730 2115 917 2156 admioeto
930 2110 952 2155 ¹.
1006 2114 1239 2158 Tenebatur
1265 2115 1430 2158 saeculo
1450 2114 1579 2157 XIII
1601 2116 1648 2157 in
1669 2113 1933 2165 Cisterciensi

369 2188 416 2232 S.
440 2187 584 2232 Crucis
615 2190 809 2232 coenobio
838 2206 973 2247 prope
1002 2191 1313 2245 Vindobonam,
1345 2193 1422 2234 ubi
1449 2201 1530 2235 tres
1562 2193 1742 2234 eiusdem
1771 2190 1930 2234 saeculi

366 2280 516 2308 manus
546 2267 655 2308 inter
674 2282 718 2309 se
744 2268 977 2323 differentes
998 2271 1044 2311 in
1065 2271 1291 2311 novissima
1313 2270 1467 2311 codicis
1486 2269 1607 2323 folia
1627 2269 1720 2312 149
1734 2284 1758 2310 υ
1779 2276 1819 2311 et
1837 2266 1928 2311 150

366 2343 596 2386 retulerunt
616 2345 820 2387 nonnulla
841 2347 1001 2402 scripta
1021 2346 1079 2387 ad
1098 2347 1207 2388 idem
1228 2347 1469 2388 coenobium
1489 2347 1722 2402 spectantia
1728 2361 1744 2396 ,⁸
1772 2361 1799 2387 a
1821 2358 1928 2401 qua-

367 2434 462 2463 rum
492 2435 693 2462 manuum
721 2424 865 2478 prima
897 2431 956 2465 est
984 2422 1102 2478 infra
1134 2432 1261 2479 caput
1287 2423 1390 2475 280,
1423 2423 1475 2465 ab
1507 2423 1640 2466 altera
1671 2438 1763 2479 cap.
1781 2422 1870 2465 282
1891 2430 1929 2465 et

367 2496 469 2550 283,
503 2512 531 2538 a
561 2499 683 2540 tertia
715 2514 806 2555 cap.
829 2500 931 2542 281.
979 2499 1212 2558 Aliquanto
1241 2508 1338 2556 post
1367 2501 1547 2542 codicem
1575 2501 1621 2542 in
1643 2499 1928 2542 bibliothecam

367 2574 649 2616 universitatis
680 2574 1009 2619 Vindobonensis
1041 2578 1262 2630 devenisse,
1301 2578 1526 2634 comperiri
1551 2585 1688 2634 potest
1716 2592 1766 2620 ea:
1797 2578 1927 2620 erasis

354 2649 467 2704 folii
489 2650 514 2692 1
548 2651 683 2693 verbis
715 2652 802 2693 his:
836 2654 966 2704 „Est
994 2655 1368 2698 universitatis
1400 2654 1797 2697 bibliothecae“.
1845 2653 1926 2696 At-

367 2734 504 2768 tamen
530 2727 628 2782 fuit
656 2730 821 2771 ineunte
851 2731 1015 2772 saeculo
1040 2731 1185 2774 XVII
1210 2730 1349 2784 (1608
1358 2730 1562 2784 —1636)
1594 2746 1674 2783 „eat
1705 2731 1824 2773 libris
1849 2730 1927 2774 Se-

368 2803 554 2846 bastiani
587 2803 829 2862 Tenynaqel
858 2806 894 2848 I.
922 2806 967 2849 V.
992 2807 1050 2849 D.
1083 2816 1120 2851 et
1150 2807 1264 2850 Caes.
1294 2808 1562 2851 bibliothecae
1590 2807 1797 2864 praefecti
1808 2807 1846 2859 “‚
1881 2808 1929 2849 id

369 2881 483 2946 quod
521 2882 617 2924 item
654 2883 700 2923 in
725 2883 814 2936 fol.
838 2883 864 2925 1
898 2884 1083 2939 legimus.
1141 2886 1280 2941 Atque
1317 2886 1354 2927 is
1384 2899 1469 2927 non
1500 2885 1635 2927 solum
1670 2883 1926 2937 Gretserum,

464 2967 496 3002 1.
522 2967 567 3003 V.
591 2965 685 3002 infra
709 2972 819 3013 caput
844 2970 924 3004 279.
