2028 3438
388 274 475 317 320
869 283 872 286 ⁴
897 287 1123 318 UDAmer·
1149 287 1316 318 connx.
1365 286 1432 321 :183

173 402 365 437 c.1106—
386 390 610 435 relectione
642 391 897 436 exhilaratus
907 399 934 449 ⁶,
966 407 1220 450 quamquam
1244 394 1460 437 commode
1485 393 1718 450 quidemet
1734 398 1942 440 rectessvos

220 449 312 485 1118

386 469 514 512 sciam
553 468 673 512 nobis
713 469 947 524 consulere,
994 483 1079 512 non
1116 474 1258 514 tamen
1294 474 1383 514 tam
1421 474 1590 515 nostrae
1635 472 1943 516 commoditatis

385 558 508 601 quam
543 551 644 589 cura
672 549 838 590 vestrae
869 560 1041 591 moveor
1071 547 1319 592 dilectionis.
1366 548 1459 592 Iure
1482 548 1943 607 itaque-iamvarin-

384 623 494 679 cipio
530 626 620 666 tota
654 623 807 666 mentis
846 622 1085 679 affectione,
1124 623 1221 668 fidei
1259 629 1505 682 vestraeque
1543 626 1732 670 caritatis
1768 622 1942 671 devotus

384 699 603 755 obsequio,
643 700 943 743 familiaritatis
974 704 1139 745 vestrae
1176 703 1357 757 gratiam
1393 716 1558 760 semper
1589 702 1942 758 affectabamgzaen

383 777 614 833 impensius
653 791 745 820 eam
784 781 872 820 toto
910 777 1191 834 complectens
1232 779 1459 835 desiderio,
1500 785 1656 837 quanto
1691 782 1759 824 ets
1778 778 1943 825 morum

384 857 620 898 vestrorum
650 854 901 911 probitatem
934 858 975 898 et
995 857 1158 899 vestrae
1167 855 1181 879 ¹¹
1203 857 1434 900 nobilitatis
1456 858 1648 901 novimus
1667 857 1941 903 honestatem.

384 931 573 974 Honesta
611 946 708 987 ergo
749 936 790 975 et
825 932 1007 987 benigna
1045 936 1267 989 exoptatae
1305 938 1469 978 vestrae
1505 934 1942 981 familiaritatis-:usus

385 1008 679 1064 benivolentia,
711 1022 791 1064 que
822 1010 1000 1064 benigne
1031 1023 1129 1066 sepe
1159 1011 1263 1053 mihi
1293 1013 1504 1068 praesenti
1535 1026 1609 1055 vos
1642 1002 1965 1056 meminicon'?

384 1085 552 1141 tulisse,
593 1087 802 1129 consuetis
834 1100 882 1130 ac
915 1087 1094 1143 publicis
1131 1087 1397 1132 liberalitatis
1428 1093 1592 1133 vestrae
1631 1088 1787 1146 deputo
1802 1089 1943 1134 ³beness-

384 1162 502 1205 ficiis.
560 1162 676 1213 Quod
708 1166 849 1206 tamen
887 1163 1011 1207 solita
1046 1164 1304 1219 benignitate
1335 1166 1468 1209 nostri
1506 1167 1754 1223 quandoque
1782 1164 1944 1212 memor

386 1240 506 1294 estis,
538 1243 655 1282 tanto
687 1241 838 1283 maiori
870 1241 997 1295 digna
1025 1255 1121 1284 reor
1152 1243 1411 1299 acceptione,
1454 1257 1534 1299 quo
1564 1245 1701 1299 magis
1729 1244 1775 1288 id
1804 1248 1943 1289 vestro

385 1317 578 1372 congruit
615 1317 750 1360 officio
781 1321 824 1360 et
858 1322 1023 1373 mutue,
1073 1319 1253 1362 amicum
1291 1320 1431 1376 potius
1468 1324 1609 1364 mente
1648 1334 1773 1377 quam
1812 1321 1943 1376 'oculis

387 1394 572 1450 aspicere
586 1391 607 1436 ¹.
657 1394 722 1437 Ac
752 1408 848 1450 nos,
888 1396 1002 1439 omni
1033 1397 1201 1452 quidem
1240 1397 1459 1441 devotione
1488 1397 1668 1455 fideique
1703 1395 1944 1443 sinceritate

386 1471 503 1514 vobis
536 1485 701 1528 semper
722 1471 905 1527 obnoxii,
938 1474 1101 1517 meritis
1122 1475 1272 1517 vestris
1294 1488 1343 1517 ac
1370 1475 1580 1518 beneficiis
1612 1475 1812 1531 obligati,⁴
1829 1476 1945 1520 mi‘lla

385 1547 570 1591 locorum
592 1549 837 1603 remotione,
858 1550 975 1593 nulla
995 1564 1136 1594 rerum
1157 1554 1393 1594 nostrarum
1417 1553 1688 1608 occupatione
1710 1553 1762 1596 ab
1778 1556 1945 1597 assueta

387 1628 429 1667 et
459 1626 699 1679 gratissima
730 1627 858 1669 vestri
889 1628 1176 1671 recordatione
1207 1629 1486 1685 impediemur
1516 1630 1728 1684 omnino‘3
1769 1644 1817 1674 eo
1846 1615 1943 1674 voto

387 1705 428 1745 et
459 1702 595 1757 gratia
626 1716 702 1758 pro
725 1703 842 1746 vobis
874 1718 1039 1761 semper
1060 1705 1276 1761 sollicitus,
1309 1710 1355 1749 ut
1376 1707 1602 1762 quemlibet
1622 1711 1777 1751 statum
1803 1722 1944 1752 rerum

386 1782 622 1822 vestrarum
653 1783 894 1836 reputemus
925 1786 1128 1825 nostrum.
1180 1783 1244 1826 De
1275 1786 1415 1826 vestra
1446 1797 1543 1838 ergo
1574 1784 1657 1827 nisi
1685 1784 1810 1828 fallor-
1839 1786 1943 1828 ami-

386 1856 511 1911 cicia,
552 1858 794 1912 quecunque
825 1858 1012 1901 condicio
1043 1860 1214 1902 tandem
1253 1860 1394 1903 divino
1432 1865 1537 1904 nutu
1574 1875 1650 1904 nos
1691 1862 1942 1918 expectabit,

387 1934 423 1976 si
454 1946 670 1990 prospera,
703 1936 887 1990 profecto
919 1936 1132 1979 vobiscum
1164 1937 1286 1980 nobis
1317 1938 1398 1980 erit
1427 1938 1656 1994 iocundior,
1689 1939 1726 1982 si
1754 1939 1942 1995 adversa,

385 2014 524 2053 vestro
556 2014 603 2053 ut
634 2024 755 2067 spero
786 2012 920 2055 lenior
952 2014 1119 2057 auxilio.
1168 2014 1255 2058 Nec
1286 2015 1394 2058 enim
1419 2015 1621 2072 parvum‘¹
1643 2016 1688 2058 in
1719 2016 1944 2060 vobis-nec

387 2087 579 2143 dubium,
619 2088 655 2131 si
687 2102 791 2145 opus
822 2090 968 2145 fuerit,
1006 2091 1050 2133 in
1082 2094 1222 2135 vestra
1251 2091 1460 2148 probitate
1490 2093 1610 2137 nobis
1648 2087 1942 2150 proposuimus

385 2164 606 2219 refugium.
1342 2168 1344 2170 ’
1771 2173 1774 2175 ’

503 2242 713 2297 Rogamus
735 2246 874 2287 autem
896 2257 969 2287 vos
991 2247 1033 2287 et
1057 2245 1323 2289 obsecramus
1355 2246 1595 2303 plurimum,
1627 2250 1687 2302 ut,
1720 2246 1941 2303 aliquando

371 2315 640 2363 ‘mentionem
672 2321 783 2377 apud
814 2321 1028 2364 dominum
1061 2335 1200 2365 meum
1233 2324 1472 2380 episcopum
1498 2324 1712 2379 facientes,
1744 2324 1942 2380 quemad—

386 2397 556 2439 modum
588 2398 703 2440 scitis
735 2402 777 2441 et
806 2399 996 2454 potestis,
1027 2412 1102 2442 nos
1135 2399 1174 2442 ei
1204 2400 1523 2454 commendetis3
1563 2401 1673 2456 quia,
1706 2401 1794 2444 eius
1826 2401 1942 2445 salva

386 2474 523 2527 gratia
543 2474 662 2517 nobis
684 2488 732 2518 ac
753 2475 954 2531 propicia,
977 2475 1028 2518 de
1048 2476 1209 2532 reliquo
1231 2477 1461 2520 timendum
1482 2491 1567 2520 non
1587 2477 1749 2521 estimo.
1780 2477 1938 2521 Valete.

479 2612 504 2633 a.
538 2603 728 2642 exhylaratus
744 2604 778 2634 Z.
889 2606 919 2635 b.
946 2605 999 2647 nie
1022 2606 1051 2636 V.
1162 2616 1188 2636 c.
1217 2607 1337 2637 omnino
1360 2606 1432 2645 (oio)
1455 2606 1570 2646 scripsi
1583 2617 1647 2647 pro
1669 2607 1767 2638 animo
1790 2606 1863 2646 (aio)
1883 2607 1940 2638 VZ.

386 2655 416 2684 d.
447 2655 540 2694 parva
561 2656 595 2686 Z.

481 2730 513 2765 1.
541 2730 594 2766 Of.
614 2732 717 2776 epist.
734 2733 801 2768 182
826 2737 936 2778 supra
959 2744 994 2778 p.
1012 2734 1099 2769 319:
1128 2734 1208 2780 „illo
1225 2738 1346 2770 tamen
1370 2733 1534 2780 profecto
1551 2734 1683 2770 mentis
1704 2735 1808 2771 oculo
1832 2735 1940 2781 longe

387 2788 541 2834 digniori
566 2793 602 2825 et
627 2792 872 2827 excellentiori
896 2795 933 2839 te
958 2792 1100 2828 vide0“.
