2028 3438
381 273 469 314 460
838 284 1058 317 UDALRIGI
1088 286 1256 317 oonux.
1305 284 1491 319 274—277

384 388 500 435 274.
530 390 600 434 De
630 392 762 434 tribus
792 391 1051 435 miaeihdz’ei
1078 393 1235 436 natalia
1266 391 1454 435 Chr-lew.
1637 429 1639 431 .
1715 407 1718 420 2
1748 393 1801 446 OE
1822 393 1944 448 120)

589 478 811 523 ln'natal'e
843 484 966 523 sacro
993 491 1110 523 sacre
1142 479 1391 537 sollempnia
1421 481 1547 524 misse
1650 488 1653 492 ⁴
1777 499 1780 505 ⁴

665 555 772 606 Quid
804 554 970 611 si'gh'ent
1001 546 1085 599 aut¹
1103 547 1271 601 our'ter
1303 547 1591 613 celebrentur,
1609 548 1749 602 habes.
1792 578 1794 581 v

593 633 725 676 Nocte
756 633 885 689 prior,
919 633 994 676 sub
1025 633 1118 677 luce
1149 647 1340 689 sequens,
1373 635 1417 677 in
1447 634 1539 678 luce
1568 648 1779 692 suprema,

666 709 751 752 Sub
782 709 885 764 Noe,
911 709 995 753 ⁴sub
1026 710 1197 767 templo,
1230 711 1306 754 sub
1338 723 1459 755 cruce
1489 725 1609 755 saera
1628 714 1799 757 notant.

555 798 572 828 5
596 785 681 829 Sub
711 786 813 842 Noe,
844 786 922 830 sub
952 786 1104 842 David,
1137 787 1213 830 sub
1241 786 1407 831 Christo
1438 801 1558 832 saera
1586 789 1727 833 fueret'

662 862 770 918 Nox,
799 877 968 918 aurora,
1001 863 1109 907 dies:
1142 864 1303 921 umbra,
1335 864 1482 921 figura,
1514 865 1642 909 Deus.
1660 880 1685 894 ³

383 1003 500 1049 275.
529 1005 635 1053 Diei
663 992 915 1062 temporibus
948 1021 1055 1063 quae
1084 1009 1195 1049 ratio
1227 1009 1282 1050 sit
1313 1022 1405 1050 cum
1436 1005 1593 1050 Christi
1620 1007 1743 1057 vitaz

1714 1084 1766 1138 (E
1788 1084 1807 1128 I
1828 1085 1886 1128 20
1895 1085 1936 1138 a)

593 1158 641 1202 In
671 1159 877 1202 matutino
909 1160 1163 1216 dampnatur
1193 1163 1381 1217 tempore
1410 1160 1616 1216 Christus,

593 1235 681 1286 Quo
713 1236 909 1279 matutini
941 1240 1162 1280 cantantur
1192 1240 1380 1294 tempore
1411 1237 1574 1293 psalmi.

593 1312 766 1363 Quando
797 1314 1042 1368 resurrexit,
1075 1314 1253 1370 primam
1287 1315 1399 1357 canit
1429 1315 1530 1358 ordo
1560 1314 1707 1358 fidelis.

594 1390 741 1433 Tereia
772 1403 865 1433 oum
897 1391 1074 1446 canitur,
1108 1394 1208 1434 tune
1238 1395 1302 1434 est
1331 1392 1587 1435 cruciamina
1615 1405 1777 1449 passus.

554 1478 571 1509 5
595 1466 724 1510 Sexta
752 1470 852 1510 sunt
882 1468 1051 1511 tenebre
1082 1481 1157 1524 per
1188 1468 1333 1511 mundi
1364 1468 1534 1512 climata
1562 1469 1691 1526 faot03

592 1543 672 1587 Est
701 1545 853 1587 missus
884 1557 995 1587 nona
1026 1544 1190 1588 divinus
1224 1545 1407 1602 Spiritus
1437 1546 1552 1589 hora.

592 1621 775 1677 Vespere
807 1621 1056 1665 clauduntur
1078 1622 1235 1666 Christi
1266 1636 1387 1666 sacra
1416 1623 1590 1667 menbra
1619 1623 1858 1680 sepulchro3

594 1697 759 1745 Christo
790 1699 854 1741 bis
885 1712 986 1742 sena
1016 1700 1205 1742 custodia
1235 1700 1405 1756 ponitur
1436 1700 1550 1743 hora.

382 1838 498 1884 276.
527 1839 619 1883 ⁰De
657 1843 802 1897 patre
838 1840 1081 1884 familias.
1773 1841 1824 1895 (E
1848 1842 1931 1896 17)

591 1929 724 1972 Vinea
755 1929 867 1972 culta
897 1930 989 1984 fuit,
1023 1929 1203 1973 cultores
1234 1931 1396 1987 premia
1427 1935 1618 1986 querunt.

590 2006 686 2049 Non
715 2005 834 2049 labor
863 2007 1036 2062 equalis,
1070 2006 1234 2062 equalia
1265 2007 1375 2050 dona
1403 2008 1594 2061 fuerunt;

591 2083 670 2134 Qui
702 2084 815 2126 venit
846 2087 1071 2139 extremus,
1103 2084 1390 2140 dispensatore
1421 2088 1608 2140 vocante,

592 2160 870 2203 Tantumdem
901 2161 1062 2217 recipit,
1096 2165 1298 2217 quantum
1330 2162 1400 2217 qui
1431 2166 1603 2206 venerat
1633 2166 1741 2206 ante.

552 2249 570 2278 5
595 2236 664 2279 Sic
693 2237 807 2281 Deus
840 2238 1039 2281 ostendit:
1073 2239 1183 2294 quia,
1216 2239 1545 2295 quandocunque
1574 2239 1764 2296 velimus,

550 2315 553 2319 ’
591 2313 898 2368 Aggrediamur
928 2329 1046 2371 opus,
1078 2316 1181 2358 oerti
1212 2315 1262 2358 de
1293 2329 1464 2358 munere
1495 2316 1637 2359 simus.

381 2453 497 2499 277.
527 2455 620 2499 ‘'De
661 2456 1027 2500 adherentibus
1071 2457 1188 2500 huic
1228 2458 1424 2501 mundo.
1770 2459 1926 2513 (1⁴:18)

590 2544 721 2595 Quam
754 2546 901 2588 merito
934 2549 1107 2600 merent,
1141 2546 1211 2600 qui
1242 2547 1386 2590 mundi
1418 2547 1540 2591 rebus
1573 2547 1785 2604 adherent,

590 2620 695 2664 Cum
725 2636 792 2664 res
824 2623 1032 2666 mundane
1062 2622 1122 2665 nil
1154 2623 1238 2666 sint
1266 2623 1349 2666 nisi
1380 2637 1531 2667 nomen
1561 2624 1704 2668 inane!

589 2698 750 2741 Nomen
780 2700 924 2742 inane:
957 2714 1100 2754 genus,
1132 2701 1306 2756 specieS,
1338 2701 1563 2756 opulentia,
1595 2702 1727 2745 fenus.

588 2775 770 2826 Quilibet
801 2777 1007 2820 attendat:
1039 2777 1203 2831 generis
1235 2777 1334 2832 quid
1363 2778 1476 2820 fama
1507 2779 1719 2835 rependat.

549 2865 566 2894 5
589 2851 749 2896 Nobilis
782 2857 869 2896 esto
902 2854 1016 2909 satis,
1050 2854 1149 2909 quid
1180 2855 1363 2898 conferet
1393 2855 1612 2898 utilitatis?

468 2979 493 2999 a.
526 2979 563 2999 ea:
585 2970 690 3006 V2v,
723 2971 752 3000 Z
772 2981 804 3010 p.
820 2973 847 3001 4.
977 2972 1005 3001 b.
1038 2981 1075 3001 ex
1097 2973 1124 3002 1⁷
1142 2973 1281 3008 2v—3‚
1311 2972 1390 3012 Zp.
1407 2974 1436 3003 5.
1555 2977 1594 3003 Ὃ.
1627 2983 1664 3004 ex
1686 2973 1767 3012 172,
1796 2974 1928 3015 Zp.3.'

376 3022 405 3052 d.
437 3032 474 3052 ex
495 3023 570 3060 V2,
594 3023 621 3053 Z
640 3033 673 3063 p.
689 3024 719 3054 3.
