2028 3438
645 251 868 284 umuum
898 252 1067 285 conax.
1117 252 1163 286 35
1635 243 1688 287 67

116 356 330 415 praefato.
348 357 539 403 antistite
572 358 748 414 suisque
784 357 1000 415 fidelibus,
1045 359 1098 403 ad
1138 361 1506 417 praenominatam
1544 361 1690 406 villam
1714 373 1919 409 1068-1069

116 433 390 480 venimus-,set
409 448 580 480 omnem
606 435 892 481 dominatum·
921 439 1115 481 nostrum
1141 438 1196 482 ad
1217 438 1395 482 eundem
1424 438 1562 482 locum
1594 452 1691 496 per·
1765 421 1821 452 ¹¹¹¹·
1837 422 1856 453 ⁷

115 511 324 557 fluentem-
365 512 422 557 ad
466 512 600 558 altare
645 513 832 558 eiusdem
880 514 1081 559 ecclesiae
1130 515 1176 558 in
1222 527 1347 560 usum
1393 516 1689 560 canonicorum

114 588 276 636 ibidem
291 589 416 635 :Deos
424 590 723 636 famulantium
742 590 868 635 firma
889 591 1100 647 legatione
1121 592 1394 648 tradidimus;
1429 597 1608 651 excepta
1629 594 1692 637 di-

113 666 248 725 midi»
275 670 411 725 pane>
429 668 647 714 vinearum
669 682 764 726 cum
787 669 873 714 suis
895 669 1147 714 vinitoribus
1173 673 1217 714 et
1237 670 1324 714 suis
1346 671 1691 728 stipendionariis

115 745 243 802 agris,
271 745 330 791 ad
358 745 536 790 eandem
565 746 836 791 medietatem
856 748 1180 805 pertinentibus,
1213 751 1256 793 et
1282 749 1429 807 paucis
1452 749 1689 807 mancipiis,

114 835 294 878 quorum
321 823 427 868 haec
456 824 630 874 nomina
659 828 759 871 sunt
789 859 799 868 .
818 858 829 868 .
880 824 1026 870 Sciant
1057 827 1186 870 etiam
1216 827 1406 871 universi
1437 830 1523 871 tam
1558 827 1692 871 futuri

114 913 253 958 quam*
270 902 507 959 praesentis
538 903 631 947 aevi
660 901 828 958 fideles,
859 917 937 947 nos
968 904 1230 962 praedictam
1261 905 1602 963 praeposituram
1636 905 1690 949 ad

111 979 674 1038 praenominatasreliquias
706 995 756 1025 ea
776 981 1020 1026 condicione
1042 982 1271 1039 delegasse,
1302 986 1351 1027 ut
1381 983 1494 1027 idem
1527 983 1690 1040 episco-

111 1070 193 1114 pas
211 1057 460 1113 eanonicam
489 1058 606 1103 illam
639 1062 726 1103 tam
757 1059 804 1103 in
825 1058 1044 1104 aedifficiis
1075 1074 1203 1117 quam
1235 1060 1533 1105 ecclesiasticis
1565 1074 1690 1106 orna-

110 1135 266 1189 mentis
285 1138 331 1189 et
342 1136 588 1187 ‚necessaria
606 1137 786 1180 fratrum
806 1137 964 1182 ibidem
980 1137 1071 1182 Deo
1088 1139 1362 1183 servientium
1379 1139 1689 1183 sustentatione

109 1212 392 1270 itasgublimet
421 1217 464 1262 et
493 1217 683 1270 exornet,
714 1217 763 1259 ut
791 1218 834 1259 et
853 1215 935 1259 Dei
965 1217 1192 1260 servicium
1223 1216 1320 1272 iuge
1351 1220 1688 1274 perpetuumque

110 1294 387 1348 oumssossta
412 1295 739 1349 nostrorumque
768 1296 992 1351 parentum
1025 1297 1067 1338 et
1096 1294 1232 1352 ipsius
1264 1295 1452 1352 episcopi
1482 1295 1688 1339 memoria

108 1368 226 1427 inibi,
239 1373 500 1427 perseveret.
547 1369 669 1415 Hanc
700 1370 828 1415 etiam
850 1372 1088 1416 cautionem
1118 1372 1164 1416 in
1185 1372 1330 1417 eadem
1353 1372 1586 1417 tradicione
1608 1372 1686 1416 sub

111 1447 358 1505 exceptione
385 1448 694 1506 praevidimus:
726 1451 775 1492 ut
794 1462 922 1506 super
942 1449 1090 1494 eadem
1112 1449 1223 1494 bona
1243 1450 1384 1494 nullus
1412 1454 1580 1508 praeter
1602 1464 1683 1507 me,

109 1524 394 1583 dnmvixero,
413 1526 471 1580 sit
491 1525 739 1581 advocatus3
767 1529 810 1570 et
829 1541 936 1571 uxor
957 1542 1066 1584 mea,
1088 1528 1189 1572 dum
1210 1528 1340 1584 vivat,
1362 1528 1540 1573 eandem
1562 1542 1686 1585 prae-

108 1603 344 1661 posituram
363 1603 409 1648 in
427 1607 638 1661 potestate
653 1604 824 1649 habeat.
873 1605 1030 1657 Quodsi
1050 1606 1118 1650 vel
1139 1606 1485 1663 praenominatus
1507 1607 1684 1650 antistes

107 1679 193 1737 viel
213 1681 366 1739 aliquis
405 1695 694 1727 successorum
734 1682 824 1727 eius
864 1683 932 1728 vel
969 1684 1012 1728 in
1052 1684 1238 1742 praediis
1288 1683 1355 1728 vel
1400 1684 1446 1727 in
1484 1684 1684 1729 canonice

106 1757 225 1804 illius
251 1759 519 1804 institutione
557 1759 737 1817 aliquid,
777 1775 909 1805 uxore
941 1775 1036 1805 mea
1067 1762 1256 1818 vivente,
1295 1761 1363 1806 vel
1394 1763 1585 1806 minuere
1616 1762 1683 1806 vel

107 1837 412 1895 monasterium
440 1837 546 1881 illud
567 1838 634 1882 vel
654 1839 994 1896 praeposituram
1018 1840 1249 1884 transferre
1269 1844 1528 1897 praesumat,
1562 1854 1685 1897 prae-

107 1915 222 1960 dicta
257 1915 506 1970 Assberada)
545 1916 766 1973 praedium
810 1931 932 1961 suum
963 1918 1153 1975 recipere
1192 1918 1258 1962 ius
1289 1917 1455 1962 habeat.
1506 1917 1551 1961 Si
1583 1932 1682 1962 vero

106 1996 206 2051 post
242 1996 422 2040 mortem
463 1993 553 2038 eius
590 1994 636 2039 id
668 1994 853 2050 eveniat,
894 1996 966 2052 qui
1006 1995 1045 2039 ei
1084 1996 1304 2053 proximus
1346 1996 1401 2039 sit
1431 1997 1683 2052 consangui-

106 2070 254 2123 nitatis
285 2071 411 2128 linea,
442 2071 699 2116 hereditario
729 2072 821 2116 iure
853 2073 1060 2117 succedat.
1109 2073 1183 2117 Isti
1214 2077 1314 2117 sunt
1343 2077 1492 2118 testes:
1530 2074 1682 2128 A(dal-

106 2147 223 2204 bero)
255 2149 553 2207 episcopus-*et
582 2150 723 2194 ceteri.
771 2149 827 2194 Hi
849 2163 994 2195 omnes
1014 2151 1173 2196 liberae
1195 2152 1458 2195 conditionis.
1507 2152 1572 2196 De
1595 2166 1682 2196 ser-

105 2226 316 2271 vientibus
347 2240 445 2272 vero
476 2227 550 2282 N.;
584 2227 635 2271 de
666 2227 839 2272 urbanis
871 2228 1033 2272 civibus
1064 2228 1115 2272 N.
1238 2228 1368 2272 Facta
1400 2232 1465 2273 est
1501 2229 1681 2273 tradicio

104 2304 153 2351 in
166 2304 318 2377 {cripta
338 2304 602 2350 dominicalis
624 2305 823 2350 ecclesiae
844 2305 1090 2351 Wirzeburc
1115 2307 1169 2350 ad
1192 2306 1523 2365 sarcophagumb
1546 2307 1682 2350 sancti

104 2383 294 2438 martiris
339 2382 523 2428 Chiliani
570 2397 679 2427 anno
726 2383 960 2428 dominicae
1006 2385 1310 2429 incarnationis
1360 2385 1495 2440 1068,
1547 2385 1680 2429 indic-

104 2459 219 2509 tione
241 2461 266 2503 7
281 2457 306 2516 ¹,
326 2460 435 2504 Non.
456 2460 566 2516 Iulii,
587 2461 820 2516 H(einrico)
844 2466 994 2519 quarto
1018 2476 1116 2518 rege
1139 2465 1355 2518 regnante,
1375 2462 1679 2517 A(dalberone)

104 2537 337 2593 venerabili
366 2538 555 2583 antistite
585 2540 950 2596 praenominatam
983 2540 1126 2585 sedem
1156 2543 1340 2596 regente.

126 2655 129 2662 “
197 2660 226 2682 ι.
256 2650 472 2682 dominicatum
493 2651 528 2682 Z.
654 2652 684 2683 b.
718 2652 960 2692 sarchophagum
980 2653 1011 2683 V.

200 2721 233 2756 1.
259 2719 369 2757 Anno
395 2722 487 2757 1068
518 2721 651 2767 obtigit
680 2722 831 2758 indictio
857 2724 897 2769 63
931 2732 1045 2768 quare
1076 2721 1167 2758 haec
1199 2722 1325 2759 tabula
1357 2726 1422 2759 aut
1453 2734 1549 2760 anno
1583 2725 1676 2760 1068

103 2778 179 2815 iud.
197 2780 220 2816 6
245 2782 310 2816 aut
333 2790 429 2817 anno
455 2781 548 2817 1069
572 2780 647 2817 ind.
661 2782 682 2817 7
709 2781 797 2818 data
821 2785 889 2818 est.

1335 3079 1390 3115 5&-
