<?xml version="1.0" encoding="UTF-8"?>
<!DOCTYPE html PUBLIC "-//W3C//DTD XHTML 1.0 Transitional//EN"
    "http://www.w3.org/TR/xhtml1/DTD/xhtml1-transitional.dtd">
<html xmlns="http://www.w3.org/1999/xhtml" xml:lang="en" lang="en">
 <head>
  <title>
</title>
<meta http-equiv="Content-Type" content="text/html;charset=utf-8" />
  <meta name='ocr-system' content='tesseract 3.04.00' />
  <meta name='ocr-capabilities' content='ocr_page ocr_carea ocr_par ocr_line ocrx_word'/>
</head>
<body>
  <div class='ocr_page' id='page_1' title='image "bibliothecarerum05wattuoft_0134.png"; bbox 0 0 2028 3438; ppageno 0'>
   <div class='ocr_carea' id='block_1_1' title="bbox 392 263 1426 322">
    <p class='ocr_par' dir='ltr' id='par_1_1' title="bbox 392 263 1426 322">
     <span class='ocr_line' id='line_1_1' title="bbox 392 263 1426 322; baseline 0.001 -17"><span class='ocrx_word' id='word_1_1' title='bbox 392 263 475 306; x_wconf 83' lang='lat'>118</span> <span class='ocrx_word' id='word_1_2' title='bbox 870 315 874 322; x_wconf 30' lang='lat'>¹</span> <span class='ocrx_word' id='word_1_3' title='bbox 915 274 1135 305; x_wconf 82' lang='lat' dir='ltr'>UDALRIGI</span> <span class='ocrx_word' id='word_1_4' title='bbox 1165 274 1333 305; x_wconf 79' lang='lat' dir='ltr'>connx.</span> <span class='ocrx_word' id='word_1_5' title='bbox 1380 272 1426 306; x_wconf 83' lang='grc'>56</span> 
     </span>
    </p>
   </div>
   <div class='ocr_carea' id='block_1_2' title="bbox 166 378 1953 2733">
    <p class='ocr_par' dir='ltr' id='par_1_2' title="bbox 166 378 1953 1721">
     <span class='ocr_line' id='line_1_2' title="bbox 166 378 1942 436; baseline -0.002 -8"><span class='ocrx_word' id='word_1_6' title='bbox 166 391 366 427; x_wconf 79' lang='grc'><strong>1074-1078</strong></span> <span class='ocrx_word' id='word_1_7' title='bbox 507 379 614 423; x_wconf 87' lang='lat' dir='ltr'>Sunt</span> <span class='ocrx_word' id='word_1_8' title='bbox 644 392 742 423; x_wconf 88' lang='lat' dir='ltr'>vero</span> <span class='ocrx_word' id='word_1_9' title='bbox 781 379 934 435; x_wconf 79' lang='lat' dir='ltr'>aliqui,</span> <span class='ocrx_word' id='word_1_10' title='bbox 974 380 1046 436; x_wconf 92' lang='lat' dir='ltr'>qui</span> <span class='ocrx_word' id='word_1_11' title='bbox 1077 382 1264 423; x_wconf 87' lang='lat' dir='ltr'>sanetum</span> <span class='ocrx_word' id='word_1_12' title='bbox 1298 378 1546 434; x_wconf 87' lang='lat' dir='ltr'>Gregorium</span> <span class='ocrx_word' id='word_1_13' title='bbox 1576 392 1676 424; x_wconf 83' lang='lat' dir='ltr'>suae</span> <span class='ocrx_word' id='word_1_14' title='bbox 1705 382 1843 424; x_wconf 80' lang='lat' dir='ltr'>sectae</span> <span class='ocrx_word' id='word_1_15' title='bbox 1870 391 1942 425; x_wconf 76' lang='lat' dir='ltr'>sn-</span> 
     </span>
     <span class='ocr_line' id='line_1_3' title="bbox 388 455 1942 511; baseline 0.001 -11"><span class='ocrx_word' id='word_1_16' title='bbox 388 459 509 501; x_wconf 87' lang='lat' dir='ltr'>munt</span> <span class='ocrx_word' id='word_1_17' title='bbox 527 456 794 511; x_wconf 86' lang='lat' dir='ltr'>adiutorium,</span> <span class='ocrx_word' id='word_1_18' title='bbox 817 469 993 511; x_wconf 86' lang='lat' dir='ltr'>quorum</span> <span class='ocrx_word' id='word_1_19' title='bbox 1015 456 1179 511; x_wconf 90' lang='lat' dir='ltr'>quidem</span> <span class='ocrx_word' id='word_1_20' title='bbox 1201 457 1482 500; x_wconf 80' lang='lat' dir='ltr'>temeritatem</span> <span class='ocrx_word' id='word_1_21' title='bbox 1500 456 1631 511; x_wconf 86' lang='lat' dir='ltr'>ride0,</span> <span class='ocrx_word' id='word_1_22' title='bbox 1661 455 1942 510; x_wconf 67' lang='lat' dir='ltr'>ignorantiam</span> 
     </span>
     <span class='ocr_line' id='line_1_4' title="bbox 388 527 1943 589; baseline 0.001 -13"><span class='ocrx_word' id='word_1_23' title='bbox 388 533 519 576; x_wconf 90' lang='lat' dir='ltr'>doleo.</span> <span class='ocrx_word' id='word_1_24' title='bbox 567 533 766 588; x_wconf 85' lang='lat' dir='ltr'>Ignorant</span> <span class='ocrx_word' id='word_1_25' title='bbox 786 533 939 575; x_wconf 89' lang='lat' dir='ltr'>etenim</span> <span class='ocrx_word' id='word_1_26' title='bbox 950 539 978 587; x_wconf 77' lang='lat'>⁸,</span> <span class='ocrx_word' id='word_1_27' title='bbox 1012 533 1122 588; x_wconf 91' lang='lat' dir='ltr'>quod</span> <span class='ocrx_word' id='word_1_28' title='bbox 1151 532 1430 589; x_wconf 76' lang='lat' dir='ltr'>periculosum</span> <span class='ocrx_word' id='word_1_29' title='bbox 1461 532 1591 575; x_wconf 84' lang='lat' dir='ltr'>huius·</span> <span class='ocrx_word' id='word_1_30' title='bbox 1611 531 1774 576; x_wconf 81' lang='lat' dir='ltr'>heresis</span> <span class='ocrx_word' id='word_1_31' title='bbox 1800 527 1943 579; x_wconf 74' lang='lat' dir='ltr'>deere-</span> 
     </span>
     <span class='ocr_line' id='line_1_5' title="bbox 387 606 1941 665; baseline 0.001 -12"><span class='ocrx_word' id='word_1_32' title='bbox 387 613 492 665; x_wconf 91' lang='lat' dir='ltr'>tum,</span> <span class='ocrx_word' id='word_1_33' title='bbox 524 623 549 652; x_wconf 90' lang='lat' dir='ltr'>a</span> <span class='ocrx_word' id='word_1_34' title='bbox 569 613 712 653; x_wconf 84' lang='lat' dir='ltr'>sancto</span> <span class='ocrx_word' id='word_1_35' title='bbox 735 606 935 664; x_wconf 80' lang='lat' dir='ltr'>Gregorio</span> <span class='ocrx_word' id='word_1_36' title='bbox 956 609 1127 664; x_wconf 78' lang='lat' dir='ltr'>factum,</span> <span class='ocrx_word' id='word_1_37' title='bbox 1159 609 1362 663; x_wconf 80' lang='lat' dir='ltr'>condigno</span> <span class='ocrx_word' id='word_1_38' title='bbox 1387 609 1642 665; x_wconf 79' lang='lat' dir='ltr'>penitentiae</span> <span class='ocrx_word' id='word_1_39' title='bbox 1660 608 1872 654; x_wconf 55' lang='lat' dir='ltr'>fx‘uowab</span> <span class='ocrx_word' id='word_1_40' title='bbox 1891 622 1941 654; x_wconf 74' lang='lat' dir='ltr'>eo</span> 
     </span>
     <span class='ocr_line' id='line_1_6' title="bbox 387 684 1942 742; baseline 0 -13"><span class='ocrx_word' id='word_1_41' title='bbox 387 686 666 742; x_wconf 49' lang='lat' dir='ltr'>postmodum*</span> <span class='ocrx_word' id='word_1_42' title='bbox 692 686 748 729; x_wconf 87' lang='lat' dir='ltr'>sit</span> <span class='ocrx_word' id='word_1_43' title='bbox 784 688 1022 742; x_wconf 87' lang='lat' dir='ltr'>purgatum.</span> <span class='ocrx_word' id='word_1_44' title='bbox 1144 685 1306 742; x_wconf 83' lang='lat' dir='ltr'>Quippe</span> <span class='ocrx_word' id='word_1_45' title='bbox 1343 698 1438 728; x_wconf 85' lang='lat' dir='ltr'>eum</span> <span class='ocrx_word' id='word_1_46' title='bbox 1475 685 1565 728; x_wconf 85' lang='lat' dir='ltr'>vioe</span> <span class='ocrx_word' id='word_1_47' title='bbox 1595 684 1775 740; x_wconf 75' lang='lat' dir='ltr'>quadam</span> <span class='ocrx_word' id='word_1_48' title='bbox 1802 685 1849 729; x_wconf 79' lang='lat' dir='ltr'>in</span> <span class='ocrx_word' id='word_1_49' title='bbox 1877 684 1942 729; x_wconf 77' lang='lat' dir='ltr'>vi-</span> 
     </span>
     <span class='ocr_line' id='line_1_7' title="bbox 386 761 1941 821; baseline -0.001 -16"><span class='ocrx_word' id='word_1_50' title='bbox 386 762 550 805; x_wconf 86' lang='lat' dir='ltr'>varium</span> <span class='ocrx_word' id='word_1_51' title='bbox 582 775 702 821; x_wconf 86' lang='lat' dir='ltr'>suum</span> <span class='ocrx_word' id='word_1_52' title='bbox 734 762 918 805; x_wconf 84' lang='lat' dir='ltr'>misisset</span> <span class='ocrx_word' id='word_1_53' title='bbox 948 762 1144 818; x_wconf 77' lang='lat' dir='ltr'>propterb</span> <span class='ocrx_word' id='word_1_54' title='bbox 1174 762 1331 818; x_wconf 85' lang='lat' dir='ltr'>pisees3</span> <span class='ocrx_word' id='word_1_55' title='bbox 1364 765 1406 805; x_wconf 89' lang='lat' dir='ltr'>et</span> <span class='ocrx_word' id='word_1_56' title='bbox 1437 761 1564 805; x_wconf 83' lang='lat' dir='ltr'>allata</span> <span class='ocrx_word' id='word_1_57' title='bbox 1582 761 1680 805; x_wconf 87' lang='lat' dir='ltr'>inde</span> <span class='ocrx_word' id='word_1_58' title='bbox 1699 761 1794 817; x_wconf 67' lang='lat' dir='ltr'>phu</span> <span class='ocrx_word' id='word_1_59' title='bbox 1816 772 1941 817; x_wconf 77' lang='lat' dir='ltr'>quam</span> 
     </span>
     <span class='ocr_line' id='line_1_8' title="bbox 388 837 1942 894; baseline 0 -12"><span class='ocrx_word' id='word_1_60' title='bbox 388 838 485 882; x_wconf 55' lang='lat' dir='ltr'>sex*</span> <span class='ocrx_word' id='word_1_61' title='bbox 526 838 645 882; x_wconf 87' lang='lat' dir='ltr'>milia</span> <span class='ocrx_word' id='word_1_62' title='bbox 683 838 892 882; x_wconf 81' lang='lat' dir='ltr'>infantum</span> <span class='ocrx_word' id='word_1_63' title='bbox 923 839 1062 894; x_wconf 83' lang='lat' dir='ltr'>capita</span> <span class='ocrx_word' id='word_1_64' title='bbox 1092 839 1273 894; x_wconf 77' lang='lat' dir='ltr'>videret,</span> <span class='ocrx_word' id='word_1_65' title='bbox 1311 837 1461 880; x_wconf 84' lang='lat' dir='ltr'>intima</span> <span class='ocrx_word' id='word_1_66' title='bbox 1490 851 1589 880; x_wconf 86' lang='lat' dir='ltr'>mox</span> <span class='ocrx_word' id='word_1_67' title='bbox 1620 837 1767 881; x_wconf 85' lang='lat' dir='ltr'>duetus</span> <span class='ocrx_word' id='word_1_68' title='bbox 1796 837 1942 894; x_wconf 78' lang='lat' dir='ltr'>poeni-</span> 
     </span>
     <span class='ocr_line' id='line_1_9' title="bbox 387 914 1942 970; baseline 0.001 -13"><span class='ocrx_word' id='word_1_69' title='bbox 387 915 532 970; x_wconf 85' lang='lat' dir='ltr'>tentia,</span> <span class='ocrx_word' id='word_1_70' title='bbox 563 915 778 969; x_wconf 87' lang='lat' dir='ltr'>ingemuit.</span> <span class='ocrx_word' id='word_1_71' title='bbox 825 914 882 957; x_wconf 91' lang='lat' dir='ltr'>Et</span> <span class='ocrx_word' id='word_1_72' title='bbox 911 915 1067 957; x_wconf 79' lang='lat' dir='ltr'>factum</span> <span class='ocrx_word' id='word_1_73' title='bbox 1090 928 1114 957; x_wconf 93' lang='lat' dir='ltr'>a</span> <span class='ocrx_word' id='word_1_74' title='bbox 1135 928 1180 957; x_wconf 88' lang='lat' dir='ltr'>se</span> <span class='ocrx_word' id='word_1_75' title='bbox 1210 915 1260 957; x_wconf 89' lang='lat' dir='ltr'>de</span> <span class='ocrx_word' id='word_1_76' title='bbox 1286 914 1538 957; x_wconf 87' lang='lat' dir='ltr'>abstinentia</span> <span class='ocrx_word' id='word_1_77' title='bbox 1558 915 1773 962; x_wconf 71' lang='lat' dir='ltr'>deeretum·</span> <span class='ocrx_word' id='word_1_78' title='bbox 1798 916 1942 959; x_wconf 78' lang='lat' dir='ltr'>tantae</span> 
     </span>
     <span class='ocr_line' id='line_1_10' title="bbox 387 990 1941 1047; baseline -0.001 -13"><span class='ocrx_word' id='word_1_79' title='bbox 387 991 499 1034; x_wconf 82' lang='lat' dir='ltr'>cedis</span> <span class='ocrx_word' id='word_1_80' title='bbox 527 1002 695 1034; x_wconf 84' lang='lat' dir='ltr'>eausam</span> <span class='ocrx_word' id='word_1_81' title='bbox 728 1004 819 1034; x_wconf 88' lang='lat' dir='ltr'>esse</span> <span class='ocrx_word' id='word_1_82' title='bbox 842 991 1068 1045; x_wconf 81' lang='lat' dir='ltr'>confessus,</span> <span class='ocrx_word' id='word_1_83' title='bbox 1100 990 1304 1045; x_wconf 80' lang='lat' dir='ltr'>condigno</span> <span class='ocrx_word' id='word_1_84' title='bbox 1334 990 1451 1046; x_wconf 85' lang='lat' dir='ltr'>illud,</span> <span class='ocrx_word' id='word_1_85' title='bbox 1483 994 1531 1033; x_wconf 91' lang='lat' dir='ltr'>ut</span> <span class='ocrx_word' id='word_1_86' title='bbox 1553 990 1654 1045; x_wconf 85' lang='lat' dir='ltr'>dixi,</span> <span class='ocrx_word' id='word_1_87' title='bbox 1685 990 1941 1047; x_wconf 69' lang='lat' dir='ltr'>penitentiae</span> 
     </span>
     <span class='ocr_line' id='line_1_11' title="bbox 386 1066 1941 1124; baseline 0.001 -14"><span class='ocrx_word' id='word_1_88' title='bbox 386 1067 525 1110; x_wconf 83' lang='lat' dir='ltr'>fructu</span> <span class='ocrx_word' id='word_1_89' title='bbox 554 1068 762 1124; x_wconf 87' lang='lat' dir='ltr'>purgavit.</span> <span class='ocrx_word' id='word_1_90' title='bbox 812 1066 977 1121; x_wconf 86' lang='lat' dir='ltr'>Suoque</span> <span class='ocrx_word' id='word_1_91' title='bbox 1009 1067 1172 1111; x_wconf 82' lang='lat' dir='ltr'>decreto</span> <span class='ocrx_word' id='word_1_92' title='bbox 1194 1080 1365 1123; x_wconf 87' lang='lat' dir='ltr'>prorsus</span> <span class='ocrx_word' id='word_1_93' title='bbox 1392 1067 1632 1123; x_wconf 85' lang='lat' dir='ltr'>dampnato,</span> <span class='ocrx_word' id='word_1_94' title='bbox 1665 1066 1941 1124; x_wconf 75' lang='lat' dir='ltr'>apostolieum</span> 
     </span>
     <span class='ocr_line' id='line_1_12' title="bbox 386 1140 1941 1200; baseline 0.001 -14"><span class='ocrx_word' id='word_1_95' title='bbox 386 1143 490 1186; x_wconf 88' lang='lat' dir='ltr'>illud</span> <span class='ocrx_word' id='word_1_96' title='bbox 520 1143 707 1187; x_wconf 86' lang='lat' dir='ltr'>laudavit</span> <span class='ocrx_word' id='word_1_97' title='bbox 737 1143 976 1187; x_wconf 81' lang='lat' dir='ltr'>consilium:</span> <span class='ocrx_word' id='word_1_98' title='bbox 997 1145 1162 1186; x_wconf 75' lang='lat' dir='ltr'>-Melius</span> <span class='ocrx_word' id='word_1_99' title='bbox 1195 1153 1252 1187; x_wconf 72' lang='lat' dir='ltr'>est</span> <span class='ocrx_word' id='word_1_100' title='bbox 1281 1145 1445 1197; x_wconf 81' lang='lat' dir='ltr'>nubere,</span> <span class='ocrx_word' id='word_1_101' title='bbox 1480 1159 1605 1200; x_wconf 88' lang='lat' dir='ltr'>quam</span> <span class='ocrx_word' id='word_1_102' title='bbox 1634 1146 1706 1187; x_wconf 90' lang='lat' dir='ltr'>uri</span> <span class='ocrx_word' id='word_1_103' title='bbox 1712 1140 1746 1196; x_wconf 33' lang='lat'>.¹;</span> <span class='ocrx_word' id='word_1_104' title='bbox 1783 1142 1941 1187; x_wconf 75' lang='lat' dir='ltr'>addens</span> 
     </span>
     <span class='ocr_line' id='line_1_13' title="bbox 387 1220 1940 1277; baseline 0 -14"><span class='ocrx_word' id='word_1_105' title='bbox 387 1233 439 1263; x_wconf 80' lang='lat' dir='ltr'>ex</span> <span class='ocrx_word' id='word_1_106' title='bbox 470 1220 536 1263; x_wconf 91' lang='lat' dir='ltr'>sui</span> <span class='ocrx_word' id='word_1_107' title='bbox 565 1223 706 1276; x_wconf 84' lang='lat' dir='ltr'>parte:</span> <span class='ocrx_word' id='word_1_108' title='bbox 739 1221 894 1263; x_wconf 74' lang='lat' dir='ltr'>Melius</span> <span class='ocrx_word' id='word_1_109' title='bbox 925 1229 983 1264; x_wconf 74' lang='lat' dir='ltr'>est</span> <span class='ocrx_word' id='word_1_110' title='bbox 1001 1221 1166 1274; x_wconf 80' lang='lat' dir='ltr'>nubere,</span> <span class='ocrx_word' id='word_1_111' title='bbox 1201 1236 1327 1277; x_wconf 85' lang='lat' dir='ltr'>quam</span> <span class='ocrx_word' id='word_1_112' title='bbox 1356 1223 1499 1264; x_wconf 78' lang='lat' dir='ltr'>mortis</span> <span class='ocrx_word' id='word_1_113' title='bbox 1531 1222 1786 1264; x_wconf 69' lang='lat' dir='ltr'>occasionem</span> <span class='ocrx_word' id='word_1_114' title='bbox 1813 1234 1940 1277; x_wconf 82' lang='lat' dir='ltr'>prae-</span> 
     </span>
     <span class='ocr_line' id='line_1_14' title="bbox 386 1293 1941 1352; baseline 0.001 -13"><span class='ocrx_word' id='word_1_115' title='bbox 386 1293 514 1339; x_wconf 85' lang='lat' dir='ltr'>bere².</span> <span class='ocrx_word' id='word_1_116' title='bbox 635 1295 758 1339; x_wconf 83' lang='lat' dir='ltr'>Hune</span> <span class='ocrx_word' id='word_1_117' title='bbox 787 1296 964 1340; x_wconf 86' lang='lat' dir='ltr'>forsitan</span> <span class='ocrx_word' id='word_1_118' title='bbox 993 1297 1056 1340; x_wconf 86' lang='lat' dir='ltr'>rei</span> <span class='ocrx_word' id='word_1_119' title='bbox 1077 1300 1269 1340; x_wconf 89' lang='lat' dir='ltr'>eventum</span> <span class='ocrx_word' id='word_1_120' title='bbox 1292 1297 1329 1339; x_wconf 89' lang='lat' dir='ltr'>si</span> <span class='ocrx_word' id='word_1_121' title='bbox 1348 1296 1412 1339; x_wconf 90' lang='lat' dir='ltr'>illi</span> <span class='ocrx_word' id='word_1_122' title='bbox 1431 1309 1595 1340; x_wconf 83' lang='lat' dir='ltr'>meeum</span> <span class='ocrx_word' id='word_1_123' title='bbox 1613 1296 1826 1352; x_wconf 80' lang='lat' dir='ltr'>legissent,</span> <span class='ocrx_word' id='word_1_124' title='bbox 1855 1309 1941 1341; x_wconf 87' lang='lat' dir='ltr'>non</span> 
     </span>
     <span class='ocr_line' id='line_1_15' title="bbox 385 1373 1941 1429; baseline 0.001 -14"><span class='ocrx_word' id='word_1_125' title='bbox 385 1375 474 1416; x_wconf 91' lang='lat' dir='ltr'>tam</span> <span class='ocrx_word' id='word_1_126' title='bbox 504 1376 675 1428; x_wconf 88' lang='lat' dir='ltr'>temere,</span> <span class='ocrx_word' id='word_1_127' title='bbox 706 1373 843 1428; x_wconf 84' lang='lat' dir='ltr'>eredo,</span> <span class='ocrx_word' id='word_1_128' title='bbox 874 1373 1127 1427; x_wconf 83' lang='lat' dir='ltr'>iudicarent3</span> <span class='ocrx_word' id='word_1_129' title='bbox 1160 1373 1414 1416; x_wconf 87' lang='lat' dir='ltr'>dominicum</span> <span class='ocrx_word' id='word_1_130' title='bbox 1435 1373 1584 1417; x_wconf 87' lang='lat' dir='ltr'>saltem</span> <span class='ocrx_word' id='word_1_131' title='bbox 1603 1373 1799 1416; x_wconf 88' lang='lat' dir='ltr'>timentes</span> <span class='ocrx_word' id='word_1_132' title='bbox 1818 1386 1941 1429; x_wconf 82' lang='lat' dir='ltr'>prae-</span> 
     </span>
     <span class='ocr_line' id='line_1_16' title="bbox 385 1436 1939 1505; baseline 0.001 -12"><span class='ocrx_word' id='word_1_133' title='bbox 385 1452 572 1505; x_wconf 82' lang='lat' dir='ltr'>ceptum:</span> <span class='ocrx_word' id='word_1_134' title='bbox 613 1450 756 1493; x_wconf 79' lang='lat' dir='ltr'>Nolite</span> <span class='ocrx_word' id='word_1_135' title='bbox 793 1452 1002 1503; x_wconf 79' lang='lat' dir='ltr'>iudicare,</span> <span class='ocrx_word' id='word_1_136' title='bbox 1046 1460 1083 1493; x_wconf 93' lang='lat' dir='ltr'>et</span> <span class='ocrx_word' id='word_1_137' title='bbox 1125 1465 1209 1493; x_wconf 86' lang='lat' dir='ltr'>non</span> <span class='ocrx_word' id='word_1_138' title='bbox 1249 1436 1601 1494; x_wconf 70' lang='lat' dir='ltr'>iudicabimini03.</span> <span class='ocrx_word' id='word_1_139' title='bbox 1654 1449 1754 1493; x_wconf 84' lang='lat' dir='ltr'>Inde</span> <span class='ocrx_word' id='word_1_140' title='bbox 1784 1448 1939 1495; x_wconf 82' lang='lat' dir='ltr'>Paulus</span> 
     </span>
     <span class='ocr_line' id='line_1_17' title="bbox 386 1525 1938 1583; baseline 0.001 -15"><span class='ocrx_word' id='word_1_141' title='bbox 386 1525 506 1568; x_wconf 83' lang='lat' dir='ltr'>dicit:</span> <span class='ocrx_word' id='word_1_142' title='bbox 550 1525 616 1568; x_wconf 88' lang='lat' dir='ltr'>Tu</span> <span class='ocrx_word' id='word_1_143' title='bbox 648 1529 741 1582; x_wconf 78' lang='lat' dir='ltr'>quie</span> <span class='ocrx_word' id='word_1_144' title='bbox 780 1542 840 1579; x_wconf 75' lang='lat' dir='ltr'>es,</span> <span class='ocrx_word' id='word_1_145' title='bbox 884 1529 959 1583; x_wconf 88' lang='lat' dir='ltr'>qui</span> <span class='ocrx_word' id='word_1_146' title='bbox 995 1528 1158 1569; x_wconf 72' lang='lat' dir='ltr'>iudicas</span> <span class='ocrx_word' id='word_1_147' title='bbox 1189 1527 1371 1570; x_wconf 81' lang='lat' dir='ltr'>alienum</span> <span class='ocrx_word' id='word_1_148' title='bbox 1409 1528 1598 1570; x_wconf 73' lang='lat' dir='ltr'>servum?</span> <span class='ocrx_word' id='word_1_149' title='bbox 1646 1527 1735 1572; x_wconf 83' lang='lat' dir='ltr'>Suo</span> <span class='ocrx_word' id='word_1_150' title='bbox 1771 1528 1938 1571; x_wconf 78' lang='lat' dir='ltr'>domino</span> 
     </span>
     <span class='ocr_line' id='line_1_18' title="bbox 385 1593 1953 1660; baseline 0.001 -16"><span class='ocrx_word' id='word_1_151' title='bbox 385 1610 486 1654; x_wconf 75' lang='lat' dir='ltr'>stat,</span> <span class='ocrx_word' id='word_1_152' title='bbox 527 1611 601 1645; x_wconf 86' lang='lat' dir='ltr'>aut</span> <span class='ocrx_word' id='word_1_153' title='bbox 631 1604 754 1645; x_wconf 82' lang='lat' dir='ltr'>cadit.</span> <span class='ocrx_word' id='word_1_154' title='bbox 817 1603 957 1646; x_wconf 83' lang='lat' dir='ltr'>Stabit</span> <span class='ocrx_word' id='word_1_155' title='bbox 994 1612 1129 1646; x_wconf 85' lang='lat' dir='ltr'>autem</span> <span class='ocrx_word' id='word_1_156' title='bbox 1137 1619 1152 1654; x_wconf 90' lang='lat'>‚·</span> <span class='ocrx_word' id='word_1_157' title='bbox 1183 1613 1333 1660; x_wconf 75' lang='lat' dir='ltr'>potens</span> <span class='ocrx_word' id='word_1_158' title='bbox 1372 1613 1430 1647; x_wconf 69' lang='lat' dir='ltr'>est</span> <span class='ocrx_word' id='word_1_159' title='bbox 1467 1607 1576 1646; x_wconf 88' lang='lat' dir='ltr'>enim</span> <span class='ocrx_word' id='word_1_160' title='bbox 1606 1604 1724 1647; x_wconf 78' lang='lat' dir='ltr'>Deus</span> <span class='ocrx_word' id='word_1_161' title='bbox 1763 1593 1953 1647; x_wconf 62' lang='lat' dir='ltr'>statuere&gt;</span> 
     </span>
     <span class='ocr_line' id='line_1_19' title="bbox 385 1675 542 1721; baseline 0.006 -1"><span class='ocrx_word' id='word_1_162' title='bbox 385 1678 506 1721; x_wconf 82' lang='lat' dir='ltr'>illum</span> <span class='ocrx_word' id='word_1_163' title='bbox 514 1675 542 1720; x_wconf 79' lang='lat'>⁴.</span> 
     </span>
    </p>

    <p class='ocr_par' dir='ltr' id='par_1_3' title="bbox 372 1753 1939 2733">
     <span class='ocr_line' id='line_1_20' title="bbox 504 1753 1939 1812; baseline 0.002 -15"><span class='ocrx_word' id='word_1_164' title='bbox 504 1753 649 1797; x_wconf 84' lang='lat' dir='ltr'>Cesset</span> <span class='ocrx_word' id='word_1_165' title='bbox 684 1768 782 1809; x_wconf 89' lang='lat' dir='ltr'>ergo</span> <span class='ocrx_word' id='word_1_166' title='bbox 818 1758 891 1798; x_wconf 81' lang='lat' dir='ltr'>tua</span> <span class='ocrx_word' id='word_1_167' title='bbox 921 1756 1119 1799; x_wconf 79' lang='lat' dir='ltr'>sanctitas</span> <span class='ocrx_word' id='word_1_168' title='bbox 1150 1769 1316 1811; x_wconf 84' lang='lat' dir='ltr'>cogere,</span> <span class='ocrx_word' id='word_1_169' title='bbox 1356 1770 1460 1812; x_wconf 90' lang='lat' dir='ltr'>quos</span> <span class='ocrx_word' id='word_1_170' title='bbox 1498 1758 1662 1799; x_wconf 87' lang='lat' dir='ltr'>tantum</span> <span class='ocrx_word' id='word_1_171' title='bbox 1692 1755 1816 1800; x_wconf 88' lang='lat' dir='ltr'>debet</span> <span class='ocrx_word' id='word_1_172' title='bbox 1850 1769 1939 1800; x_wconf 82' lang='lat' dir='ltr'>am-</span> 
     </span>
     <span class='ocr_line' id='line_1_21' title="bbox 385 1832 1938 1890; baseline 0.002 -17"><span class='ocrx_word' id='word_1_173' title='bbox 385 1844 576 1884; x_wconf 82' lang='lat' dir='ltr'>monere3</span> <span class='ocrx_word' id='word_1_174' title='bbox 609 1844 662 1874; x_wconf 87' lang='lat' dir='ltr'>ne</span> <span class='ocrx_word' id='word_1_175' title='bbox 692 1832 856 1888; x_wconf 86' lang='lat' dir='ltr'>privato</span> <span class='ocrx_word' id='word_1_176' title='bbox 890 1833 1000 1887; x_wconf 90' lang='lat' dir='ltr'>quod</span> <span class='ocrx_word' id='word_1_177' title='bbox 1031 1832 1140 1875; x_wconf 90' lang='lat' dir='ltr'>absit</span> <span class='ocrx_word' id='word_1_178' title='bbox 1169 1836 1392 1890; x_wconf 81' lang='lat' dir='ltr'>praecepto</span> <span class='ocrx_word' id='word_1_179' title='bbox 1424 1836 1510 1876; x_wconf 85' lang='lat' dir='ltr'>tam</span> <span class='ocrx_word' id='word_1_180' title='bbox 1533 1833 1665 1876; x_wconf 87' lang='lat' dir='ltr'>veteri</span> <span class='ocrx_word' id='word_1_181' title='bbox 1685 1846 1811 1889; x_wconf 83' lang='lat' dir='ltr'>quam</span> <span class='ocrx_word' id='word_1_182' title='bbox 1830 1845 1938 1877; x_wconf 90' lang='lat' dir='ltr'>novo</span> 
     </span>
     <span class='ocr_line' id='line_1_22' title="bbox 385 1908 1938 1965; baseline 0.002 -15"><span class='ocrx_word' id='word_1_183' title='bbox 385 1908 618 1950; x_wconf 80' lang='lat' dir='ltr'>contrarius</span> <span class='ocrx_word' id='word_1_184' title='bbox 639 1908 866 1951; x_wconf 87' lang='lat' dir='ltr'>inveniaris</span> <span class='ocrx_word' id='word_1_185' title='bbox 887 1912 1151 1952; x_wconf 87' lang='lat' dir='ltr'>testamento.</span> <span class='ocrx_word' id='word_1_186' title='bbox 1198 1909 1319 1965; x_wconf 84' lang='lat' dir='ltr'>Nam,</span> <span class='ocrx_word' id='word_1_187' title='bbox 1341 1913 1388 1953; x_wconf 90' lang='lat' dir='ltr'>ut</span> <span class='ocrx_word' id='word_1_188' title='bbox 1410 1910 1468 1953; x_wconf 86' lang='lat' dir='ltr'>ait</span> <span class='ocrx_word' id='word_1_189' title='bbox 1489 1912 1657 1953; x_wconf 87' lang='lat' dir='ltr'>sanetus</span> <span class='ocrx_word' id='word_1_190' title='bbox 1676 1909 1938 1964; x_wconf 78' lang='lat' dir='ltr'>Augustinus</span> 
     </span>
     <span class='ocr_line' id='line_1_23' title="bbox 385 1983 1939 2044; baseline 0.003 -18"><span class='ocrx_word' id='word_1_191' title='bbox 385 1984 438 2026; x_wconf 90' lang='lat' dir='ltr'>ad</span> <span class='ocrx_word' id='word_1_192' title='bbox 468 1983 701 2027; x_wconf 85' lang='lat' dir='ltr'>Donatum:</span> <span class='ocrx_word' id='word_1_193' title='bbox 735 1985 884 2029; x_wconf 82' lang='lat' dir='ltr'>Solum</span> <span class='ocrx_word' id='word_1_194' title='bbox 916 1994 984 2039; x_wconf 72' lang='lat' dir='ltr'>est,</span> <span class='ocrx_word' id='word_1_195' title='bbox 1020 1988 1133 2042; x_wconf 79' lang='lat' dir='ltr'>quod</span> <span class='ocrx_word' id='word_1_196' title='bbox 1161 1989 1206 2029; x_wconf 91' lang='lat' dir='ltr'>in</span> <span class='ocrx_word' id='word_1_197' title='bbox 1238 1996 1309 2030; x_wconf 85' lang='lat' dir='ltr'>tua</span> <span class='ocrx_word' id='word_1_198' title='bbox 1329 1989 1497 2030; x_wconf 77' lang='lat' dir='ltr'>iusticia</span> <span class='ocrx_word' id='word_1_199' title='bbox 1511 1989 1854 2044; x_wconf 69' lang='lat' dir='ltr'>pertimescimus,</span> <span class='ocrx_word' id='word_1_200' title='bbox 1885 2002 1939 2031; x_wconf 81' lang='lat' dir='ltr'>ne</span> 
     </span>
     <span class='ocr_line' id='line_1_24' title="bbox 384 2062 1938 2121; baseline 0.003 -18"><span class='ocrx_word' id='word_1_201' title='bbox 384 2076 468 2104; x_wconf 92' lang='lat' dir='ltr'>non</span> <span class='ocrx_word' id='word_1_202' title='bbox 495 2077 576 2117; x_wconf 79' lang='lat' dir='ltr'>pro</span> <span class='ocrx_word' id='word_1_203' title='bbox 610 2062 789 2104; x_wconf 74' lang='lat' dir='ltr'>lenitatis</span> <span class='ocrx_word' id='word_1_204' title='bbox 821 2063 1072 2105; x_wconf 71' lang='lat' dir='ltr'>christianae</span> <span class='ocrx_word' id='word_1_205' title='bbox 1103 2063 1452 2107; x_wconf 72' lang='lat' dir='ltr'>considerationed</span> <span class='ocrx_word' id='word_1_206' title='bbox 1483 2066 1556 2107; x_wconf 73' lang='lat' dir='ltr'>sed</span> <span class='ocrx_word' id='word_1_207' title='bbox 1582 2079 1662 2121; x_wconf 79' lang='lat' dir='ltr'>pro</span> <span class='ocrx_word' id='word_1_208' title='bbox 1692 2065 1938 2107; x_wconf 83' lang='lat' dir='ltr'>inmanitate</span> 
     </span>
     <span class='ocr_line' id='line_1_25' title="bbox 372 2138 1937 2198; baseline 0.003 -19"><span class='ocrx_word' id='word_1_209' title='bbox 372 2138 621 2193; x_wconf 75' lang='lat' dir='ltr'>facinorum</span> <span class='ocrx_word' id='word_1_210' title='bbox 659 2153 821 2181; x_wconf 76' lang='lat' dir='ltr'>censeas</span> <span class='ocrx_word' id='word_1_211' title='bbox 861 2140 1167 2182; x_wconf 75' lang='lat' dir='ltr'>cohercendum.</span> <span class='ocrx_word' id='word_1_212' title='bbox 1218 2140 1341 2194; x_wconf 76' lang='lat' dir='ltr'>Quod</span> <span class='ocrx_word' id='word_1_213' title='bbox 1379 2150 1416 2184; x_wconf 91' lang='lat' dir='ltr'>te</span> <span class='ocrx_word' id='word_1_214' title='bbox 1452 2157 1532 2198; x_wconf 82' lang='lat' dir='ltr'>per</span> <span class='ocrx_word' id='word_1_215' title='bbox 1560 2143 1700 2198; x_wconf 75' lang='lat' dir='ltr'>ipsum</span> <span class='ocrx_word' id='word_1_216' title='bbox 1731 2140 1937 2184; x_wconf 72' lang='lat' dir='ltr'>Olmietum</span> 
     </span>
     <span class='ocr_line' id='line_1_26' title="bbox 384 2214 1938 2274; baseline 0.003 -18"><span class='ocrx_word' id='word_1_217' title='bbox 384 2229 435 2257; x_wconf 88' lang='lat' dir='ltr'>ne</span> <span class='ocrx_word' id='word_1_218' title='bbox 458 2214 606 2270; x_wconf 76' lang='lat' dir='ltr'>facias</span> <span class='ocrx_word' id='word_1_219' title='bbox 639 2216 910 2258; x_wconf 69' lang='lat' dir='ltr'>obsecramus.</span> <span class='ocrx_word' id='word_1_220' title='bbox 960 2216 1035 2259; x_wconf 83' lang='lat' dir='ltr'>Sic</span> <span class='ocrx_word' id='word_1_221' title='bbox 1072 2219 1180 2259; x_wconf 91' lang='lat' dir='ltr'>enim</span> <span class='ocrx_word' id='word_1_222' title='bbox 1207 2227 1380 2274; x_wconf 82' lang='lat' dir='ltr'>peccata</span> <span class='ocrx_word' id='word_1_223' title='bbox 1411 2220 1703 2274; x_wconf 77' lang='lat' dir='ltr'>compescenda</span> <span class='ocrx_word' id='word_1_224' title='bbox 1732 2227 1849 2271; x_wconf 74' lang='lat' dir='ltr'>eunt,</span> <span class='ocrx_word' id='word_1_225' title='bbox 1890 2227 1938 2261; x_wconf 83' lang='lat' dir='ltr'>ut</span> 
     </span>
     <span class='ocr_line' id='line_1_27' title="bbox 383 2291 1935 2350; baseline 0.003 -17"><span class='ocrx_word' id='word_1_226' title='bbox 383 2294 612 2348; x_wconf 70' lang='lat' dir='ltr'>supersint,</span> <span class='ocrx_word' id='word_1_227' title='bbox 654 2307 756 2348; x_wconf 73' lang='lat' dir='ltr'>quos</span> <span class='ocrx_word' id='word_1_228' title='bbox 791 2308 982 2349; x_wconf 72' lang='lat' dir='ltr'>peccasse</span> <span class='ocrx_word' id='word_1_229' title='bbox 1009 2291 1251 2350; x_wconf 80' lang='lat' dir='ltr'>poeniteat⁵.</span> <span class='ocrx_word' id='word_1_230' title='bbox 1301 2293 1409 2336; x_wconf 92' lang='lat' dir='ltr'>Illud</span> <span class='ocrx_word' id='word_1_231' title='bbox 1445 2294 1571 2337; x_wconf 85' lang='lat' dir='ltr'>etiam</span> <span class='ocrx_word' id='word_1_232' title='bbox 1601 2294 1827 2349; x_wconf 87' lang='lat' dir='ltr'>Augustini</span> <span class='ocrx_word' id='word_1_233' title='bbox 1862 2307 1935 2338; x_wconf 85' lang='lat' dir='ltr'>vo-</span> 
     </span>
     <span class='ocr_line' id='line_1_28' title="bbox 383 2366 1932 2429; baseline 0.003 -19"><span class='ocrx_word' id='word_1_234' title='bbox 383 2367 521 2410; x_wconf 88' lang='lat' dir='ltr'>lumus</span> <span class='ocrx_word' id='word_1_235' title='bbox 558 2371 600 2411; x_wconf 88' lang='lat' dir='ltr'>te</span> <span class='ocrx_word' id='word_1_236' title='bbox 639 2370 870 2424; x_wconf 81' lang='lat' dir='ltr'>reeordari,</span> <span class='ocrx_word' id='word_1_237' title='bbox 910 2370 1020 2424; x_wconf 85' lang='lat' dir='ltr'>quod</span> <span class='ocrx_word' id='word_1_238' title='bbox 1057 2370 1138 2412; x_wconf 86' lang='lat' dir='ltr'>ait:</span> <span class='ocrx_word' id='word_1_239' title='bbox 1185 2370 1333 2412; x_wconf 74' lang='lat' dir='ltr'>Nichil</span> <span class='ocrx_word' id='word_1_240' title='bbox 1370 2366 1548 2414; x_wconf 83' lang='lat' dir='ltr'>nocendi</span> <span class='ocrx_word' id='word_1_241' title='bbox 1572 2372 1655 2426; x_wconf 82' lang='lat' dir='ltr'>fiat</span> <span class='ocrx_word' id='word_1_242' title='bbox 1693 2373 1932 2429; x_wconf 79' lang='lat' dir='ltr'>cupiditate,</span> 
     </span>
     <span class='ocr_line' id='line_1_29' title="bbox 385 2446 1933 2502; baseline 0.003 -16"><span class='ocrx_word' id='word_1_243' title='bbox 385 2446 526 2487; x_wconf 90' lang='lat' dir='ltr'>omnia</span> <span class='ocrx_word' id='word_1_244' title='bbox 557 2446 800 2488; x_wconf 70' lang='lat' dir='ltr'>consulendi</span> <span class='ocrx_word' id='word_1_245' title='bbox 829 2449 1001 2490; x_wconf 84' lang='lat' dir='ltr'>caritate</span> <span class='ocrx_word' id='word_1_246' title='bbox 1008 2463 1022 2497; x_wconf 86' lang='grc'>,-</span> <span class='ocrx_word' id='word_1_247' title='bbox 1054 2455 1091 2489; x_wconf 87' lang='lat' dir='ltr'>et</span> <span class='ocrx_word' id='word_1_248' title='bbox 1119 2447 1250 2489; x_wconf 75' lang='lat' dir='ltr'>nichil</span> <span class='ocrx_word' id='word_1_249' title='bbox 1268 2448 1355 2502; x_wconf 82' lang='lat' dir='ltr'>fiat</span> <span class='ocrx_word' id='word_1_250' title='bbox 1382 2450 1620 2501; x_wconf 76' lang='lat' dir='ltr'>inmaniter,</span> <span class='ocrx_word' id='word_1_251' title='bbox 1652 2449 1783 2491; x_wconf 75' lang='lat' dir='ltr'>nichil</span> <span class='ocrx_word' id='word_1_252' title='bbox 1810 2449 1933 2491; x_wconf 70' lang='lat' dir='ltr'>inhu-</span> 
     </span>
     <span class='ocr_line' id='line_1_30' title="bbox 383 2521 1936 2577; baseline 0.004 -15"><span class='ocrx_word' id='word_1_253' title='bbox 383 2523 571 2563; x_wconf 84' lang='lat' dir='ltr'>maniter.</span> <span class='ocrx_word' id='word_1_254' title='bbox 620 2521 733 2564; x_wconf 88' lang='lat' dir='ltr'>Idem</span> <span class='ocrx_word' id='word_1_255' title='bbox 765 2522 815 2564; x_wconf 91' lang='lat' dir='ltr'>de</span> <span class='ocrx_word' id='word_1_256' title='bbox 847 2523 1011 2566; x_wconf 87' lang='lat' dir='ltr'>eodem:</span> <span class='ocrx_word' id='word_1_257' title='bbox 1053 2524 1106 2566; x_wconf 90' lang='lat' dir='ltr'>In</span> <span class='ocrx_word' id='word_1_258' title='bbox 1138 2525 1282 2566; x_wconf 83' lang='lat' dir='ltr'>timore</span> <span class='ocrx_word' id='word_1_259' title='bbox 1313 2523 1478 2577; x_wconf 74' lang='lat' dir='ltr'>Christi,</span> <span class='ocrx_word' id='word_1_260' title='bbox 1511 2527 1556 2566; x_wconf 90' lang='lat' dir='ltr'>in</span> <span class='ocrx_word' id='word_1_261' title='bbox 1586 2527 1752 2568; x_wconf 89' lang='lat' dir='ltr'>nomine</span> <span class='ocrx_word' id='word_1_262' title='bbox 1782 2524 1936 2568; x_wconf 69' lang='lat' dir='ltr'>Christi·</span> 
     </span>
     <span class='ocr_line' id='line_1_31' title="bbox 385 2598 1933 2658; baseline 0.003 -19"><span class='ocrx_word' id='word_1_263' title='bbox 385 2598 590 2649; x_wconf 70' lang='lat' dir='ltr'>exhortor,</span> <span class='ocrx_word' id='word_1_264' title='bbox 625 2601 860 2655; x_wconf 79' lang='lat' dir='ltr'>quicunque</span> <span class='ocrx_word' id='word_1_265' title='bbox 879 2615 964 2643; x_wconf 90' lang='lat' dir='ltr'>non</span> <span class='ocrx_word' id='word_1_266' title='bbox 985 2600 1140 2642; x_wconf 71' lang='lat' dir='ltr'>habetis</span> <span class='ocrx_word' id='word_1_267' title='bbox 1162 2601 1422 2657; x_wconf 80' lang='lat' dir='ltr'>temporalia,</span> <span class='ocrx_word' id='word_1_268' title='bbox 1456 2602 1604 2643; x_wconf 70' lang='lat' dir='ltr'>habere</span> <span class='ocrx_word' id='word_1_269' title='bbox 1622 2616 1708 2644; x_wconf 87' lang='lat' dir='ltr'>non</span> <span class='ocrx_word' id='word_1_270' title='bbox 1731 2604 1910 2658; x_wconf 71' lang='lat' dir='ltr'>cupiatis</span> <span class='ocrx_word' id='word_1_271' title='bbox 1918 2617 1933 2652; x_wconf 92' lang='lat'>,·</span> 
     </span>
     <span class='ocr_line' id='line_1_32' title="bbox 385 2675 1930 2733; baseline 0.003 -18"><span class='ocrx_word' id='word_1_272' title='bbox 385 2675 619 2729; x_wconf 78' lang='lat' dir='ltr'>quicunque</span> <span class='ocrx_word' id='word_1_273' title='bbox 656 2676 834 2728; x_wconf 70' lang='lat' dir='ltr'>habetis,</span> <span class='ocrx_word' id='word_1_274' title='bbox 876 2679 922 2718; x_wconf 90' lang='lat' dir='ltr'>in</span> <span class='ocrx_word' id='word_1_275' title='bbox 961 2679 1017 2719; x_wconf 75' lang='lat' dir='ltr'>eie</span> <span class='ocrx_word' id='word_1_276' title='bbox 1048 2692 1132 2719; x_wconf 89' lang='lat' dir='ltr'>non</span> <span class='ocrx_word' id='word_1_277' title='bbox 1157 2680 1451 2733; x_wconf 75' lang='lat' dir='ltr'>praesumatis.</span> <span class='ocrx_word' id='word_1_278' title='bbox 1498 2678 1608 2720; x_wconf 88' lang='lat' dir='ltr'>Dico</span> <span class='ocrx_word' id='word_1_279' title='bbox 1640 2687 1794 2731; x_wconf 89' lang='lat' dir='ltr'>autem,</span> <span class='ocrx_word' id='word_1_280' title='bbox 1831 2693 1930 2731; x_wconf 88' lang='lat' dir='ltr'>non,</span> 
     </span>
    </p>
   </div>
   <div class='ocr_carea' id='block_1_3' title="bbox 476 2791 1911 2825">
    <p class='ocr_par' dir='ltr' id='par_1_4' title="bbox 476 2791 1911 2825">
     <span class='ocr_line' id='line_1_33' title="bbox 476 2791 1911 2825; baseline 0.003 -6"><span class='ocrx_word' id='word_1_281' title='bbox 476 2799 503 2819; x_wconf 81' lang='lat' dir='ltr'>a.</span> <span class='ocrx_word' id='word_1_282' title='bbox 535 2791 614 2820; x_wconf 85' lang='lat' dir='ltr'>enim</span> <span class='ocrx_word' id='word_1_283' title='bbox 632 2791 662 2820; x_wconf 90' lang='lat' dir='ltr'>V.</span> <span class='ocrx_word' id='word_1_284' title='bbox 755 2792 785 2821; x_wconf 89' lang='lat' dir='ltr'>b.</span> <span class='ocrx_word' id='word_1_285' title='bbox 817 2802 873 2822; x_wconf 88' lang='lat' dir='ltr'>om.</span> <span class='ocrx_word' id='word_1_286' title='bbox 889 2792 925 2822; x_wconf 93' lang='lat' dir='ltr'>L.</span> <span class='ocrx_word' id='word_1_287' title='bbox 1020 2803 1045 2823; x_wconf 83' lang='lat' dir='ltr'>c.</span> <span class='ocrx_word' id='word_1_288' title='bbox 1077 2795 1111 2823; x_wconf 89' lang='lat' dir='ltr'>ut</span> <span class='ocrx_word' id='word_1_289' title='bbox 1130 2803 1191 2824; x_wconf 91' lang='lat' dir='ltr'>non</span> <span class='ocrx_word' id='word_1_290' title='bbox 1212 2794 1385 2824; x_wconf 84' lang='lat' dir='ltr'>indicemini</span> <span class='ocrx_word' id='word_1_291' title='bbox 1406 2794 1439 2824; x_wconf 93' lang='lat' dir='ltr'>Z.</span> <span class='ocrx_word' id='word_1_292' title='bbox 1531 2794 1560 2824; x_wconf 89' lang='lat' dir='ltr'>d.</span> <span class='ocrx_word' id='word_1_293' title='bbox 1591 2794 1840 2824; x_wconf 81' lang='lat' dir='ltr'>considerationis</span> <span class='ocrx_word' id='word_1_294' title='bbox 1853 2794 1911 2825; x_wconf 91' lang='lat' dir='ltr'>VZ.</span> 
     </span>
    </p>
   </div>
   <div class='ocr_carea' id='block_1_4' title="bbox 382 2870 1932 3032">
    <p class='ocr_par' dir='ltr' id='par_1_5' title="bbox 382 2870 1932 3032">
     <span class='ocr_line' id='line_1_34' title="bbox 480 2870 1930 2919; baseline 0.003 -14"><span class='ocrx_word' id='word_1_295' title='bbox 480 2871 511 2905; x_wconf 89' lang='lat'>1.</span> <span class='ocrx_word' id='word_1_296' title='bbox 540 2871 558 2905; x_wconf 96' lang='grc'>1</span> <span class='ocrx_word' id='word_1_297' title='bbox 578 2870 738 2906; x_wconf 87' lang='lat' dir='ltr'>Corinth.</span> <span class='ocrx_word' id='word_1_298' title='bbox 754 2872 785 2916; x_wconf 83' lang='lat'>7,</span> <span class='ocrx_word' id='word_1_299' title='bbox 804 2873 836 2907; x_wconf 84' lang='lat'>9.</span> <span class='ocrx_word' id='word_1_300' title='bbox 945 2874 977 2908; x_wconf 83' lang='lat'>2.</span> <span class='ocrx_word' id='word_1_301' title='bbox 1002 2874 1059 2908; x_wconf 91' lang='lat' dir='ltr'>De</span> <span class='ocrx_word' id='word_1_302' title='bbox 1083 2873 1151 2909; x_wconf 82' lang='lat' dir='ltr'>hae</span> <span class='ocrx_word' id='word_1_303' title='bbox 1175 2873 1298 2909; x_wconf 86' lang='lat' dir='ltr'>fabula</span> <span class='ocrx_word' id='word_1_304' title='bbox 1322 2873 1367 2909; x_wconf 86' lang='lat' dir='ltr'>ef.</span> <span class='ocrx_word' id='word_1_305' title='bbox 1389 2873 1425 2909; x_wconf 90' lang='lat' dir='ltr'>S.</span> <span class='ocrx_word' id='word_1_306' title='bbox 1445 2874 1609 2919; x_wconf 86' lang='lat' dir='ltr'>Gregorii</span> <span class='ocrx_word' id='word_1_307' title='bbox 1634 2874 1725 2919; x_wconf 89' lang='lat' dir='ltr'>Opp.</span> <span class='ocrx_word' id='word_1_308' title='bbox 1742 2874 1799 2910; x_wconf 88' lang='lat' dir='ltr'>ed.</span> <span class='ocrx_word' id='word_1_309' title='bbox 1816 2875 1930 2910; x_wconf 88' lang='lat' dir='ltr'>Bene·</span> 
     </span>
     <span class='ocr_line' id='line_1_35' title="bbox 382 2927 1932 2977; baseline 0.003 -14"><span class='ocrx_word' id='word_1_310' title='bbox 382 2927 471 2963; x_wconf 84' lang='lat' dir='ltr'>diet.</span> <span class='ocrx_word' id='word_1_311' title='bbox 490 2928 533 2963; x_wconf 89' lang='lat' dir='ltr'>T.</span> <span class='ocrx_word' id='word_1_312' title='bbox 550 2929 603 2965; x_wconf 94' lang='lat' dir='ltr'>IV</span> <span class='ocrx_word' id='word_1_313' title='bbox 620 2929 700 2964; x_wconf 82' lang='lat'>230.</span> <span class='ocrx_word' id='word_1_314' title='bbox 796 2931 828 2965; x_wconf 88' lang='grc'>3.</span> <span class='ocrx_word' id='word_1_315' title='bbox 855 2931 942 2966; x_wconf 85' lang='lat' dir='ltr'>Luo.</span> <span class='ocrx_word' id='word_1_316' title='bbox 961 2932 993 2976; x_wconf 91' lang='grc'>6,</span> <span class='ocrx_word' id='word_1_317' title='bbox 1011 2932 1068 2967; x_wconf 86' lang='grc'>37.</span> <span class='ocrx_word' id='word_1_318' title='bbox 1175 2932 1210 2967; x_wconf 87' lang='grc'>4.</span> <span class='ocrx_word' id='word_1_319' title='bbox 1235 2932 1338 2968; x_wconf 85' lang='lat' dir='ltr'>Rom.</span> <span class='ocrx_word' id='word_1_320' title='bbox 1358 2932 1413 2977; x_wconf 84' lang='lat'>14,</span> <span class='ocrx_word' id='word_1_321' title='bbox 1429 2932 1463 2967; x_wconf 87' lang='lat'>4.</span> <span class='ocrx_word' id='word_1_322' title='bbox 1482 2933 1514 2967; x_wconf 86' lang='lat'>5.</span> <span class='ocrx_word' id='word_1_323' title='bbox 1622 2932 1655 2967; x_wconf 89' lang='lat'>5.</span> <span class='ocrx_word' id='word_1_324' title='bbox 1681 2932 1717 2968; x_wconf 82' lang='lat' dir='ltr'>S.</span> <span class='ocrx_word' id='word_1_325' title='bbox 1735 2931 1932 2977; x_wconf 85' lang='lat' dir='ltr'>Augustini</span> 
     </span>
     <span class='ocr_line' id='line_1_36' title="bbox 385 2986 1219 3032; baseline 0.005 -11"><span class='ocrx_word' id='word_1_326' title='bbox 385 2996 442 3032; x_wconf 86' lang='lat' dir='ltr'>ep.</span> <span class='ocrx_word' id='word_1_327' title='bbox 462 2987 540 3032; x_wconf 87' lang='lat'>100,</span> <span class='ocrx_word' id='word_1_328' title='bbox 566 2986 656 3032; x_wconf 90' lang='lat' dir='ltr'>Opp.</span> <span class='ocrx_word' id='word_1_329' title='bbox 674 2987 730 3023; x_wconf 87' lang='lat' dir='ltr'>ed.</span> <span class='ocrx_word' id='word_1_330' title='bbox 749 2988 934 3023; x_wconf 83' lang='lat' dir='ltr'>Benediot.</span> <span class='ocrx_word' id='word_1_331' title='bbox 952 2990 986 3023; x_wconf 96' lang='lat' dir='ltr'>II</span> <span class='ocrx_word' id='word_1_332' title='bbox 1011 2990 1219 3025; x_wconf 80' lang='lat'>269—270.</span> 
     </span>
    </p>
   </div>
  </div>
 </body>
</html>
