2028 3438
377 215 462 258 376
887 226 1106 258 nmmum
1136 226 1304 257 oonnx.
1342 224 1421 257 >206

155 344 355 379 1111-1120
374 333 523 376 iuvene
555 335 664 375 esset
693 342 838 376 recens
870 332 1019 376 sermo.
1130 332 1284 376 Verum
1317 331 1554 389 praedictus
1573 331 1704 381 frater
1729 331 1934 386 fugitivus

376 411 440 453 est
460 412 502 452 et
523 409 788 465 disciplinam
812 409 1007 464 deseruit,
1034 409 1198 464 quando
1221 423 1245 452 a
1265 408 1517 452 monasterio
1538 408 1641 451 suae
1658 407 1934 465 professionis

376 486 452 530 sub
483 486 628 540 regula
666 486 777 529 beati
807 486 1033 540 Augustini
1072 486 1263 529 discessit
1301 489 1367 529 et⁸
1396 485 1486 528 loco
1519 498 1593 528 suo
1622 483 1928 529 contumelium

374 563 530 617 intulit,
562 576 738 606 causans
770 563 851 606 cibi
883 566 925 606 et
956 566 1078 618 potus
1109 563 1348 619 penuriam3
1382 574 1474 604 cum
1496 561 1665 616 Paulus,
1692 561 1935 618 raptusmd

375 639 552 683 tercium
584 639 767 694 caelum,
811 638 985 695 pusillos
1016 638 1173 682 Christi
1204 642 1378 696 paterne
1412 639 1594 682 instruat
1625 638 1786 682 dicens:
1828 638 1931 683 Soio

377 719 545 769 esurire,
579 719 664 759 scio
697 726 734 759 et
760 718 985 773 penuriam
1012 718 1107 773 pati
1118 712 1139 757 ¹.
1190 715 1248 757 Et
1277 715 1328 758 de
1357 713 1621 769 infirmitate,
1650 716 1778 771 quam
1794 727 1934 772 prae-³·

376 793 512 836 tendit
548 793 678 835 frater
717 792 978 849 praedictus,
1017 792 1127 835 idem
1165 790 1319 834 Paulus
1358 790 1464 834 aith:
1509 791 1688 845 Quando
1724 790 1933 847 ὀπήν-1111991,Ἰ

376 879 473 913 tunc
490 864 656 925 fortior
686 885 778 911 sum
809 879 846 912 et
873 878 1018 926 potens
1027 866 1055 911 ².
1157 867 1346 911 Ecclesia
1375 867 1516 922 igitur,
1549 867 1601 910 ad
1621 867 1741 912 cuius
1759 867 1931 912 titulum

376 947 421 989 in
453 946 673 989 diaconum
705 948 747 988 et
777 945 1066 1002 presbyterum
1097 947 1361 988 consecratus
1383 947 1458 999 est,
1491 942 1935 991 sineeontradictidna

376 1024 495 1066 iuxta
516 1023 727 1065 decretum
748 1019 900 1065 Leonis
921 1035 1056 1078 papae
1077 1022 1199 1068 debet
1220 1035 1315 1064 eum
1334 1034 1543 1076 revocare,
1575 1019 1933 1077 velutiugitiviun:

377 1103 420 1143 et
449 1102 776 1155 contemptorem
809 1099 1015 1155 propositi
1046 1102 1088 1142 et
1108 1099 1202 1154 qui⁰
1224 1098 1412 1141 altiorem
1445 1101 1488 1153 et
1516 1099 1715 1148 artiorem
1735 1096 1931 1156 ‚discipli-¹

377 1190 474 1219 nam
498 1176 700 1229 deseruit;
734 1175 930 1231 quatinus
962 1176 1122 1231 antiqui
1153 1175 1218 1218 etd
1240 1173 1422 1218 instituti
1451 1175 1604 1230 gradus
1625 1171 1931 1220 vitmrsanctoa

377 1267 469 1296 rum
485 1256 651 1309 patrum
676 1252 831 1307 absque
847 1253 1163 1296 conturbatione
1180 1255 1489 1307 conserventur,
1507 1256 1552 1295 et
1563 1251 1754 1296 levitates
1771 1249 1930 1308 eorum,

378 1331 449 1385 qui
470 1330 832 1384 circumferuntur,
856 1330 908 1372 ad
928 1330 1206 1373 reverentiam
1227 1328 1394 1372 divinae
1415 1329 1628 1373 servitutis
1649 1329 1931 1374 destruanturss

496 1406 644 1449 Frater
690 1407 791 1461 iste,
840 1407 909 1461 qui
947 1407 998 1450 de
1043 1406 1247 1463 superiori
1290 1406 1341 1449 ad
1385 1406 1560 1449 inferius
1605 1405 1742 1450 redire
1779 1410 1832 1451 et·
1856 1417 1932 1464 per

377 1483 590 1526 licentiam
613 1483 787 1526 dimissa
807 1483 897 1526 vult
917 1487 1120 1540 repetere,
1151 1497 1236 1527 non
1267 1486 1331 1526 est
1361 1483 1665 1538 admittendus3
1697 1479 1858 1539 sed32¹ut
1877 1482 1932 1528 ad

379 1560 502 1603 altius
536 1560 795 1616 propositum
827 1560 983 1615 redeat,
1020 1560 1166 1603 humili
1197 1573 1320 1617 prece
1352 1564 1393 1604 et
1421 1560 1606 1604 fraterno
1638 1557 1818 1604 consilio·
1841 1570 1932 1605 ama

377 1637 630 1691 monendus,
671 1641 713 1680 et
742 1638 784 1679 in
822 1637 912 1680 loco
945 1651 1045 1680 suae
1084 1637 1355 1693 professionis
1393 1651 1468 1694 per
1503 1634 1790 1682 humanitatis*
1815 1634 1931 1684 exhi*-

378 1713 577 1757 bitionem
610 1714 654 1756 in
686 1714 776 1757 cibo
809 1718 850 1757 et
880 1717 982 1770 potu
1013 1728 1064 1757 ex
1095 1714 1338 1757 infirmitate
1369 1728 1393 1757 a
1424 1714 1593 1758 Christi
1613 1710 1823 1760 fidelibus
1832 1715 1932 1760 sub·

376 1790 591 1833 levandus
649 1789 718 1833 Sic
750 1791 859 1834 enim
891 1791 1013 1834 fratri
1044 1791 1106 1833 illi
1137 1792 1298 1834 viscera
1332 1792 1643 1836 misericordiae
1678 1787 1930 1850 aperientur,

378 1871 420 1910 et
451 1867 613 1911 debitus
645 1867 776 1909 honor
807 1868 947 1910 divino
979 1868 1109 1911 cultui
1140 1868 1415 1911 exhibebitur
1555 1884 1557 1886 ’
1623 1887 1628 1901 ··
1734 1896 1735 1900 =
1876 1873 1926 1901 ’ν

497 1943 611 1986 Dicit
640 1944 770 1987 frater
800 1944 892 2000 ille,
934 1945 1043 2000 quod
1075 1945 1164 1988 sine
1193 1945 1363 1988 licentia
1397 1945 1582 2002 episcopi
1616 1947 1696 1989 sui
1717 1946 1930 2002 discessit,

379 2023 421 2064 et
451 2020 543 2063 ideo
576 2024 738 2075 censet,
773 2022 938 2064 irritum
971 2022 1120 2066 debere
1151 2036 1261 2077 esse,
1302 2023 1412 2078 quod
1441 2023 1487 2065 in
1527 2022 1665 2066 altiori
1683 2024 1827 2079 gradu
1857 2038 1931 2082 ap-

379 2098 523 2153 petiit„
560 2097 627 2140 Ad
659 2098 761 2141 haec
791 2099 1085 2155 respondetur:
1120 2099 1228 2155 quod
1260 2099 1390 2142 frater
1420 2099 1491 2143 ille
1521 2100 1563 2143 in
1594 2099 1670 2143 tali
1691 2102 1858 2156 negotio
1880 2099 1932 2146 de

379 2188 423 2217 se
452 2175 544 2230 ipso
575 2187 659 2217 non
691 2179 828 2231 potest
859 2176 983 2218 simul
1015 2180 1231 2219 accusator
1262 2190 1351 2220 esse
1374 2181 1415 2220 et
1439 2177 1577 2220 iudex.
1672 2170 1931 2222 =Oanon¹icus

380 2255 469 2294 erat
501 2251 643 2294 Sancti
675 2252 864 2307 Martini,
902 2267 978 2296 nec
1008 2254 1203 2310 episcopo
1234 2267 1310 2296 nec
1341 2253 1538 2310 praelatis
1569 2255 1764 2298 suis‘nec
1787 2249 1932 2301 'fratri'-

380 2329 455 2371 bus
488 2329 573 2371 suis
604 2330 950 2385 impedimentum
984 2330 1185 2384 ostendit,
1227 2344 1307 2386 quo
1339 2325 1856 2386 interveniente,'salvare
1886 2340 1931 2375 se

379 2406 538 2461 ipsum⁸
570 2406 628 2448 ibi
660 2419 741 2450 non
782 2411 934 2462 posset.
992 2406 1073 2450 Sed
1106 2421 1156 2450 ex
1190 2406 1402 2450 voluntate
1440 2411 1482 2450 et
1520 2407 1691 2450 arbitrio
1729 2421 1804 2451 suo
1835 2422 1932 2465 pro·-

380 2483 562 2538 positum
601 2483 711 2525 vitae
759 2483 945 2538 artioris,
994 2484 1111 2526 vobis
1156 2484 1456 2539 nescientibus,
1505 2485 1702 2541 arripuit3
1749 2489 1792 2528 et
1834 2480 1933 2543 post

381 2559 484 2600 duos
523 2573 687 2602 menses
725 2560 887 2603 litteras
926 2561 976 2603 de
1016 2574 1091 2604 sua
1129 2562 1398 2604 conversione
1437 2561 1570 2614 misit3
1611 2565 1653 2604 et
1691 2566 1788 2618 post
1826 2563 1930 2606 duos

380 2648 510 2677 annos
552 2649 594 2678 se
637 2637 775 2692 ipsum
823 2638 1107 2693 praesentavit
1147 2638 1263 2681 vobis
1308 2642 1348 2681 et
1386 2650 1478 2681 cum
1522 2638 1690 2681 licentia
1730 2643 1789 2683 et*
1815 2640 1931 2696 pacis

381 2713 521 2755 osculo
554 2713 677 2766 abiit3
711 2716 753 2756 et
784 2715 1002 2770 episcopus
1029 2714 1306 2758 Traiectensis
1338 2715 1535 2758 ecclesiae
1563 2718 1701 2758 vestra
1730 2716 1931 2760 relatione

382 2790 432 2832 de
464 2790 606 2852 fratris
638 2790 759 2833 istius
791 2791 985 2834 abscessu
1006 2791 1217 2834 vobiscum
1250 2792 1445 2835 canonice
1475 2805 1557 2834 non
1584 2793 1792 2848 tractavit,
1825 2794 1932 2837 sicut

477 2898 504 2919 a.
540 2890 569 2918 et
591 2899 645 2919 om.
662 2890 692 2919 V.
816 2891 846 2920 b.
879 2892 940 2928 agit
960 2892 999 2921 Β.
1124 2901 1149 2921 c.
1182 2892 1233 2930 qui
1255 2893 1286 2921 et
1306 2892 1344 2922 B.
1468 2891 1497 2920 d.
1530 2901 1585 2921 om.
1600 2892 1638 2922 B.
1763 2903 1789 2923 e.
1820 2902 1878 2923 om.
1891 2893 1930 2923 B.

479 2953 509 2988 1.
537 2952 688 2998 Philipp.
706 2953 739 2998 4,
760 2954 815 3018 {²
1031 2954 1064 2991 2.
1091 2938 1134 2991 v.
1162 2955 1183 2990 2
1208 2954 1367 2991 corinth.
1388 2955 1442 3000 12,
1469 2955 1524 2990 10.
1578 2932 1585 2936 ’
