2028 3438
374 249 462 292 540
910 263 972 293 nx
1003 262 1225 293 nemon-is
1253 262 1393 294 meno

374 367 541 411 clesiam
577 368 696 410 illam
736 364 948 420 „multum
989 377 1210 412 ornaverat
1246 377 1284 412 et
1319 370 1536 412 dotaverat
1572 369 1691 413 libris
1731 369 1850 415 bonis
1880 378 1928 417 >at

373 447 505 488 sacris
535 441 776 488 vestibus“¹.
1836 502 1839 506 ι

497 521 597 564 Tres
629 522 731 565 libri
758 522 916 564 codices
948 521 1158 564 consulere
1189 521 1316 564 licuit.
1373 521 1459 575 Qui
1489 523 1656 578 quidem
1684 522 1732 565 hi
1756 531 1875 567 sunu
1896 555 1898 559 -
1920 535 1923 537 ’

495 598 546 640 A.
595 597 732 641 Codex
762 599 1027 641 bibliothecae
1055 600 1194 654 reqiae
1224 598 1504 651 Monacensis,
1545 599 1615 642 lat.
1637 599 1680 652 2,
1715 600 1932 656 quondam,

372 674 453 717 Au
459 677 744 730 qustensis,
777 675 1110 717 membranaceus
1129 674 1280 729 forma
1301 677 1501 728 maoeima,
1524 676 1682 719 saeculi
1694 672 1819 729 XIV,
1852 677 1929 733 qui

370 751 447 802 fol.
472 752 666 794 18-87
702 754 931 808 priorem
971 753 1108 808 operis
1139 751 1415 794 Heimoniani
1451 753 1728 795 editionem
1766 751 1928 799 exhibet

373 843 484 871 anno
517 829 641 871 1137
673 837 900 871 exaratam.
954 828 1072 870 [uxta
1103 829 1220 869 cuius
1253 829 1406 870 codicis
1439 830 1574 885 cyclos
1605 829 1828 886 paschales
1856 830 1925 873 ios-

372 907 593 948 veniuntur
623 907 844 947 memoriae
874 905 1199 960 Bamberyenses
1230 906 1288 946 ad
1318 920 1475 947 annum
1506 906 1630 948 1137
1651 907 1925 963 proqredien-

373 990 444 1035 tes,
479 982 627 1038 quibus
660 991 697 1024 et
726 983 901 1024 immisti
930 990 966 1023 et
996 981 1169 1023 subiecti
1197 990 1294 1024 sunt
1324 982 1496 1024 annales
1529 982 1780 1039 Auyustam‘.

496 1058 545 1101 T.
593 1057 730 1101 Codex
761 1059 915 1100 latinus
947 1058 1211 1100 Monacensis
1242 1058 1416 1110 18769,
1452 1061 1663 1115 quondam
1698 1058 1924 1116 Teqernc·

372 1137 571 1178 seensis
611 1134 775 1188 (769),
814 1135 1149 1177 membranaceus
1176 1134 1328 1190 forma
1368 1137 1599 1191 quadrata,
1638 1135 1923 1189 saeculinI,

373 1229 399 1254 a
430 1212 650 1255 Wernliero
689 1213 866 1254 diacono
905 1220 943 1254 et
979 1212 1178 1254 monacho
1225 1220 1321 1254 ante
1358 1227 1515 1254 annum
1545 1195 1663 1256 '1198
1699 1208 1925 1269 scriptus⁸3
1983 1205 1988 1209 ³

373 1304 493 1345 quem
514 1288 687 1331 Carolus
709 1289 839 1331 Halm
867 1289 1117 1345 perbeniqne
1148 1290 1205 1330 ad
1232 1303 1296 1331 me
1318 1290 1443 1331 misit.
1491 1289 1566 1331 Ibi
1593 1297 1631 1332 et
1655 1290 1926 1346 posterior

373 1367 731 1422 clironoqrapltiae
763 1367 921 1409 editio
955 1374 992 1408 et
1016 1366 1229 1422 plurimae
1255 1367 1477 1407 memoriae
1497 1365 1823 1423 Bamberqenses
1852 1380 1923 1408 us-

372 1457 451 1499 que
489 1445 546 1485 ad
583 1458 740 1485 annum
772 1443 888 1486 1139
925 1438 1213 1499 reperiuntur⁴¹
1243 1457 1328 1484 non
1363 1444 1451 1484 sine
1489 1444 1685 1486 extrariis
1722 1444 1924 1486 accessio-

370 1520 505 1562 nibus.

490 1597 543 1638 Ε.
591 1595 728 1638 Codex
768 1597 867 1639 olim
901 1595 1305 1650 Ensdorfensis‚
1347 1598 1422 1652 qui
1458 1598 1545 1639 iam
1581 1596 1796 1652 superiore
1832 1609 1924 1638 sae.-

373 1673 464 1715 culo
503 1675 549 1715 in
581 1674 749 1715 abbatia
779 1673 1243 1715 Maurimonasteriensi
1277 1673 1520 1716 servabatur
1550 1673 1751 1728 hodieque
1782 1674 1832 1714 rin
1863 1672 1924 1714 bi-

373 1750 574 1793 bliotheca
604 1746 806 1792 civitatis⁵
827 1749 1144 1805 Arqentinensis
1174 1751 1394 1806 reperitur,
1427 1751 1616 1806 siynatus
1637 1748 1673 1791 E
1698 1748 1766 1803 11,
1797 1763 1923 1791 mem-

373 1827 602 1869 branaceus
633 1841 736 1868 saec.
760 1826 867 1878 XII,
911 1841 1029 1882 quem
1065 1841 1221 1881 mayna
1260 1840 1351 1868 cum
1382 1828 1644 1869 accuratione
1674 1825 1923 1883 liudolphus

374 1904 507 1946 Reuss
537 1905 583 1947 in
602 1918 724 1945 usum
744 1918 877 1945 meum
906 1903 1194 1959 pervolutavit.
1245 1902 1332 1956 Qui
1359 1905 1501 1955 codex,
1533 1905 1630 1946 item
1654 1903 1922 1959 posterio-

372 1996 475 2023 rem
506 1981 606 2023 libri
641 1981 922 2022 editionem
953 1980 1210 2036 complexus,
1252 1994 1301 2022 ea
1338 1994 1384 2021 re
1413 1981 1593 2022 maxime
1621 1978 1818 2022 notabilis
1849 1987 1921 2031 est,

374 2059 487 2114 quod
515 2072 645 2113 usque
680 2058 737 2099 ad
767 2072 923 2099 annum
954 2057 1077 2099 1179
1108 2057 1304 2098 deductas
1337 2056 1512 2112 praebet
1539 2057 1759 2098 memorias
1789 2055 1922 2097 Bam-

373 2135 608 2190 berqenses,
652 2142 689 2176 et
727 2148 795 2175 eas
834 2134 1000 2189 quidem
1036 2147 1128 2174 cum
1160 2133 1381 2175 annalibus
1412 2132 1767 2188 Ensdorfensibus
1798 2145 1922 2188 eoaq-

371 2219 584 2253 mentatas.

491 2288 682 2330 Pertzius
719 2288 765 2328 in
795 2286 912 2328 Mon.
939 2284 1078 2329 Germ.
1104 2284 1187 2328 SS.
1209 2284 1255 2327 X
1283 2285 1427 2327 1—11
1461 2293 1652 2341 excerpta
1690 2284 1791 2327 libri
1817 2283 1922 2326 Hei-

373 2366 563 2406 moniani
593 2363 699 2415 (una
730 2378 822 2404 cum
854 2361 1076 2404 annalibus
1107 2361 1462 2416 Ensdorfensibus
1493 2369 1530 2403 et
1552 2361 1812 2416 Auyustanis
1842 2362 1922 2402 mi-

373 2439 570 2493 noribus)
610 2441 759 2492 edidit,
800 2440 925 2481 nimis
962 2440 1116 2480 cursim
1154 2439 1320 2494 quidem
1356 2453 1454 2480 usus
1487 2437 1696 2480 codicibus
1726 2436 1770 2479 A
1801 2445 1839 2480 et
1865 2437 1920 2480 Ε.

468 2574 501 2608 1.
533 2572 697 2608 Ecclesia
721 2571 757 2608 S.
774 2570 959 2607 Michaelis
983 2580 1127 2616 quoque
1160 2569 1206 2605 ab
1230 2569 1416 2606 Heimonis
1448 2568 1559 2606 fratre
1582 2568 1784 2606 Berthkero
1815 2569 1921 2614 largi·

373 2632 470 2667 tione
501 2634 609 2667 aucta
641 2634 715 2678 est3
747 2642 783 2666 v.
808 2629 1053 2674 necrologium
1082 2628 1119 2665 S.
1137 2628 1321 2664 Michaelis
1351 2628 1398 2663 ad
1422 2629 1445 2664 2
1468 2628 1549 2664 Kal.
1567 2627 1664 2673 Aug.
1809 2628 1842 2663 2.
1875 2626 1922 2663 de

373 2699 445 2735 quo
470 2688 516 2725 of.
533 2690 665 2724 Halmii
684 2689 881 2734 Gatalogus
904 2688 990 2724 bibl.
1007 2688 1130 2733 regiae
1146 2686 1372 2723 Monacensis
1395 2686 1413 2722 I
1436 2697 1471 2732 p.
1491 2687 1510 2721 1
1537 2697 1571 2721 n.
1589 2687 1623 2722 2.
1718 2686 1752 2722 3.
1778 2685 1816 2721 in
1839 2685 1920 2722 cod.

373 2747 434 2783 fol.
453 2749 520 2783 132
550 2749 720 2793 leguntur
750 2747 858 2783 haec:
893 2748 1025 2792 „Hunc
1054 2746 1184 2782 librum
1201 2744 1435 2782 Werinherus
1459 2744 1633 2780 diaconus
1662 2746 1699 2780 et
1723 2743 1920 2780 monachus

373 2806 574 2852 patravit“;
601 2809 638 2842 et
661 2806 721 2842 fol.
740 2806 806 2843 126
830 2805 1013 2852 cyclorum
1031 2815 1125 2840 anno
1144 2805 1235 2840 1198
1260 2803 1418 2848 ascripta
1441 2802 1531 2838 haec
1550 2806 1652 2839 sunt:
1679 2802 1921 2849 „Wernherus

374 2865 547 2900 diaconus
573 2867 610 2899 et
633 2864 831 2900 monachus
856 2863 962 2908 obiit,
992 2867 1156 2909 patrator
1180 2863 1286 2899 huius
1309 2861 1391 2898 libri
1401 2861 1431 2898 “.
1537 2862 1572 2897 4.
1597 2861 1775 2898 Videntur
1798 2864 1920 2897 autem

373 2923 483 2959 etiam
507 2923 702 2958 memoriae
727 2933 903 2959 annorum
929 2923 1019 2958 1147
1045 2925 1083 2958 et
1108 2922 1210 2967 1153,
1235 2931 1328 2967 quae
1353 2921 1390 2956 in
1414 2920 1482 2956 hoc
1507 2920 1632 2956 codice
1655 2920 1789 2966 insunt,
1812 2920 1920 2956 Bam·

373 2981 488 3029 berga
510 2980 695 3028 profectae
719 2991 812 3018 esse.
842 2982 888 3019 V.
912 2980 1007 3017 infra
1032 2981 1111 3027 „Ex
1135 2978 1282 3027 cyclis“.
1400 2980 1434 3015 5.
1465 2988 1538 3015 non
1561 2978 1819 3015 universitatis.
