2028 3438
637 260 859 293 unAme
889 261 1058 293 connx.
1107 260 1155 294 24
1623 249 1682 293 49

109 365 166 413 0'x2
192 366 285 412 {vita
312 380 457 413 corum
490 367 718 412 secundum
748 381 928 412 canones
961 368 1022 412 eis
1044 368 1234 412 obsistat.
1273 423 1275 425 Ι
1358 367 1495 411 Tanta
1526 368 1683 425 quippe
1710 378 1830 415 1063?

107 444 265 490 talium·
293 445 524 490 multitudo
565 449 649 502 est,
686 447 754 503 ut,
795 446 895 490 dum
927 446 1109 502 rigorem
1143 445 1333 490 canonici
1364 445 1522 501 vigoris
1555 459 1682 503 super

108 534 382 570 asservare
399 536 502 568 mon
518 536 757 581 possumne,
788 537 961 569 necesse
991 524 1061 579 sit,
1088 527 1137 568 ut
1164 523 1473 581 dispensatorie
1503 523 1557 567 ad
1584 523 1681 580 piae

108 600 475 653 condescensionis
494 601 683 646 studium
715 602 878 646 animos
908 605 1076 646 nostros
1108 602 1162 645 ad
1181 615 1384 659 praesens
1406 601 1681 655 inclinemus3

106 678 354 735 its-tamon,
385 683 435 724 ut
464 680 716 724 auctoritate
746 683 988 724 sanctorum
1020 679 1308 738 apostolorum
1339 679 1456 723 Petri
1487 682 1530 723 et
1560 678 1681 722 Pauli

108 756 366 802 omnimodis>
391 757 716 802 interdicamus:
755 771 810 802 ne
841 758 993 815 aliquis
1033 771 1323 802 successorum
1357 760 1599 801 nostrorum
1632 771 1685 800 ex

106 833 193 884 hm
205 835 650 893 nostrasspermissionc
669 835 862 892 regulam
883 836 964 880 sibi
983 835 1051 880 vel
1073 835 1198 880 alicui
1213 839 1459 894 praesumat
1474 834 1541 879 vel
1561 848 1685 892 prae-

107 910 232 968 figat,
262 913 365 969 quia-
389 926 478 957 non
507 913 617 958 hanc
647 914 915 971 antiquorum
946 918 1117 971 patrum
1149 914 1377 958 auctoritas
1398 913 1580 957 iubendo
1613 916 1685 957 aut
1707 961 1709 965 ¹

109 989 375 1035 concedendo
411 991 719 1049 promulgavit,
758 992 834 1036 sed
878 993 1015 1049 turpis
1057 996 1099 1036 et
1143 992 1277 1036 nimia
1314 991 1544 1036 necessitas
1589 1004 1685 1048 per-

105 1067 315 1121 mittendo
347 1081 381 1112 a*
401 1069 524 1114 nobis
556 1070 747 1114 extorsit.

226 1146 292 1191 De
330 1150 470 1192 cetero
509 1150 673 1209 autem,
715 1149 750 1191 si
790 1147 884 1204 quis
922 1148 1020 1191 hinc
1050 1148 1096 1191 in
1126 1151 1343 1205 posterum
1377 1147 1429 1191 ab
1462 1161 1524 1203 eo,
1558 1160 1683 1204 quem

108 1225 396 1282 symoniacum
428 1238 521 1270 esse
548 1239 636 1269 non
665 1225 844 1282 dubitat,
862 1239 923 1270 ⁴se
954 1226 1191 1270 consecrari
1221 1225 1475 1282 permiserit,
1513 1227 1555 1269 et
1587 1238 1684 1268 con-

106 1305 296 1357 murator
316 1302 376 1348 {et
413 1307 681 1348 consecratus
718 1317 804 1348 non
836 1303 1049 1361 disparem
1082 1303 1396 1361 dampnationis
1427 1303 1681 1347 sententiam

106 1380 242 1436 ἤιδεις
264 1383 308 1425 et
329 1381 502 1438 uterque
524 1382 739 1440 depositus
760 1381 1043 1440 penitenciam
1065 1384 1163 1438 agat
1180 1385 1222 1426 et
1242 1382 1434 1440 privatus
1461 1395 1486 1425 a
1506 1381 1684 1438 propria

107 1457 313 1514 dignitate
342 1459 556 1516 persistat.

142 1552 172 1575 ιτ
220 1535 374 1589 ⁵Preter
417 1537 527 1582 haec>
567 1535 733 1582 autem¹
782 1537 1078 1596 praecipiendo
1126 1537 1400 1593 mandamus,
1447 1540 1496 1580 ut
1540 1536 1682 1580 nullus

106 1613 283 1659 missam
322 1615 467 1660 audiat
503 1615 750 1673 presbiteri,
797 1630 921 1672 quem
944 1617 1040 1660 -scit
1077 1615 1354 1660 concubinam
1391 1614 1683 1659 indubitanter

105 1691 261 1745 habere
281 1693 349 1738 vel
368 1693 732 1738 subintroductam
751 1694 984 1738 mulierem.
1032 1693 1152 1738 Unde
1182 1697 1329 1737 sancta
1349 1693 1534 1751 synodus
1555 1692 1682 1736 haec⁸

107 1771 285 1829 acapite
302 1770 380 1816 sub
401 1772 834 1816 excommunicatione
856 1772 1006 1816 statuit
1026 1772 1189 1816 dicens:
1217 1772 1467 1829 Quicunque
1487 1773 1681 1815 sacerdos

105 1849 172 1893 vel
205 1850 410 1893 diaconus
446 1851 513 1894 vel
547 1852 827 1895 subdiaconus
867 1875 923 1880 —
956 1860 1058 1909 post
1102 1853 1369 1894 constitutum
1413 1852 1555 1893 beatae
1595 1865 1680 1892 me-

104 1928 278 1971 moriae·
293 1930 627 1986 praedecessoris
665 1932 804 1974 nostri
839 1932 1095 1974 sanctissimi
1116 1944 1264 1987 papae
1302 1918 1457 1972 Leonis
1491 1937 1566 1971 aut
1595 1928 1680 1970 Ni-

107 2003 239 2049 colai*
279 2007 331 2049 de
352 2009 555 2051 castitate
592 2008 839 2051 clericorum
872 2034 927 2040 -
959 2008 1234 2051 concubinam
1271 2008 1395 2050 duxit
1426 2007 1578 2063 palam
1617 2005 1683 2048 vel

105 2084 277 2127 ductam
303 2099 390 2128 non
420 2085 612 2143 reliquit,
657 2101 706 2129 ex
741 2094 866 2144 parte
906 2087 1200 2143 omnipotentis
1240 2085 1330 2128 Dei
1367 2093 1406 2128 ec
1435 2086 1681 2127 auctoritate

105 2161 230 2205 Petri
258 2171 296 2206 et
324 2163 460 2206 Pauli
486 2166 772 2221 praecipimus
803 2173 841 2207 et
862 2165 1030 2207 omnino
1054 2164 1401 2207 contradicimus:
1433 2171 1481 2205 ut
1508 2164 1681 2204 missam

105 2255 192 2284 non
230 2249 366 2285 cantet
393 2256 527 2298 neque
558 2242 822 2299 euanqelium
863 2243 922 2284 ad
951 2243 1123 2284 missam
1155 2242 1265 2298 leque
1296 2255 1428 2297 neque
1461 2239 1682 2296 epistolam

107 2318 239 2376 leyat5
269 2332 401 2376 neque
430 2321 477 2362 in
501 2321 753 2377 presbiterio
785 2321 844 2363 ad
874 2321 1021 2362 divina
1053 2319 1194 2375 officia
1220 2334 1314 2361 cum
1345 2319 1423 2371 his,
1459 2319 1536 2374 qui
1548 2332 1679 2374 prae-

93 2394 222 2453 fatae
252 2399 540 2441 constitutioni
569 2399 798 2442 obedientes
817 2398 1002 2455 fuerint,
1044 2405 1235 2447 maneam
1276 2411 1408 2453 neque
1445 2404 1587 2452 partes
1628 2396 1679 2438 ab

107 2474 278 2518 eeclesia
306 2476 523 2532 suscipiat.

225 2551 284 2596 Et
311 2550 642 2610 praecipientes²
673 2553 919 2608 statuimus,
951 2556 999 2596 ut
1028 2552 1095 2595 hi⁶
1127 2551 1439 2608 praedictorum
1471 2550 1680 2606 ordinum,

107 2629 179 2686 qui
210 2629 368 2674 eisdem
407 2630 802 2688 praedecessoribus
842 2630 1000 2674 nostris
1039 2628 1282 2673 obedientes
1321 2629 1560 2672 castitatem
1592 2641 1679 2671 ser-

105 2707 312 2763 vaverint,
343 2707 464 2752 iuxta
494 2707 704 2764 ecclesias,
738 2708 889 2764 quibus
921 2707 1104 2751 ordinati
1135 2709 1246 2763 sunt,
1279 2706 1389 2751 sicut
1417 2709 1585 2763 oportet
1613 2719 1679 2749 re-

200 2836 227 2858 u.
259 2826 319 2858 hoc
339 2827 380 2857 B.
484 2826 514 2857 b.
546 2826 686 2858 Nicholai
708 2827 739 2859 V.
844 2837 870 2859 c.
903 2827 946 2858 hii
968 2827 998 2858 V.

203 2908 236 2943 1.
263 2907 433 2954 „Praeter
454 2907 526 2945 hoe
550 2912 672 2945 autem
700 2929 743 2935 —-
769 2908 817 2945 ab
842 2908 999 2944 ccclesia
1024 2907 1222 2954 suscipiat“
1248 2908 1420 2953 leguntur
1448 2906 1485 2942 in
1511 2905 1678 2942 Gratiani

107 2966 204 3003 decr.
229 2966 304 3002 P.I
329 2967 374 3003 D.
392 2968 439 3004 32
464 2978 496 3004 c.
515 2969 549 3004 6.
652 2969 687 3004 2.
716 2967 1009 3014 „praecipientes
1029 2986 1071 2993 -
1094 2970 1301 3003 mereantur
1325 2966 1478 3003 ascribi“
1507 2969 1593 3002 sunt
1618 2977 1676 3011 ap.

106 3026 321 3063 Gratianum
346 3027 369 3062 l.
387 3027 411 3062 1.

165 3090 271 3125 Jnn'.
293 3093 487 3121 Bibliothee·
508 3093 546 3120 V.
1372 3086 1394 3120 4
