2028 3438
410 276 495 318 666
780 287 942 319 nsoms
973 288 1078 318 vrrA
1109 287 1318 319 orm-oms.
1363 287 1450 318 mn.
1471 287 1524 317 111
1557 285 1599 318 12

293 404 384 439 1127
410 396 515 438 tivos
545 394 694 438 multos
727 409 856 451 penes
887 409 951 437 me
981 395 1108 438 habeo
1137 396 1323 451 praviter
1352 394 1481 436 michi
1517 386 1730 438 obnoxios.
1787 391 1870 437 Gai
1898 393 1964 437 vir

409 470 602 514 Domini:
646 472 829 528 Require
868 471 927 513 ait
963 473 1003 513 si
1033 473 1109 533 qui
1145 473 1253 514 inter
1284 484 1350 513 eos
1381 473 1466 513 sint
1497 470 1727 513 cho-ietiani.
1771 469 1842 514 *Et
1869 481 1962 514 oum

408 547 674 603 requisisset,
725 547 886 590 invenit
930 546 1072 603 plures
1118 560 1170 590 ex
1216 546 1431 590 Danorum
1478 547 1647 601 regione
1690 543 1961 601 christianos}

410 637 513 680 quos
552 625 695 667 statim
734 623 855 667 beato
896 623 1009 679 patri
1047 626 1189 666 nostro
1231 624 1343 666 omni
1375 623 1514 667 debito
1553 622 1773 667 absolutos
1798 623 1960 667 obtulit.

408 700 477 744 Ad
501 701 610 757 quod
641 714 786 751 servus
807 699 887 743 Dei
918 699 1171 754 gratulatus:
1207 700 1319 754 Quia
1351 700 1411 744 ait
1431 703 1588 758 cepisti,
1618 701 1769 757 perfice
1794 698 1963 757 qratiam

408 779 594 821 Domino
625 778 889 832 sacm'ficium,
921 785 967 819 ut
995 791 1186 832 paqanos
1218 779 1341 820 etiam
1363 779 1600 834 captivitate
1619 779 1847 834 depressos,
1879 790 1961 834 quo

396 856 578 911 facilius
607 857 706 911 iuyo
727 855 835 908 fidei
858 854 964 896 colla
987 853 1240 906 submittant,
1273 855 1477 897 absolvas.
1523 853 1580 896 Et
1608 852 1700 897 ille:
1732 854 1963 898 Multorum

407 932 546 987 inquit
576 933 798 974 criminum
828 933 892 973 rei
920 939 1017 973 sunt
1045 932 1118 972 isti
1147 939 1185 973 et
1204 932 1392 988 dampna
1420 931 1549 974 michi
1575 946 1660 974 non
1679 931 1865 987 ferenda
1893 933 1961 974 in-

409 1010 601 1052 tulerunt.
651 1007 738 1051 Sed
766 1022 818 1049 ne
849 1008 1122 1050 dedicationis
1152 1008 1274 1050 huius
1302 1009 1463 1064 qaudia
1494 1008 1674 1064 quolibet
1701 1020 1860 1051 merore
1889 1008 1961 1051 ob-

409 1072 660 1136 nubilentur,
693 1087 812 1127 iuoeta
842 1085 1010 1126 verbum
1040 1092 1168 1136 tuum,
1201 1093 1323 1141 pater
1352 1087 1647 1138 amantissime,
1671 1082 1960 1128 ‘absolvantur-

409 1161 486 1204 His
519 1161 686 1215 auditis,
720 1160 863 1203 doctor
892 1160 1107 1216 piissimus
1128 1173 1220 1203 cum
1251 1160 1437 1204 lacrimis
1468 1161 1624 1216 gratias
1657 1173 1783 1216 agens
1793 1161 1962 1204 r'Nvmc

410 1238 470 1280 ait
507 1238 772 1295 acceptabilis
812 1240 890 1280 erit
918 1238 1011 1280 Deo
1043 1238 1114 1280 hec
1148 1239 1375 1291 dedicatio,
1417 1241 1519 1295 quia
1555 1239 1788 1296 hospicium
1825 1239 1962 1282 cordis

409 1317 472 1358 tui
510 1315 586 1357 hoc
618 1317 789 1371 pietatis
828 1329 950 1371 opere
987 1316 1045 1356 ad
1080 1315 1400 1357 inhabitandum
1429 1316 1615 1358 Domino
1645 1317 1860 1359 dedicasti.
1905 1312 1963 1358 Et

408 1390 485 1434 hec
516 1391 657 1433 dicens
689 1390 922 1447 solempnia
951 1390 1224 1434 dedicationis
1256 1391 1427 1444 ecclesie
1458 1405 1631 1435 exorsus
1661 1395 1736 1451 est.

527 1467 642 1510 Nutu
672 1470 811 1511 autem
834 1467 914 1510 Dei
946 1481 997 1510 ex
1027 1468 1240 1523 inproviso
1266 1465 1448 1512 cineres¹
1479 1468 1718 1523 defuerunt3
1750 1470 1793 1512 et
1819 1465 1961 1511 iuran-

408 1545 520 1588 tibus
552 1545 769 1599 ministris,
801 1544 959 1601 pridie⁰
991 1558 1036 1587 se
1067 1558 1137 1587 eos
1167 1545 1211 1587 in
1243 1545 1417 1588 circuitu
1449 1544 1592 1589 altaris
1614 1545 1851 1600 collocasse,
1882 1544 1962 1587 mi-

408 1635 503 1664 rum
533 1621 578 1664 in
608 1621 778 1664 modum
809 1634 886 1664 nec
906 1621 1070 1676 signum
1094 1620 1375 1664 excussionis²
1405 1622 1570 1678 uspiam
1600 1622 1779 1665 inveniri
1810 1621 1959 1678 potuit.

410 1698 526 1741 Tunc
556 1698 774 1753 religiosus
806 1698 1013 1754 presbiter
1034 1697 1293 1753 Uodalricus‚
1325 1698 1476 1755 spiritu
1507 1698 1585 1742 Dei
1618 1702 1748 1754 actus,
1780 1699 1834 1742 ad
1851 1698 1960 1752 sub.-

408 1777 645 1818 terraneum
686 1775 896 1830 quoddam
934 1774 1214 1818 habitaculum
1255 1789 1331 1831 pro
1370 1776 1578 1819 cineribus
1617 1775 1860 1830 colligendis
1889 1788 1961 1819 ve-

408 1851 539 1895 locius
571 1852 685 1894 abiit.
734 1850 861 1894 Cuius
892 1851 1066 1894 introitu
1098 1851 1253 1906 auditO,
1286 1852 1477 1908 captivus
1507 1852 1594 1895 illic
1623 1852 1795 1895 latitans
1816 1850 1961 1895 vocem

409 1941 504 1971 cum
543 1929 701 1982 gemitu
739 1928 894 1978 emisitf
916 1927 980 1971 eth
1015 1941 1184 1971 manum
1223 1929 1274 1972 de
1314 1941 1441 1972 cavea
1477 1929 1698 1985 protraxit.
1755 1928 1961 1985 Obstupe-

409 2005 542 2048 factus
575 2018 719 2048 servus
750 2004 829 2048 Dei
850 2004 1070 2048 Udalricus
1101 2006 1277 2049 accessit
1305 2005 1458 2060 videre,
1493 2006 1690 2061 quidnam
1723 2005 1800 2049 hoc
1830 2008 1959 2059 esset3

409 2082 595 2137 viditque
630 2081 822 2125 iuvenem
853 2082 1170 2125 miserabiliter⁰
1209 2082 1314 2124 collo
1352 2086 1520 2138 pectore
1560 2095 1608 2125 ac
1644 2082 1820 2138 pedibus
1849 2082 1959 2125 ferro

409 2158 629 2201 inclusum.
691 2158 747 2201 Et
785 2159 984 2201 accersito
1023 2159 1273 2215 interprete,
1320 2159 1397 2202 hec
1435 2159 1487 2202 ab
1529 2172 1576 2202 eo
1614 2159 1797 2202 audivit}
1834 2159 1961 2221 Serve

409 2237 509 2289 Dei,
541 2238 733 2278 miserere
762 2238 863 2286 mei5
896 2245 932 2279 et
961 2238 1076 2278 mitte
1105 2251 1277 2278 manum
1308 2245 1436 2288 tuam,
1469 2245 1515 2279 ut
1536 2238 1686 2279 educas
1706 2251 1771 2279 me
1789 2237 1840 2279 de
1856 2252 1959 2293 yra-

410 2315 578 2355 vissimo
610 2313 731 2355 huius
764 2315 1019 2369 captivitatis
1049 2314 1161 2368 iuyo.
1209 2313 1302 2368 qu
1324 2314 1432 2354 enim
1458 2327 1549 2355 sum
1569 2313 1690 2366 filius
1710 2298 1963 2355 nobilissimi

411 2390 637 2432 Danorum
672 2391 905 2446 principi&
944 2398 981 2432 et
1010 2391 1097 2432 dux
1127 2390 1310 2432 Mizlaus
1339 2404 1420 2445 pro
1453 2391 1687 2445 quin-centis
1717 2391 1891 2442 marcis,
1933 2406 1960 2432 a

409 2475 530 2522 patre
568 2481 655 2508 meo
695 2467 778 2508 sibi
813 2467 987 2518 dandis,
1028 2466 1096 2508 hio
1124 2481 1188 2508 me
1224 2466 1431 2508 inclusum
1467 2468 1624 2509 retinet.
1683 2465 1772 2516 Quo
1804 2465 1958 2520 audito,

505 2557 530 2577 a.
562 2548 659 2586 pridie
681 2547 794 2586 scripsi
809 2557 872 2587 pro
893 2547 1018 2585 pridem.
1055 2546 1101 2586 Cf
1119 2557 1148 2577 n.
1164 2548 1186 2576 2
1208 2551 1237 2577 et
1256 2545 1362 2586 infra.-
1385 2547 1500 2577 cineres
1521 2546 1664 2577 hesterna.
1684 2547 1733 2577 die
1754 2547 1804 2578 hic
1824 2540 1959 2587 rbpositi.

412 2600 441 2630 b.
474 2610 530 2630 om.
549 2599 579 2631 Ο.
724 2609 750 2630 c.
781 2600 957 2629 mirabiliter
983 2599 1044 2630 GE.

508 2658 540 2692 1.
567 2657 611 2694 V.
629 2655 839 2693 Pontificale
864 2657 1085 2703 Romanum3
1111 2657 1174 2692 De
1199 2655 1426 2691 ecclesiae
1451 2655 1763 2692 dedicatione:
1792 2656 1959 2702 „Interim

412 2726 505 2751 unus
537 2725 582 2750 ex
616 2716 788 2751 ministris
819 2715 958 2760 spargit
990 2715 1145 2750 cinerem
1177 2725 1243 2760 per
1274 2714 1520 2760 pavimentum
1545 2714 1720 2750 ecclesiae
1750 2714 1787 2750 in
1811 2714 1959 2751 modum

412 2773 556 2809 crucis“
585 2777 653 2809 cet.
681 2800 689 2808 .
704 2801 712 2809 .
728 2801 736 2810 .
752 2801 760 2809 .
801 2774 917 2820 „Tum
948 2773 1112 2819 pontifex
1137 2773 1269 2819 accipit
1293 2773 1346 2809 sal
1377 2775 1414 2808 et
1438 2772 1566 2808 miscet
1589 2773 1700 2809 cineri
1725 2786 1787 2820 -3
1818 2773 1959 2810 Deinde

412 2832 593 2877 accipiens
617 2833 798 2877 pugillum·
810 2832 855 2867 de
873 2832 1025 2868 mistura
1041 2832 1126 2867 salis
1143 2834 1179 2867 et
1196 2832 1357 2867 cinerum
1375 2851 1416 2856 —
1434 2834 1490 2866 ter
1505 2831 1666 2867 immittit
1689 2832 1725 2868 in
1750 2842 1880 2877 aquam
1895 2844 1958 2879 -3

412 2890 553 2926 Deinde
578 2891 688 2925 mittit
706 2911 748 2916 —
766 2892 890 2926 vinum
914 2891 951 2926 in
976 2901 1107 2936 aquam
1131 2890 1269 2936 ipsam“
1289 2893 1356 2926 cet.
1463 2891 1496 2925 2.
1523 2900 1568 2926 ex
1584 2900 1684 2926 vase.
1720 2890 1839 2926 Pridie
1863 2890 1959 2926 enim

413 2948 651 2984 dedicationis
677 2952 872 2994 „parantur
887 2950 924 2984 in
944 2949 1108 2994 ecclesia,
1134 2959 1226 2994 quae
1251 2948 1299 2984 ad
1323 2948 1586 2984 dedicationem
1611 2952 1697 2985 sunt
1719 2947 1957 2994 necessaria“‚

412 3007 450 3043 in
474 3007 529 3043 his
556 3017 644 3053 „vas
669 3017 750 3043 cum
777 3007 991 3044 cineribus“.
1029 3008 1075 3045 V.
1100 3006 1311 3044 Pontificale
1334 3008 1535 3043 Romanum
1559 3007 1582 3043 l.
1600 3007 1623 3042 l.
