<?xml version="1.0" encoding="UTF-8"?>
<!DOCTYPE html PUBLIC "-//W3C//DTD XHTML 1.0 Transitional//EN"
    "http://www.w3.org/TR/xhtml1/DTD/xhtml1-transitional.dtd">
<html xmlns="http://www.w3.org/1999/xhtml" xml:lang="en" lang="en">
 <head>
  <title>
</title>
<meta http-equiv="Content-Type" content="text/html;charset=utf-8" />
  <meta name='ocr-system' content='tesseract 3.04.00' />
  <meta name='ocr-capabilities' content='ocr_page ocr_carea ocr_par ocr_line ocrx_word'/>
</head>
<body>
  <div class='ocr_page' id='page_1' title='image "bibliothecarerum05wattuoft_0362.png"; bbox 0 0 2028 3438; ppageno 0'>
   <div class='ocr_carea' id='block_1_1' title="bbox 380 236 1423 297">
    <p class='ocr_par' dir='ltr' id='par_1_1' title="bbox 380 236 1423 297">
     <span class='ocr_line' id='line_1_1' title="bbox 380 236 1423 297; baseline 0.004 -4"><span class='ocrx_word' id='word_1_1' title='bbox 380 251 467 294; x_wconf 82' lang='lat'><strong>346</strong></span> <span class='ocrx_word' id='word_1_2' title='bbox 824 251 826 254; x_wconf 80' lang='grc'><strong>’</strong></span> <span class='ocrx_word' id='word_1_3' title='bbox 891 236 1113 296; x_wconf 55' lang='lat' dir='ltr'><strong>nummo}</strong></span> <span class='ocrx_word' id='word_1_4' title='bbox 1142 265 1309 297; x_wconf 77' lang='lat' dir='ltr'><strong>connx.</strong></span> <span class='ocrx_word' id='word_1_5' title='bbox 1360 263 1423 297; x_wconf 87' lang='lat'><strong>191</strong></span> 
     </span>
    </p>
   </div>
   <div class='ocr_carea' id='block_1_2' title="bbox 385 366 1935 507">
    <p class='ocr_par' dir='ltr' id='par_1_2' title="bbox 385 366 1935 507">
     <span class='ocr_line' id='line_1_2' title="bbox 385 366 1935 428; baseline 0.004 -16"><span class='ocrx_word' id='word_1_6' title='bbox 385 366 498 413; x_wconf 88' lang='grc'><strong>191.</strong></span> <span class='ocrx_word' id='word_1_7' title='bbox 526 369 585 412; x_wconf 90' lang='lat' dir='ltr'><strong>D.</strong></span> <span class='ocrx_word' id='word_1_8' title='bbox 615 372 788 426; x_wconf 80' lang='lat' dir='ltr'><strong>quidam</strong></span> <span class='ocrx_word' id='word_1_9' title='bbox 819 372 986 414; x_wconf 76' lang='lat' dir='ltr'><strong>cuidam</strong></span> <span class='ocrx_word' id='word_1_10' title='bbox 1016 370 1072 414; x_wconf 85' lang='lat' dir='ltr'><strong>H.</strong></span> <span class='ocrx_word' id='word_1_11' title='bbox 1105 373 1328 428; x_wconf 67' lang='lat' dir='ltr'><strong>respondet</strong></span> <span class='ocrx_word' id='word_1_12' title='bbox 1357 373 1408 415; x_wconf 85' lang='lat' dir='ltr'><strong>de</strong></span> <span class='ocrx_word' id='word_1_13' title='bbox 1438 373 1630 417; x_wconf 71' lang='lat' dir='ltr'><strong>eeclesiae</strong></span> <span class='ocrx_word' id='word_1_14' title='bbox 1658 373 1877 418; x_wconf 66' lang='lat' dir='ltr'><strong>achiam</strong></span> <span class='ocrx_word' id='word_1_15' title='bbox 1897 382 1935 419; x_wconf 77' lang='lat' dir='ltr'><strong>et</strong></span> 
     </span>
     <span class='ocr_line' id='line_1_3' title="bbox 525 447 1933 507; baseline 0.004 -18"><span class='ocrx_word' id='word_1_16' title='bbox 525 448 576 490; x_wconf 83' lang='lat' dir='ltr'><strong>de</strong></span> <span class='ocrx_word' id='word_1_17' title='bbox 607 450 1025 491; x_wconf 71' lang='lat' dir='ltr'><em>excommunicatione</em></span> <span class='ocrx_word' id='word_1_18' title='bbox 1055 447 1250 491; x_wconf 80' lang='lat' dir='ltr'><strong>Heinrici</strong></span> <span class='ocrx_word' id='word_1_19' title='bbox 1276 449 1318 492; x_wconf 88' lang='lat' dir='ltr'><strong><em>V</em></strong></span> <span class='ocrx_word' id='word_1_20' title='bbox 1340 451 1646 507; x_wconf 55' lang='lat' dir='ltr'><strong>imperator-158⁸.</strong></span> <span class='ocrx_word' id='word_1_21' title='bbox 1704 477 1706 480; x_wconf 59' lang='lat'>&gt;</span> <span class='ocrx_word' id='word_1_22' title='bbox 1755 449 1807 505; x_wconf 80' lang='lat' dir='ltr'><strong>(E</strong></span> <span class='ocrx_word' id='word_1_23' title='bbox 1825 448 1933 504; x_wconf 79' lang='lat'>321)</span> 
     </span>
    </p>
   </div>
   <div class='ocr_carea' id='block_1_3' title="bbox 262 534 1934 2745">
    <p class='ocr_par' dir='ltr' id='par_1_3' title="bbox 262 534 1934 747">
     <span class='ocr_line' id='line_1_4' title="bbox 262 534 1934 595; baseline 0.003 -17"><span class='ocrx_word' id='word_1_24' title='bbox 262 543 353 579; x_wconf 88' lang='grc'>1118</span> <span class='ocrx_word' id='word_1_25' title='bbox 497 534 549 578; x_wconf 93' lang='grc' dir='ltr'><strong>Η.</strong></span> <span class='ocrx_word' id='word_1_26' title='bbox 575 536 621 579; x_wconf 90' lang='grc'><strong>111</strong></span> <span class='ocrx_word' id='word_1_27' title='bbox 643 535 800 579; x_wconf 82' lang='lat' dir='ltr'><strong>Christi</strong></span> <span class='ocrx_word' id='word_1_28' title='bbox 830 537 1014 580; x_wconf 84' lang='lat' dir='ltr'><strong>menbris</strong></span> <span class='ocrx_word' id='word_1_29' title='bbox 1047 550 1144 580; x_wconf 89' lang='lat' dir='ltr'><strong>vero</strong></span> <span class='ocrx_word' id='word_1_30' title='bbox 1165 550 1289 581; x_wconf 88' lang='lat' dir='ltr'><strong>verae</strong></span> <span class='ocrx_word' id='word_1_31' title='bbox 1319 537 1535 593; x_wconf 81' lang='lat' dir='ltr'><strong>religionis</strong></span> <span class='ocrx_word' id='word_1_32' title='bbox 1566 537 1734 595; x_wconf 84' lang='lat' dir='ltr'><strong>speculo</strong></span> <span class='ocrx_word' id='word_1_33' title='bbox 1754 536 1832 595; x_wconf 87' lang='grc' dir='ltr'>Ι).,·</span> <span class='ocrx_word' id='word_1_34' title='bbox 1848 537 1934 583; x_wconf 84' lang='lat' dir='ltr'><strong>Dei</strong></span> 
     </span>
     <span class='ocr_line' id='line_1_5' title="bbox 377 612 1931 672; baseline 0.003 -17"><span class='ocrx_word' id='word_1_35' title='bbox 377 612 515 667; x_wconf 85' lang='lat' dir='ltr'><strong>gratia</strong></span> <span class='ocrx_word' id='word_1_36' title='bbox 545 613 582 655; x_wconf 92' lang='lat' dir='ltr'><strong>si</strong></span> <span class='ocrx_word' id='word_1_37' title='bbox 614 612 713 668; x_wconf 88' lang='lat' dir='ltr'><strong>quid</strong></span> <span class='ocrx_word' id='word_1_38' title='bbox 745 616 830 668; x_wconf 89' lang='lat' dir='ltr'><strong>est,</strong></span> <span class='ocrx_word' id='word_1_39' title='bbox 862 613 972 656; x_wconf 90' lang='lat' dir='ltr'><strong>inter</strong></span> <span class='ocrx_word' id='word_1_40' title='bbox 1003 627 1227 670; x_wconf 82' lang='lat' dir='ltr'>erumpnas</span> <span class='ocrx_word' id='word_1_41' title='bbox 1264 615 1509 658; x_wconf 90' lang='lat' dir='ltr'><strong>inminentis</strong></span> <span class='ocrx_word' id='word_1_42' title='bbox 1546 615 1754 672; x_wconf 81' lang='lat' dir='ltr'>procellae</span> <span class='ocrx_word' id='word_1_43' title='bbox 1785 614 1857 660; x_wconf 84' lang='lat' dir='ltr'><strong>ad</strong></span> <span class='ocrx_word' id='word_1_44' title='bbox 1869 615 1931 671; x_wconf 81' lang='grc'><strong>08,</strong></span> 
     </span>
     <span class='ocr_line' id='line_1_6' title="bbox 379 690 1741 747; baseline 0.002 -15"><span class='ocrx_word' id='word_1_45' title='bbox 379 702 485 744; x_wconf 87' lang='lat' dir='ltr'><strong>quae</strong></span> <span class='ocrx_word' id='word_1_46' title='bbox 515 703 679 732; x_wconf 89' lang='lat' dir='ltr'><strong>sursum</strong></span> <span class='ocrx_word' id='word_1_47' title='bbox 712 693 821 745; x_wconf 84' lang='lat' dir='ltr'><strong>sunt,</strong></span> <span class='ocrx_word' id='word_1_48' title='bbox 853 690 1138 734; x_wconf 79' lang='lat' dir='ltr'><strong>indesinenter</strong></span> <span class='ocrx_word' id='word_1_49' title='bbox 1167 691 1392 747; x_wconf 88' lang='lat' dir='ltr'><strong>suspirare.</strong></span> <span class='ocrx_word' id='word_1_50' title='bbox 1738 702 1741 705; x_wconf 72' lang='grc'><strong><em>’</em></strong></span> 
     </span>
    </p>

    <p class='ocr_par' dir='ltr' id='par_1_4' title="bbox 361 766 1933 2516">
     <span class='ocr_line' id='line_1_7' title="bbox 494 766 1933 824; baseline 0.003 -15"><span class='ocrx_word' id='word_1_51' title='bbox 494 766 578 809; x_wconf 85' lang='lat' dir='ltr'><strong>Iste</strong></span> <span class='ocrx_word' id='word_1_52' title='bbox 598 769 737 810; x_wconf 88' lang='lat' dir='ltr'><strong>vester</strong></span> <span class='ocrx_word' id='word_1_53' title='bbox 767 767 943 822; x_wconf 78' lang='lat' dir='ltr'><strong>legatae,</strong></span> <span class='ocrx_word' id='word_1_54' title='bbox 974 768 1260 823; x_wconf 88' lang='lat' dir='ltr'><strong>praesentium</strong></span> <span class='ocrx_word' id='word_1_55' title='bbox 1290 767 1526 812; x_wconf 84' lang='lat' dir='ltr'><strong>litterarum</strong></span> <span class='ocrx_word' id='word_1_56' title='bbox 1549 768 1723 824; x_wconf 84' lang='lat' dir='ltr'><strong>baiolus,</strong></span> <span class='ocrx_word' id='word_1_57' title='bbox 1753 770 1933 824; x_wconf 70' lang='lat' dir='ltr'><strong>magnae</strong></span> 
     </span>
     <span class='ocr_line' id='line_1_8' title="bbox 377 842 1932 900; baseline 0.003 -15"><span class='ocrx_word' id='word_1_58' title='bbox 377 842 482 886; x_wconf 91' lang='lat' dir='ltr'><strong>mihi</strong></span> <span class='ocrx_word' id='word_1_59' title='bbox 517 843 740 887; x_wconf 83' lang='lat' dir='ltr'><strong>hilaritatis</strong></span> <span class='ocrx_word' id='word_1_60' title='bbox 779 843 1036 887; x_wconf 82' lang='lat' dir='ltr'><strong>occasionem</strong></span> <span class='ocrx_word' id='word_1_61' title='bbox 1078 844 1290 900; x_wconf 85' lang='lat' dir='ltr'><strong>praebuit3</strong></span> <span class='ocrx_word' id='word_1_62' title='bbox 1331 845 1429 900; x_wconf 90' lang='lat' dir='ltr'><strong>quia</strong></span> <span class='ocrx_word' id='word_1_63' title='bbox 1465 848 1507 888; x_wconf 90' lang='lat' dir='ltr'><strong>et</strong></span> <span class='ocrx_word' id='word_1_64' title='bbox 1543 845 1754 889; x_wconf 82' lang='lat' dir='ltr'><strong>fraternae</strong></span> <span class='ocrx_word' id='word_1_65' title='bbox 1793 845 1932 889; x_wconf 86' lang='lat' dir='ltr'><strong>dulce-</strong></span> 
     </span>
     <span class='ocr_line' id='line_1_9' title="bbox 379 919 1933 978; baseline 0.003 -16"><span class='ocrx_word' id='word_1_66' title='bbox 379 919 487 963; x_wconf 89' lang='lat' dir='ltr'><strong>dinis</strong></span> <span class='ocrx_word' id='word_1_67' title='bbox 528 920 821 964; x_wconf 87' lang='lat' dir='ltr'><strong>salutationem</strong></span> <span class='ocrx_word' id='word_1_68' title='bbox 854 924 896 964; x_wconf 89' lang='lat' dir='ltr'><strong>et</strong></span> <span class='ocrx_word' id='word_1_69' title='bbox 935 921 1165 977; x_wconf 86' lang='lat' dir='ltr'><strong>spiritualis</strong></span> <span class='ocrx_word' id='word_1_70' title='bbox 1203 921 1434 965; x_wconf 88' lang='lat' dir='ltr'><strong>devotionis</strong></span> <span class='ocrx_word' id='word_1_71' title='bbox 1472 921 1582 965; x_wconf 85' lang='lat' dir='ltr'><strong>circa</strong></span> <span class='ocrx_word' id='word_1_72' title='bbox 1618 922 1933 978; x_wconf 80' lang='lat' dir='ltr'><strong>inquisitionem</strong></span> 
     </span>
     <span class='ocr_line' id='line_1_10' title="bbox 378 996 1932 1054; baseline 0.003 -15"><span class='ocrx_word' id='word_1_73' title='bbox 378 996 544 1041; x_wconf 88' lang='lat' dir='ltr'><strong>divinae</strong></span> <span class='ocrx_word' id='word_1_74' title='bbox 573 997 763 1041; x_wconf 85' lang='lat' dir='ltr'><strong>veritatis</strong></span> <span class='ocrx_word' id='word_1_75' title='bbox 791 1011 888 1041; x_wconf 88' lang='lat' dir='ltr'><strong>vere</strong></span> <span class='ocrx_word' id='word_1_76' title='bbox 920 998 1122 1041; x_wconf 86' lang='lat' dir='ltr'><strong>catholico</strong></span> <span class='ocrx_word' id='word_1_77' title='bbox 1145 998 1232 1041; x_wconf 90' lang='lat' dir='ltr'><strong>viro</strong></span> <span class='ocrx_word' id='word_1_78' title='bbox 1264 998 1434 1053; x_wconf 86' lang='lat' dir='ltr'><strong>dignam</strong></span> <span class='ocrx_word' id='word_1_79' title='bbox 1465 999 1749 1054; x_wconf 88' lang='lat' dir='ltr'><strong>quaestionem</strong></span> <span class='ocrx_word' id='word_1_80' title='bbox 1781 999 1842 1043; x_wconf 85' lang='lat' dir='ltr'><strong>ad·</strong></span> <span class='ocrx_word' id='word_1_81' title='bbox 1864 1012 1932 1043; x_wconf 86' lang='lat' dir='ltr'><strong>me</strong></span> 
     </span>
     <span class='ocr_line' id='line_1_11' title="bbox 377 1074 1930 1132; baseline 0.003 -16"><span class='ocrx_word' id='word_1_82' title='bbox 377 1087 511 1130; x_wconf 87' lang='lat' dir='ltr'><strong>nuper</strong></span> <span class='ocrx_word' id='word_1_83' title='bbox 542 1087 593 1118; x_wconf 82' lang='lat' dir='ltr'><strong>ex</strong></span> <span class='ocrx_word' id='word_1_84' title='bbox 624 1077 744 1130; x_wconf 86' lang='lat' dir='ltr'><strong>parte</strong></span> <span class='ocrx_word' id='word_1_85' title='bbox 766 1077 928 1117; x_wconf 88' lang='lat' dir='ltr'><strong>vestrae</strong></span> <span class='ocrx_word' id='word_1_86' title='bbox 959 1074 1132 1131; x_wconf 91' lang='lat' dir='ltr'><strong>pertulit</strong></span> <span class='ocrx_word' id='word_1_87' title='bbox 1160 1075 1410 1118; x_wconf 88' lang='lat' dir='ltr'><strong>serenitatis.</strong></span> <span class='ocrx_word' id='word_1_88' title='bbox 1459 1075 1589 1131; x_wconf 90' lang='lat' dir='ltr'><strong>Unde,</strong></span> <span class='ocrx_word' id='word_1_89' title='bbox 1622 1079 1823 1131; x_wconf 85' lang='lat' dir='ltr'><strong>quantum</strong></span> <span class='ocrx_word' id='word_1_90' title='bbox 1853 1088 1930 1132; x_wconf 87' lang='lat' dir='ltr'><strong>ego</strong></span> 
     </span>
     <span class='ocr_line' id='line_1_12' title="bbox 376 1151 1928 1209; baseline 0.002 -15"><span class='ocrx_word' id='word_1_91' title='bbox 376 1154 571 1207; x_wconf 88' lang='lat' dir='ltr'><strong>peccator</strong></span> <span class='ocrx_word' id='word_1_92' title='bbox 602 1151 732 1194; x_wconf 87' lang='lat' dir='ltr'><strong>audeo</strong></span> <span class='ocrx_word' id='word_1_93' title='bbox 765 1154 807 1194; x_wconf 89' lang='lat' dir='ltr'><strong>et</strong></span> <span class='ocrx_word' id='word_1_94' title='bbox 827 1151 959 1206; x_wconf 76' lang='lat' dir='ltr'><strong>valen,</strong></span> <span class='ocrx_word' id='word_1_95' title='bbox 993 1151 1170 1208; x_wconf 85' lang='lat' dir='ltr'><strong>Spiritui</strong></span> <span class='ocrx_word' id='word_1_96' title='bbox 1198 1155 1341 1195; x_wconf 89' lang='lat' dir='ltr'><strong>sancto</strong></span> <span class='ocrx_word' id='word_1_97' title='bbox 1372 1152 1528 1207; x_wconf 86' lang='lat' dir='ltr'><strong>gratias</strong></span> <span class='ocrx_word' id='word_1_98' title='bbox 1551 1166 1673 1208; x_wconf 88' lang='lat' dir='ltr'><strong>agere</strong></span> <span class='ocrx_word' id='word_1_99' title='bbox 1693 1165 1777 1197; x_wconf 90' lang='lat' dir='ltr'><strong>non</strong></span> <span class='ocrx_word' id='word_1_100' title='bbox 1797 1163 1928 1209; x_wconf 84' lang='lat' dir='ltr'><strong>cesso,</strong></span> 
     </span>
     <span class='ocr_line' id='line_1_13' title="bbox 377 1224 1931 1286; baseline 0.003 -16"><span class='ocrx_word' id='word_1_101' title='bbox 377 1228 449 1283; x_wconf 92' lang='lat' dir='ltr'><strong>qui</strong></span> <span class='ocrx_word' id='word_1_102' title='bbox 480 1241 552 1271; x_wconf 89' lang='lat' dir='ltr'><strong>vos</strong></span> <span class='ocrx_word' id='word_1_103' title='bbox 582 1228 627 1271; x_wconf 93' lang='lat' dir='ltr'><strong>in</strong></span> <span class='ocrx_word' id='word_1_104' title='bbox 657 1228 1040 1272; x_wconf 62' lang='lat' dir='ltr'><strong>benedictionibusb</strong></span> <span class='ocrx_word' id='word_1_105' title='bbox 1071 1228 1298 1273; x_wconf 86' lang='lat' dir='ltr'><strong>catholicae</strong></span> <span class='ocrx_word' id='word_1_106' title='bbox 1328 1224 1517 1272; x_wconf 83' lang='lat' dir='ltr'><strong>veritatis</strong></span> <span class='ocrx_word' id='word_1_107' title='bbox 1548 1229 1766 1286; x_wconf 87' lang='lat' dir='ltr'><strong>praevenit</strong></span> <span class='ocrx_word' id='word_1_108' title='bbox 1795 1233 1838 1274; x_wconf 80' lang='lat' dir='ltr'><strong>et</strong></span> <span class='ocrx_word' id='word_1_109' title='bbox 1865 1229 1931 1274; x_wconf 90' lang='lat' dir='ltr'><strong>lu-</strong></span> 
     </span>
     <span class='ocr_line' id='line_1_14' title="bbox 376 1304 1930 1363; baseline 0.002 -15"><span class='ocrx_word' id='word_1_110' title='bbox 376 1318 473 1348; x_wconf 91' lang='lat' dir='ltr'><strong>men</strong></span> <span class='ocrx_word' id='word_1_111' title='bbox 492 1304 632 1348; x_wconf 84' lang='lat' dir='ltr'><strong>vultus</strong></span> <span class='ocrx_word' id='word_1_112' title='bbox 664 1306 730 1348; x_wconf 91' lang='lat' dir='ltr'><strong>sui</strong></span> <span class='ocrx_word' id='word_1_113' title='bbox 761 1319 887 1362; x_wconf 89' lang='lat' dir='ltr'><strong>super</strong></span> <span class='ocrx_word' id='word_1_114' title='bbox 910 1313 1006 1348; x_wconf 78' lang='lat' dir='ltr'><strong>vos⁰</strong></span> <span class='ocrx_word' id='word_1_115' title='bbox 1039 1305 1233 1360; x_wconf 84' lang='lat' dir='ltr'><strong>signavit,</strong></span> <span class='ocrx_word' id='word_1_116' title='bbox 1264 1308 1311 1348; x_wconf 92' lang='lat' dir='ltr'><strong>ut</strong></span> <span class='ocrx_word' id='word_1_117' title='bbox 1339 1306 1432 1363; x_wconf 92' lang='lat' dir='ltr'><strong>ipso</strong></span> <span class='ocrx_word' id='word_1_118' title='bbox 1464 1306 1568 1350; x_wconf 87' lang='lat' dir='ltr'><strong>duce</strong></span> <span class='ocrx_word' id='word_1_119' title='bbox 1596 1306 1707 1350; x_wconf 89' lang='lat' dir='ltr'><strong>inter</strong></span> <span class='ocrx_word' id='word_1_120' title='bbox 1735 1306 1930 1351; x_wconf 80' lang='lat' dir='ltr'><strong>tenebras</strong></span> 
     </span>
     <span class='ocr_line' id='line_1_15' title="bbox 374 1379 1929 1439; baseline 0.002 -14"><span class='ocrx_word' id='word_1_121' title='bbox 374 1383 608 1439; x_wconf 86' lang='lat' dir='ltr'><strong>praesentis</strong></span> <span class='ocrx_word' id='word_1_122' title='bbox 639 1383 793 1426; x_wconf 89' lang='lat' dir='ltr'><strong>erroris</strong></span> <span class='ocrx_word' id='word_1_123' title='bbox 825 1385 867 1426; x_wconf 91' lang='lat' dir='ltr'><strong>et</strong></span> <span class='ocrx_word' id='word_1_124' title='bbox 897 1379 1128 1426; x_wconf 82' lang='lat' dir='ltr'><strong>scismatis²</strong></span> <span class='ocrx_word' id='word_1_125' title='bbox 1158 1396 1183 1425; x_wconf 93' lang='lat' dir='ltr'><strong>a</strong></span> <span class='ocrx_word' id='word_1_126' title='bbox 1213 1382 1282 1426; x_wconf 91' lang='lat' dir='ltr'><strong>via</strong></span> <span class='ocrx_word' id='word_1_127' title='bbox 1310 1383 1604 1426; x_wconf 89' lang='lat' dir='ltr'><strong>mandatorum</strong></span> <span class='ocrx_word' id='word_1_128' title='bbox 1632 1383 1715 1427; x_wconf 89' lang='lat' dir='ltr'><strong>Dei</strong></span> <span class='ocrx_word' id='word_1_129' title='bbox 1742 1396 1826 1427; x_wconf 90' lang='lat' dir='ltr'><strong>non</strong></span> <span class='ocrx_word' id='word_1_130' title='bbox 1856 1383 1929 1428; x_wconf 85' lang='lat' dir='ltr'><strong>de-</strong></span> 
     </span>
     <span class='ocr_line' id='line_1_16' title="bbox 376 1459 1931 1517; baseline 0.002 -15"><span class='ocrx_word' id='word_1_131' title='bbox 376 1459 539 1503; x_wconf 89' lang='lat' dir='ltr'><strong>clinetis</strong></span> <span class='ocrx_word' id='word_1_132' title='bbox 572 1462 625 1515; x_wconf 89' lang='lat' dir='ltr'><strong>et,</strong></span> <span class='ocrx_word' id='word_1_133' title='bbox 658 1459 768 1515; x_wconf 91' lang='lat' dir='ltr'><strong>quod</strong></span> <span class='ocrx_word' id='word_1_134' title='bbox 797 1460 941 1515; x_wconf 86' lang='lat' dir='ltr'><strong>utique</strong></span> <span class='ocrx_word' id='word_1_135' title='bbox 961 1463 1078 1503; x_wconf 90' lang='lat' dir='ltr'><strong>tanto</strong></span> <span class='ocrx_word' id='word_1_136' title='bbox 1101 1463 1164 1503; x_wconf 90' lang='lat' dir='ltr'><strong>est</strong></span> <span class='ocrx_word' id='word_1_137' title='bbox 1187 1459 1440 1516; x_wconf 76' lang='lat' dir='ltr'><strong>preclarius‘¹</strong></span> <span class='ocrx_word' id='word_1_138' title='bbox 1463 1463 1618 1516; x_wconf 88' lang='lat' dir='ltr'><strong>quanto</strong></span> <span class='ocrx_word' id='word_1_139' title='bbox 1638 1460 1788 1517; x_wconf 74' lang='lat' dir='ltr'><strong>rarius,</strong></span> <span class='ocrx_word' id='word_1_140' title='bbox 1818 1461 1931 1505; x_wconf 81' lang='lat' dir='ltr'><strong>circa.</strong></span> 
     </span>
     <span class='ocr_line' id='line_1_17' title="bbox 376 1536 1930 1593; baseline 0.001 -14"><span class='ocrx_word' id='word_1_141' title='bbox 376 1548 519 1579; x_wconf 90' lang='lat' dir='ltr'><strong>curam</strong></span> <span class='ocrx_word' id='word_1_142' title='bbox 550 1537 860 1591; x_wconf 85' lang='lat' dir='ltr'><strong>cognoscendae</strong></span> <span class='ocrx_word' id='word_1_143' title='bbox 891 1537 1056 1580; x_wconf 87' lang='lat' dir='ltr'><strong>divinae</strong></span> <span class='ocrx_word' id='word_1_144' title='bbox 1087 1536 1300 1591; x_wconf 88' lang='lat' dir='ltr'><strong>religionis</strong></span> <span class='ocrx_word' id='word_1_145' title='bbox 1332 1540 1419 1579; x_wconf 88' lang='lat' dir='ltr'><strong>tam</strong></span> <span class='ocrx_word' id='word_1_146' title='bbox 1451 1537 1614 1581; x_wconf 89' lang='lat' dir='ltr'><strong>ardenti</strong></span> <span class='ocrx_word' id='word_1_147' title='bbox 1640 1537 1778 1581; x_wconf 86' lang='lat' dir='ltr'><strong>studio</strong></span> <span class='ocrx_word' id='word_1_148' title='bbox 1801 1538 1930 1593; x_wconf 85' lang='lat' dir='ltr'><strong>evigi-</strong></span> 
     </span>
     <span class='ocr_line' id='line_1_18' title="bbox 374 1613 1929 1671; baseline 0.002 -15"><span class='ocrx_word' id='word_1_149' title='bbox 374 1613 482 1656; x_wconf 87' lang='lat' dir='ltr'><strong>letis.</strong></span> <span class='ocrx_word' id='word_1_150' title='bbox 605 1613 713 1664; x_wconf 85' lang='lat' dir='ltr'><strong>Quid</strong></span> <span class='ocrx_word' id='word_1_151' title='bbox 742 1614 852 1656; x_wconf 86' lang='lat' dir='ltr'><strong>enim</strong></span> <span class='ocrx_word' id='word_1_152' title='bbox 884 1614 1101 1657; x_wconf 88' lang='lat' dir='ltr'><strong>iocundius</strong></span> <span class='ocrx_word' id='word_1_153' title='bbox 1134 1615 1353 1669; x_wconf 88' lang='lat' dir='ltr'><strong>quisquam</strong></span> <span class='ocrx_word' id='word_1_154' title='bbox 1384 1614 1517 1670; x_wconf 84' lang='lat' dir='ltr'><strong>possit</strong></span> <span class='ocrx_word' id='word_1_155' title='bbox 1539 1617 1698 1671; x_wconf 85' lang='lat' dir='ltr'><strong>optare,</strong></span> <span class='ocrx_word' id='word_1_156' title='bbox 1730 1615 1801 1671; x_wconf 91' lang='lat' dir='ltr'><strong>qui</strong></span> <span class='ocrx_word' id='word_1_157' title='bbox 1820 1615 1929 1659; x_wconf 85' lang='lat' dir='ltr'><strong>veri-</strong></span> 
     </span>
     <span class='ocr_line' id='line_1_19' title="bbox 374 1690 1927 1747; baseline 0.001 -13"><span class='ocrx_word' id='word_1_158' title='bbox 374 1693 504 1734; x_wconf 85' lang='lat' dir='ltr'><strong>tatem</strong></span> <span class='ocrx_word' id='word_1_159' title='bbox 537 1691 716 1745; x_wconf 83' lang='lat' dir='ltr'><strong>attingat</strong></span> <span class='ocrx_word' id='word_1_160' title='bbox 744 1691 812 1734; x_wconf 82' lang='lat' dir='ltr'><strong>vel</strong></span> <span class='ocrx_word' id='word_1_161' title='bbox 842 1691 957 1734; x_wconf 87' lang='lat' dir='ltr'><strong>tenui</strong></span> <span class='ocrx_word' id='word_1_162' title='bbox 989 1690 1163 1733; x_wconf 89' lang='lat' dir='ltr'><strong>rationis</strong></span> <span class='ocrx_word' id='word_1_163' title='bbox 1194 1691 1396 1746; x_wconf 80' lang='lat' dir='ltr'><strong>imagine,</strong></span> <span class='ocrx_word' id='word_1_164' title='bbox 1440 1705 1564 1747; x_wconf 91' lang='lat' dir='ltr'><strong>quam</strong></span> <span class='ocrx_word' id='word_1_165' title='bbox 1601 1691 1786 1735; x_wconf 90' lang='lat' dir='ltr'><strong>eiusdem</strong></span> <span class='ocrx_word' id='word_1_166' title='bbox 1816 1691 1927 1736; x_wconf 84' lang='lat' dir='ltr'><strong>veri-</strong></span> 
     </span>
     <span class='ocr_line' id='line_1_20' title="bbox 374 1767 1928 1826; baseline 0.002 -16"><span class='ocrx_word' id='word_1_167' title='bbox 374 1767 474 1810; x_wconf 88' lang='lat' dir='ltr'><strong>tatis</strong></span> <span class='ocrx_word' id='word_1_168' title='bbox 505 1767 573 1810; x_wconf 86' lang='lat' dir='ltr'><strong>vel</strong></span> <span class='ocrx_word' id='word_1_169' title='bbox 602 1781 730 1810; x_wconf 88' lang='lat' dir='ltr'><strong>unum</strong></span> <span class='ocrx_word' id='word_1_170' title='bbox 763 1781 908 1810; x_wconf 91' lang='lat' dir='ltr'><strong>verum</strong></span> <span class='ocrx_word' id='word_1_171' title='bbox 948 1771 1177 1810; x_wconf 86' lang='lat' dir='ltr'><strong>amatorem</strong></span> <span class='ocrx_word' id='word_1_172' title='bbox 1209 1781 1257 1811; x_wconf 90' lang='grc'><strong>80</strong></span> <span class='ocrx_word' id='word_1_173' title='bbox 1290 1767 1468 1811; x_wconf 91' lang='lat' dir='ltr'><strong>liberum</strong></span> <span class='ocrx_word' id='word_1_174' title='bbox 1508 1768 1769 1812; x_wconf 89' lang='lat' dir='ltr'><strong>defensorem</strong></span> <span class='ocrx_word' id='word_1_175' title='bbox 1804 1782 1928 1826; x_wconf 87' lang='lat' dir='ltr'><strong>posse</strong></span> 
     </span>
     <span class='ocr_line' id='line_1_21' title="bbox 374 1833 1926 1902; baseline 0.002 -15"><span class='ocrx_word' id='word_1_176' title='bbox 374 1844 589 1900; x_wconf 87' lang='lat' dir='ltr'><strong>repperire</strong></span> <span class='ocrx_word' id='word_1_177' title='bbox 619 1833 822 1888; x_wconf 80' lang='lat' dir='ltr'><strong>intertot</strong></span> <span class='ocrx_word' id='word_1_178' title='bbox 851 1844 990 1887; x_wconf 77' lang='lat' dir='ltr'><strong>milia⁰</strong></span> <span class='ocrx_word' id='word_1_179' title='bbox 1022 1844 1307 1887; x_wconf 84' lang='lat' dir='ltr'><strong>deviantium?</strong></span> <span class='ocrx_word' id='word_1_180' title='bbox 1354 1843 1570 1900; x_wconf 88' lang='lat' dir='ltr'><strong>Siquidem</strong></span> <span class='ocrx_word' id='word_1_181' title='bbox 1599 1858 1710 1888; x_wconf 90' lang='lat' dir='ltr'><strong>nunc</strong></span> <span class='ocrx_word' id='word_1_182' title='bbox 1741 1848 1926 1902; x_wconf 86' lang='lat' dir='ltr'><strong>potestas</strong></span> 
     </span>
     <span class='ocr_line' id='line_1_22' title="bbox 374 1918 1926 1978; baseline 0.001 -14"><span class='ocrx_word' id='word_1_183' title='bbox 374 1918 665 1964; x_wconf 71' lang='grc'><strong>1011011181111112</strong></span> <span class='ocrx_word' id='word_1_184' title='bbox 697 1934 742 1964; x_wconf 89' lang='lat' dir='ltr'><strong>se</strong></span> <span class='ocrx_word' id='word_1_185' title='bbox 773 1924 919 1976; x_wconf 80' lang='lat' dir='ltr'><strong>exerit,</strong></span> <span class='ocrx_word' id='word_1_186' title='bbox 951 1935 1062 1964; x_wconf 92' lang='lat' dir='ltr'><strong>nunc</strong></span> <span class='ocrx_word' id='word_1_187' title='bbox 1090 1922 1177 1964; x_wconf 90' lang='lat' dir='ltr'><strong>iam</strong></span> <span class='ocrx_word' id='word_1_188' title='bbox 1206 1922 1294 1965; x_wconf 90' lang='lat' dir='ltr'><strong>fere</strong></span> <span class='ocrx_word' id='word_1_189' title='bbox 1323 1925 1435 1965; x_wconf 91' lang='lat' dir='ltr'><strong>totus</strong></span> <span class='ocrx_word' id='word_1_190' title='bbox 1468 1922 1648 1965; x_wconf 87' lang='lat' dir='ltr'><strong>mundus</strong></span> <span class='ocrx_word' id='word_1_191' title='bbox 1678 1922 1724 1965; x_wconf 93' lang='lat' dir='ltr'><strong>in</strong></span> <span class='ocrx_word' id='word_1_192' title='bbox 1742 1922 1926 1978; x_wconf 81' lang='lat' dir='ltr'><strong>maligno</strong></span> 
     </span>
     <span class='ocr_line' id='line_1_23' title="bbox 373 1995 1927 2055; baseline 0.001 -14"><span class='ocrx_word' id='word_1_193' title='bbox 373 1995 558 2055; x_wconf 79' lang='lat' dir='ltr'><strong>positus³</strong></span> <span class='ocrx_word' id='word_1_194' title='bbox 590 2001 763 2054; x_wconf 83' lang='lat' dir='ltr'><strong>propter</strong></span> <span class='ocrx_word' id='word_1_195' title='bbox 800 1998 1129 2041; x_wconf 88' lang='lat' dir='ltr'><strong>habundantiam</strong></span> <span class='ocrx_word' id='word_1_196' title='bbox 1169 1998 1402 2054; x_wconf 90' lang='lat' dir='ltr'><strong>iniquitatis</strong></span> <span class='ocrx_word' id='word_1_197' title='bbox 1433 2012 1459 2041; x_wconf 90' lang='lat' dir='ltr'><strong>a</strong></span> <span class='ocrx_word' id='word_1_198' title='bbox 1489 1998 1663 2042; x_wconf 84' lang='lat' dir='ltr'><strong>caritate</strong></span> <span class='ocrx_word' id='word_1_199' title='bbox 1694 1997 1850 2042; x_wconf 82' lang='lat' dir='ltr'><strong>Christi</strong></span> <span class='ocrx_word' id='word_1_200' title='bbox 1885 2002 1927 2043; x_wconf 89' lang='lat' dir='ltr'><strong>et</strong></span> 
     </span>
     <span class='ocr_line' id='line_1_24' title="bbox 374 2075 1926 2134; baseline 0 -15"><span class='ocrx_word' id='word_1_201' title='bbox 374 2075 572 2119; x_wconf 89' lang='lat' dir='ltr'><strong>ecclesiae</strong></span> <span class='ocrx_word' id='word_1_202' title='bbox 594 2075 756 2130; x_wconf 83' lang='lat' dir='ltr'><strong>defecit,</strong></span> <span class='ocrx_word' id='word_1_203' title='bbox 788 2088 898 2118; x_wconf 90' lang='lat' dir='ltr'><strong>nunc</strong></span> <span class='ocrx_word' id='word_1_204' title='bbox 918 2075 1003 2118; x_wconf 89' lang='lat' dir='ltr'><strong>iam</strong></span> <span class='ocrx_word' id='word_1_205' title='bbox 1024 2075 1149 2134; x_wconf 88' lang='lat' dir='ltr'><strong>plane</strong></span> <span class='ocrx_word' id='word_1_206' title='bbox 1170 2075 1358 2119; x_wconf 88' lang='lat' dir='ltr'><strong>videmus</strong></span> <span class='ocrx_word' id='word_1_207' title='bbox 1378 2076 1537 2119; x_wconf 87' lang='lat' dir='ltr'><strong>instare</strong></span> <span class='ocrx_word' id='word_1_208' title='bbox 1566 2075 1802 2132; x_wconf 85' lang='lat' dir='ltr'><strong>periculosa</strong></span> <span class='ocrx_word' id='word_1_209' title='bbox 1820 2078 1926 2120; x_wconf 90' lang='lat' dir='ltr'><strong>tem-</strong></span> 
     </span>
     <span class='ocr_line' id='line_1_25' title="bbox 373 2142 1927 2209; baseline 0.001 -14"><span class='ocrx_word' id='word_1_210' title='bbox 373 2166 478 2209; x_wconf 90' lang='lat' dir='ltr'><strong>pora</strong></span> <span class='ocrx_word' id='word_1_211' title='bbox 506 2152 593 2207; x_wconf 90' lang='lat' dir='ltr'><strong>illa,</strong></span> <span class='ocrx_word' id='word_1_212' title='bbox 627 2166 706 2207; x_wconf 91' lang='lat' dir='ltr'><strong>que</strong></span> <span class='ocrx_word' id='word_1_213' title='bbox 738 2152 950 2208; x_wconf 88' lang='lat' dir='ltr'><strong>apostolus</strong></span> <span class='ocrx_word' id='word_1_214' title='bbox 982 2142 1135 2208; x_wconf 85' lang='lat' dir='ltr'><strong>spiritu</strong></span> <span class='ocrx_word' id='word_1_215' title='bbox 1165 2152 1410 2209; x_wconf 87' lang='lat' dir='ltr'><strong>prophetiae</strong></span> <span class='ocrx_word' id='word_1_216' title='bbox 1431 2152 1675 2209; x_wconf 86' lang='lat' dir='ltr'><strong>deplorans:</strong></span> <span class='ocrx_word' id='word_1_217' title='bbox 1707 2154 1927 2198; x_wconf 59' lang='lat' dir='ltr'><strong>Incitabant</strong></span> 
     </span>
     <span class='ocr_line' id='line_1_26' title="bbox 372 2230 1924 2287; baseline 0.001 -15"><span class='ocrx_word' id='word_1_218' title='bbox 372 2230 509 2286; x_wconf 90' lang='lat' dir='ltr'><strong>inquit</strong></span> <span class='ocrx_word' id='word_1_219' title='bbox 527 2232 573 2273; x_wconf 75' lang='lat' dir='ltr'><strong>in</strong></span> <span class='ocrx_word' id='word_1_220' title='bbox 593 2232 829 2273; x_wconf 76' lang='lat' dir='ltr'><strong>novissimis</strong></span> <span class='ocrx_word' id='word_1_221' title='bbox 851 2230 993 2272; x_wconf 71' lang='lat' dir='ltr'><strong>diebus</strong></span> <span class='ocrx_word' id='word_1_222' title='bbox 1016 2230 1253 2286; x_wconf 73' lang='lat' dir='ltr'><strong>periculosa</strong></span> <span class='ocrx_word' id='word_1_223' title='bbox 1274 2238 1473 2287; x_wconf 77' lang='lat' dir='ltr'><strong>tempora,</strong></span> <span class='ocrx_word' id='word_1_224' title='bbox 1505 2232 1551 2272; x_wconf 81' lang='lat' dir='ltr'><strong>in</strong></span> <span class='ocrx_word' id='word_1_225' title='bbox 1573 2231 1722 2286; x_wconf 72' lang='lat' dir='ltr'><strong>quibus</strong></span> <span class='ocrx_word' id='word_1_226' title='bbox 1742 2231 1924 2274; x_wconf 71' lang='lat' dir='ltr'><strong>homines</strong></span> 
     </span>
     <span class='ocr_line' id='line_1_27' title="bbox 374 2307 1925 2364; baseline 0 -14"><span class='ocrx_word' id='word_1_227' title='bbox 374 2317 495 2350; x_wconf 74' lang='lat' dir='ltr'><strong>erunt</strong></span> <span class='ocrx_word' id='word_1_228' title='bbox 513 2322 555 2350; x_wconf 72' lang='lat' dir='ltr'><strong>se</strong></span> <span class='ocrx_word' id='word_1_229' title='bbox 574 2309 688 2364; x_wconf 76' lang='lat' dir='ltr'><strong>ipsos</strong></span> <span class='ocrx_word' id='word_1_230' title='bbox 710 2316 894 2349; x_wconf 72' lang='lat' dir='ltr'><strong>amantes</strong></span> <span class='ocrx_word' id='word_1_231' title='bbox 917 2307 1016 2349; x_wconf 75' lang='lat' dir='ltr'><strong>elati</strong></span> <span class='ocrx_word' id='word_1_232' title='bbox 1035 2308 1181 2363; x_wconf 77' lang='lat' dir='ltr'><strong>cupidi</strong></span> <span class='ocrx_word' id='word_1_233' title='bbox 1202 2307 1444 2363; x_wconf 72' lang='lat' dir='ltr'><strong>blasphemi,</strong></span> <span class='ocrx_word' id='word_1_234' title='bbox 1474 2322 1646 2349; x_wconf 76' lang='lat' dir='ltr'><strong>suarum</strong></span> <span class='ocrx_word' id='word_1_235' title='bbox 1667 2308 1925 2364; x_wconf 75' lang='lat' dir='ltr'><strong>voluptatum</strong></span> 
     </span>
     <span class='ocr_line' id='line_1_28' title="bbox 373 2384 1922 2441; baseline 0 -14"><span class='ocrx_word' id='word_1_236' title='bbox 373 2386 507 2441; x_wconf 68' lang='lat' dir='ltr'><strong>mayis</strong></span> <span class='ocrx_word' id='word_1_237' title='bbox 544 2399 671 2441; x_wconf 81' lang='lat' dir='ltr'><strong>quam</strong></span> <span class='ocrx_word' id='word_1_238' title='bbox 701 2385 789 2427; x_wconf 81' lang='lat' dir='ltr'><strong>Dei</strong></span> <span class='ocrx_word' id='word_1_239' title='bbox 825 2392 1049 2436; x_wconf 66' lang='lat' dir='ltr'><strong>amatores,</strong></span> <span class='ocrx_word' id='word_1_240' title='bbox 1078 2384 1271 2439; x_wconf 82' lang='lat' dir='ltr'><strong>formam</strong></span> <span class='ocrx_word' id='word_1_241' title='bbox 1310 2385 1476 2440; x_wconf 81' lang='lat' dir='ltr'><strong>quidem</strong></span> <span class='ocrx_word' id='word_1_242' title='bbox 1511 2385 1679 2439; x_wconf 75' lang='lat' dir='ltr'><strong>pietatis</strong></span> <span class='ocrx_word' id='word_1_243' title='bbox 1717 2384 1922 2438; x_wconf 67' lang='lat' dir='ltr'><strong>habentes,</strong></span> 
     </span>
     <span class='ocr_line' id='line_1_29' title="bbox 361 2457 1315 2516; baseline -0.001 -13"><span class='ocrx_word' id='word_1_244' title='bbox 361 2461 497 2515; x_wconf 73' lang='lat' dir='ltr'><strong>factis</strong></span> <span class='ocrx_word' id='word_1_245' title='bbox 528 2470 665 2504; x_wconf 79' lang='lat' dir='ltr'><strong>autem</strong></span> <span class='ocrx_word' id='word_1_246' title='bbox 694 2463 885 2504; x_wconf 77' lang='lat' dir='ltr'><strong>virtutem</strong></span> <span class='ocrx_word' id='word_1_247' title='bbox 916 2463 1002 2503; x_wconf 74' lang='lat' dir='ltr'><strong>eius</strong></span> <span class='ocrx_word' id='word_1_248' title='bbox 1033 2461 1279 2516; x_wconf 71' lang='lat' dir='ltr'><strong>abneyantec</strong></span> <span class='ocrx_word' id='word_1_249' title='bbox 1289 2457 1315 2502; x_wconf 80' lang='lat'><strong>⁴.</strong></span> 
     </span>
    </p>

    <p class='ocr_par' dir='ltr' id='par_1_5' title="bbox 372 2535 1925 2745">
     <span class='ocr_line' id='line_1_30' title="bbox 493 2535 1925 2594; baseline -0.001 -14"><span class='ocrx_word' id='word_1_250' title='bbox 493 2537 575 2580; x_wconf 87' lang='lat' dir='ltr'><strong>Sed</strong></span> <span class='ocrx_word' id='word_1_251' title='bbox 605 2537 715 2580; x_wconf 88' lang='lat' dir='ltr'><strong>inter</strong></span> <span class='ocrx_word' id='word_1_252' title='bbox 745 2537 848 2580; x_wconf 91' lang='lat' dir='ltr'><strong>haec</strong></span> <span class='ocrx_word' id='word_1_253' title='bbox 882 2537 1118 2594; x_wconf 90' lang='lat' dir='ltr'><strong>perniciosa</strong></span> <span class='ocrx_word' id='word_1_254' title='bbox 1147 2536 1287 2580; x_wconf 89' lang='lat' dir='ltr'><strong>studia</strong></span> <span class='ocrx_word' id='word_1_255' title='bbox 1315 2535 1522 2593; x_wconf 86' lang='lat' dir='ltr'><strong>partium,</strong></span> <span class='ocrx_word' id='word_1_256' title='bbox 1558 2536 1670 2579; x_wconf 87' lang='lat' dir='ltr'><strong>inter</strong></span> <span class='ocrx_word' id='word_1_257' title='bbox 1699 2535 1776 2579; x_wconf 89' lang='lat' dir='ltr'><strong>hec</strong></span> <span class='ocrx_word' id='word_1_258' title='bbox 1804 2538 1925 2579; x_wconf 86' lang='lat' dir='ltr'><strong>tanta</strong></span> 
     </span>
     <span class='ocr_line' id='line_1_31' title="bbox 374 2612 1923 2668; baseline 0 -12"><span class='ocrx_word' id='word_1_259' title='bbox 374 2614 571 2657; x_wconf 87' lang='lat' dir='ltr'><strong>scandala</strong></span> <span class='ocrx_word' id='word_1_260' title='bbox 601 2614 844 2657; x_wconf 87' lang='lat' dir='ltr'><strong>scismatum</strong></span> <span class='ocrx_word' id='word_1_261' title='bbox 876 2617 917 2656; x_wconf 92' lang='lat' dir='ltr'><strong>et</strong></span> <span class='ocrx_word' id='word_1_262' title='bbox 946 2614 1174 2667; x_wconf 87' lang='lat' dir='ltr'><strong>heresium,</strong></span> <span class='ocrx_word' id='word_1_263' title='bbox 1214 2613 1324 2656; x_wconf 89' lang='grc'>111101</span> <span class='ocrx_word' id='word_1_264' title='bbox 1354 2612 1455 2655; x_wconf 84' lang='grc'>11800</span> <span class='ocrx_word' id='word_1_265' title='bbox 1487 2612 1691 2667; x_wconf 85' lang='lat' dir='ltr'><strong>sacrilega</strong></span> <span class='ocrx_word' id='word_1_266' title='bbox 1727 2613 1923 2668; x_wconf 83' lang='lat' dir='ltr'><strong>dogmata</strong></span> 
     </span>
     <span class='ocr_line' id='line_1_32' title="bbox 372 2688 1922 2745; baseline 0 -12"><span class='ocrx_word' id='word_1_267' title='bbox 372 2704 456 2733; x_wconf 92' lang='lat' dir='ltr'><strong>non</strong></span> <span class='ocrx_word' id='word_1_268' title='bbox 477 2690 557 2734; x_wconf 91' lang='lat' dir='ltr'><strong>Dei</strong></span> <span class='ocrx_word' id='word_1_269' title='bbox 587 2691 661 2733; x_wconf 89' lang='lat' dir='ltr'><strong>sed</strong></span> <span class='ocrx_word' id='word_1_270' title='bbox 691 2691 918 2745; x_wconf 87' lang='lat' dir='ltr'><strong>hominum,</strong></span> <span class='ocrx_word' id='word_1_271' title='bbox 952 2703 1057 2745; x_wconf 89' lang='lat' dir='ltr'><strong>quae</strong></span> <span class='ocrx_word' id='word_1_272' title='bbox 1088 2703 1165 2733; x_wconf 92' lang='lat' dir='ltr'><strong>sua</strong></span> <span class='ocrx_word' id='word_1_273' title='bbox 1194 2693 1291 2732; x_wconf 89' lang='lat' dir='ltr'><strong>sunt</strong></span> <span class='ocrx_word' id='word_1_274' title='bbox 1320 2702 1404 2732; x_wconf 93' lang='lat' dir='ltr'><strong>non</strong></span> <span class='ocrx_word' id='word_1_275' title='bbox 1426 2702 1504 2744; x_wconf 89' lang='lat' dir='ltr'><strong>que</strong></span> <span class='ocrx_word' id='word_1_276' title='bbox 1525 2689 1618 2732; x_wconf 89' lang='lat' dir='ltr'><strong>Iesu</strong></span> <span class='ocrx_word' id='word_1_277' title='bbox 1639 2688 1796 2732; x_wconf 84' lang='lat' dir='ltr'><strong>Christi</strong></span> <span class='ocrx_word' id='word_1_278' title='bbox 1823 2702 1922 2745; x_wconf 86' lang='lat' dir='ltr'><strong>quc-</strong></span> 
     </span>
    </p>
   </div>
   <div class='ocr_carea' id='block_1_4' title="bbox 373 2806 1921 2980">
    <p class='ocr_par' dir='ltr' id='par_1_6' title="bbox 373 2806 1921 2980">
     <span class='ocr_line' id='line_1_33' title="bbox 464 2806 1921 2846; baseline -0.001 -9"><span class='ocrx_word' id='word_1_279' title='bbox 464 2817 491 2838; x_wconf 83' lang='lat' dir='ltr'><strong>a.</strong></span> <span class='ocrx_word' id='word_1_280' title='bbox 523 2818 561 2838; x_wconf 75' lang='lat' dir='ltr'><strong>ex</strong></span> <span class='ocrx_word' id='word_1_281' title='bbox 583 2808 609 2838; x_wconf 94' lang='lat' dir='ltr'><em>V</em></span> <span class='ocrx_word' id='word_1_282' title='bbox 627 2809 846 2844; x_wconf 63' lang='lat'><strong>135—13522,</strong></span> <span class='ocrx_word' id='word_1_283' title='bbox 876 2808 905 2837; x_wconf 89' lang='grc' dir='ltr'><em>Ζ</em></span> <span class='ocrx_word' id='word_1_284' title='bbox 925 2818 957 2846; x_wconf 86' lang='lat' dir='ltr'><strong>p.</strong></span> <span class='ocrx_word' id='word_1_285' title='bbox 973 2808 1172 2837; x_wconf 80' lang='lat'><strong>298—299.</strong></span> <span class='ocrx_word' id='word_1_286' title='bbox 1301 2806 1330 2835; x_wconf 91' lang='lat' dir='ltr'><strong>b.</strong></span> <span class='ocrx_word' id='word_1_287' title='bbox 1362 2806 1581 2836; x_wconf 87' lang='lat' dir='ltr'><strong>benedictionis</strong></span> <span class='ocrx_word' id='word_1_288' title='bbox 1599 2806 1630 2836; x_wconf 89' lang='lat' dir='ltr'><strong>V.</strong></span> <span class='ocrx_word' id='word_1_289' title='bbox 1755 2815 1781 2836; x_wconf 81' lang='grc'><strong>0.</strong></span> <span class='ocrx_word' id='word_1_290' title='bbox 1812 2815 1868 2836; x_wconf 83' lang='lat' dir='ltr'><strong>nos</strong></span> <span class='ocrx_word' id='word_1_291' title='bbox 1889 2806 1921 2836; x_wconf 89' lang='lat' dir='ltr'><strong>V.</strong></span> 
     </span>
     <span class='ocr_line' id='line_1_34' title="bbox 373 2860 975 2899; baseline 0 -9"><span class='ocrx_word' id='word_1_292' title='bbox 373 2861 401 2890; x_wconf 88' lang='lat' dir='ltr'><strong>d.</strong></span> <span class='ocrx_word' id='word_1_293' title='bbox 433 2861 594 2899; x_wconf 83' lang='lat' dir='ltr'><strong>pleclarius</strong></span> <span class='ocrx_word' id='word_1_294' title='bbox 616 2861 646 2891; x_wconf 80' lang='lat' dir='ltr'><strong>V.</strong></span> <span class='ocrx_word' id='word_1_295' title='bbox 772 2871 797 2891; x_wconf 89' lang='lat' dir='ltr'><strong>e.</strong></span> <span class='ocrx_word' id='word_1_296' title='bbox 830 2860 924 2891; x_wconf 76' lang='lat' dir='ltr'><strong>multa</strong></span> <span class='ocrx_word' id='word_1_297' title='bbox 944 2861 975 2890; x_wconf 92' lang='lat' dir='ltr'><strong>V.</strong></span> 
     </span>
     <span class='ocr_line' id='line_1_35' title="bbox 467 2931 1920 2980; baseline -0.002 -10"><span class='ocrx_word' id='word_1_298' title='bbox 467 2936 499 2970; x_wconf 85' lang='lat'><strong>1.</strong></span> <span class='ocrx_word' id='word_1_299' title='bbox 526 2934 610 2970; x_wconf 88' lang='grc'>811111</span> <span class='ocrx_word' id='word_1_300' title='bbox 635 2935 737 2970; x_wconf 89' lang='grc'>1118.</span> <span class='ocrx_word' id='word_1_301' title='bbox 881 2936 915 2971; x_wconf 87' lang='grc'><strong>2.</strong></span> <span class='ocrx_word' id='word_1_302' title='bbox 944 2936 1032 2970; x_wconf 87' lang='lat' dir='ltr'><strong>Luc.</strong></span> <span class='ocrx_word' id='word_1_303' title='bbox 1051 2935 1108 2980; x_wconf 84' lang='lat'><strong>22,</strong></span> <span class='ocrx_word' id='word_1_304' title='bbox 1133 2934 1190 2969; x_wconf 84' lang='lat'><strong>53.</strong></span> <span class='ocrx_word' id='word_1_305' title='bbox 1333 2933 1367 2968; x_wconf 91' lang='lat'><strong>3.</strong></span> <span class='ocrx_word' id='word_1_306' title='bbox 1396 2933 1414 2967; x_wconf 92' lang='lat'>1</span> <span class='ocrx_word' id='word_1_307' title='bbox 1440 2931 1515 2968; x_wconf 90' lang='lat' dir='ltr'><strong>Ioh.</strong></span> <span class='ocrx_word' id='word_1_308' title='bbox 1535 2933 1591 2978; x_wconf 84' lang='lat'><strong>12,</strong></span> <span class='ocrx_word' id='word_1_309' title='bbox 1618 2933 1672 2968; x_wconf 90' lang='grc'><strong>19.</strong></span> <span class='ocrx_word' id='word_1_310' title='bbox 1813 2932 1848 2968; x_wconf 88' lang='lat'><strong>4.</strong></span> <span class='ocrx_word' id='word_1_311' title='bbox 1873 2932 1920 2969; x_wconf 92' lang='lat' dir='ltr'><strong>V.</strong></span> 
     </span>
    </p>
   </div>
   <div class='ocr_carea' id='block_1_5' title="bbox 374 2993 755 3038">
    <p class='ocr_par' dir='ltr' id='par_1_7' title="bbox 374 2993 755 3038">
     <span class='ocr_line' id='line_1_36' title="bbox 374 2993 755 3038; baseline -0.005 -8"><span class='ocrx_word' id='word_1_312' title='bbox 374 2995 397 3030; x_wconf 83' lang='lat'>2</span> <span class='ocrx_word' id='word_1_313' title='bbox 411 2993 567 3029; x_wconf 79' lang='lat' dir='ltr'><strong>Timoth.</strong></span> <span class='ocrx_word' id='word_1_314' title='bbox 586 2993 619 3038; x_wconf 89' lang='lat'><strong>3,</strong></span> <span class='ocrx_word' id='word_1_315' title='bbox 646 2993 710 3028; x_wconf 90' lang='lat'><strong>1—</strong></span> <span class='ocrx_word' id='word_1_316' title='bbox 721 2993 755 3028; x_wconf 88' lang='lat'><strong>5.</strong></span> 
     </span>
    </p>
   </div>
  </div>
 </body>
</html>
