2028 3438
394 267 480 310 836

421 454 515 509 Ex
560 455 913 514 M1RAcUL1s
960 457 1248 514 0TT0N1s
1293 458 1580 516 EPISCOPI
1607 414 1937 516 tmesis-

1050 553 1301 608 GENsls
1668 594 1672 597 ,
1756 562 1758 564 v
1870 560 1874 565 f
1908 569 1936 578 ψ

402 751 737 825 Wolframmus
748 771 804 813 II
815 772 942 814 abbas
956 772 1002 816 S.
1013 774 1235 816 Michaelis
1243 774 1564 830 Bamberyensis
1585 789 1678 817 cum
1693 787 1807 817 anno
1823 774 1947 831 φάη-

393 848 632 902 quaqesimo
660 857 757 903 post
781 848 944 891 Ottonis
962 849 993 891 I
1017 852 1205 907 episcopi
1225 851 1392 903 obitum,
1427 859 1473 893 ut
1501 852 1538 893 is
1567 855 1785 894 numerum
1814 852 1951 894 sancti

393 923 611 976 obtineret,
655 941 682 966 a
714 923 914 968 Clemente
934 926 1018 968 III
1039 942 1157 983 papa
1193 928 1514 984 impetravisset,
1555 927 1856 970 miraculorum
1892 928 1950 970 ad

391 1001 626 1056 sepulcrum
656 1002 772 1044 illius
805 1004 1008 1046 editorum
1040 1004 1201 1046 libellus
1223 1007 1479 1061 conscriptus
1507 1014 1579 1057 est,
1613 1019 1734 1061 quem
1754 1004 1948 1061 divulqa-

390 1079 450 1119 vit
481 1086 518 1120 et
539 1077 745 1121 Sollerius
776 1081 822 1121 in
845 1080 935 1122 Act.
958 1079 1042 1123 SS.
1062 1080 1143 1122 Iul.
1163 1080 1194 1122 I
1207 1081 1460 1125 449—455
1492 1090 1529 1124 et
1550 1081 1763 1137 Rudolfus
1782 1081 1950 1138 Koepke

390 1156 436 1196 in
467 1155 585 1196 Mon.
613 1154 751 1198 Germ.
777 1156 860 1200 SS.
883 1157 985 1199 XII
1009 1158 1264 1201 911—916.
1318 1157 1443 1201 Cuius
1476 1158 1669 1215 opusculi
1697 1172 1787 1201 eam
1815 1158 1950 1202 colam

388 1240 551 1288 partem
583 1234 841 1275 commodum
872 1234 1090 1277 videbatur
1110 1235 1187 1277 lzoc
1214 1235 1302 1278 loco
1330 1235 1539 1292 proferre,
1573 1250 1680 1292 quae
1709 1237 1848 1292 ipsam
1869 1243 1948 1278 ca-

389 1311 667 1352 nonisationis
689 1308 906 1354 histofiiam
927 1312 1224 1368 complectitur.
1267 1312 1319 1354 In
1341 1315 1482 1356 eadem
1502 1328 1598 1356 vero
1619 1313 1950 1370 recoynoscenda

389 1389 591 1429 memoria
612 1388 716 1430 duos
738 1388 930 1430 consului
947 1389 1105 1432 saeculi
1116 1389 1244 1431 XIII
1258 1391 1416 1433 codices
1434 1391 1798 1444 membranaceo&
1815 1403 1947 1447 quon-

392 1465 490 1507 dam
518 1464 818 1520 Peqavienses:
903 1460 908 1462 ⁷

511 1539 596 1594 (A)
636 1543 816 1584 codicem
854 1542 1121 1586 bibliothecae
1158 1545 1440 1587 universitatis
1471 1544 1708 1601 Lipsiensis
1738 1544 1827 1588 844
1859 1544 1946 1600 fol.

384 1604 486 1660 ⁴392>
518 1632 596 1673 sq„
631 1627 668 1661 et

511 1693 595 1747 (B)
627 1696 808 1737 codicem
840 1697 1020 1738 eiusdem
1051 1696 1318 1740 bibliothecae
1347 1698 1433 1756 821
1462 1698 1549 1753 fol.
1572 1698 1660 1742 146
1690 1713 1752 1754 sq.

509 1790 706 1832 Berolini
734 1790 793 1833 12
822 1790 919 1832 Kal.
941 1791 1085 1833 Maias
1111 1792 1239 1834 1869.

511 1924 588 1968 His
620 1928 661 1968 et
693 1924 785 1968 aliis
813 1925 988 1969 infinitis
1009 1925 1222 1969 miraculis
1244 1926 1343 1969 dum
1365 1930 1556 1971 sanctum
1577 1940 1742 1985 corpure,
1774 1927 1947 1972 abscon-

392 2016 482 2045 sum
515 2002 630 2045 fossa
658 2002 774 2044 humi
786 2000 812 2057 ¹,
844 2002 1092 2046 claresceret
1123 2006 1164 2047 et
1193 2003 1279 2046 iam
1308 2004 1414 2047 nulli
1443 2004 1627 2048 fidelium
1658 2007 1804 2061 aptum
1832 2004 1948 2049 vide-

391 2082 527 2134 retur,
568 2083 616 2122 ut
651 2082 771 2135 pater
801 2079 1027 2122 multarum
1060 2080 1330 2124 ecclesiarum
1361 2081 1437 2125 sub
1466 2081 1607 2138 lapide
1637 2081 1750 2125 velut
1778 2081 1948 2126 lucerna

169 2164 372 2200 1177-1182
392 2153 558 2199 modi0²
588 2160 819 2211 tegeretur,
858 2169 953 2199 cum
991 2157 1167 2200 domnus
1200 2158 1297 2201 Otto
1329 2157 1553 2213 secundus,
1590 2158 1947 2213 Babenbergensis

393 2233 613 2289 episcopus
646 2231 951 2288 duodecimus³,
983 2247 1067 2276 una
1097 2248 1191 2277 cum
1223 2234 1451 2278 venerabili
1471 2231 1767 2279 Wolframmo⁴
1797 2234 1947 2278 abbate

395 2308 538 2353 Sancti
569 2309 784 2353 Michaelis
821 2310 865 2352 in
902 2314 1043 2354 monte
1073 2310 1411 2366 Babenbergensi
1447 2313 1491 2354 in
1531 2312 1693 2368 capella
1722 2311 1802 2356 Dei
1831 2312 1947 2367 geni-

392 2386 509 2429 tricis
541 2385 719 2442 Mariae‚
758 2401 864 2443 quae
896 2391 959 2431 est
988 2387 1106 2430 iuxta
1136 2387 1386 2444 capitulum,
1425 2389 1728 2444 consedissent,
1767 2389 1827 2432 ait
1856 2388 1945 2446 epi-

394 2476 566 2519 scopus:
615 2464 828 2517 Videmus,
870 2467 971 2521 quia
1007 2466 1255 2507 universalis
1294 2466 1462 2507 ecclesia
1500 2466 1550 2507 cle
1587 2468 1804 2509 sanctitate
1839 2466 1949 2508 beati

398 2540 559 2582 Ottonis
591 2556 676 2583 non
707 2542 892 2592 dubitat5
923 2542 1041 2584 nobis
1067 2544 1198 2584 enim¹’
1220 2544 1460 2594 tacentibus,
1495 2556 1622 2598 opera
1643 2545 1730 2585 eius
1751 2543 1942 2586 clamant.

393 2617 451 2659 Et
481 2618 573 2659 ideo
614 2619 672 2659 ad
708 2620 1064 2661 canonizationem
1104 2621 1190 2661 eius
1226 2620 1508 2675 perayendam
1539 2620 1681 2662 divino
1712 2620 1944 2675 indicemus

394 2695 567 2736 consilio
607 2703 644 2736 et
674 2696 847 2738 auoeilio.
975 2695 1043 2737 Ad
1074 2695 1149 2738 hec
1180 2694 1328 2750 abbas,
1369 2695 1432 2737 vir
1463 2694 1625 2737 subtilis
1663 2695 1840 2750 ingenii,
1878 2708 1944 2739 re-

394 2769 582 2824 spondit:
623 2762 851 2814 Consilium
893 2773 1058 2828 quidem
1090 2772 1247 2828 facile,
1288 2773 1361 2814 secl
1397 2786 1500 2828 opus
1532 2772 1703 2827 difficile
1742 2780 1812 2816 est.
1877 2773 1946 2815 Ad

490 2895 517 2916 a.
549 2887 639 2917 etiam
660 2889 700 2919 B.

490 2949 523 2984 1.
546 2948 630 2984 Isai.
648 2951 681 2995 2,
709 2951 770 2986 10:
804 2950 1056 2996 „abscondere
1085 2951 1123 2986 in
1155 2949 1253 2987 fossa
1283 2949 1433 2986 humo“.
1635 2952 1669 2986 2.
1698 2951 1809 2986 Marc.
1825 2949 1860 2996 4,
1884 2950 1941 2987 21.

393 3007 428 3043 3.
455 3007 699 3043 1177—1196.
840 3010 874 3045 4.
899 3010 933 3045 II
960 3010 1203 3045 1177-1201.
