2028 3438
432 269 673 301 mnnonm
702 267 945 300 numetis.
993 268 1082 299 us,
1103 268 1139 299 11
1168 266 1201 301 3.
1219 267 1242 299 4
1531 257 1615 300 747

49 375 308 422 restiterunt.
360 375 446 420 Sed
476 376 655 430 frustra3
693 376 804 432 quia,
841 374 1010 420 tandem
1043 372 1254 432 superati¹
1285 375 1338 419 ab
1369 389 1418 419 eo
1450 378 1492 419 et
1521 389 1620 420 con-

49 452 158 508 triti,
184 444 289 511 post
317 453 472 498 multas
502 453 641 497 clades
674 467 820 510 pacem
854 452 905 497 ab
939 467 987 497 eo
1019 452 1233 510 postulare
1265 465 1357 496 cum
1389 466 1488 508 rege
1519 450 1618 496 suo²

50 528 338 574 &oi-everunt.
385 530 465 574 At·
495 530 580 586 ille,
613 534 660 573 ut
690 533 781 574 erat
813 529 933 574 bellis
965 543 1014 574 ac
1033 530 1248 574 laboribus
1277 543 1444 587 semper
1465 530 1618 574 infrac-

50 609 150 663 tus,
170 620 256 652 non
286 607 484 652 continue
515 607 567 651 de
598 621 700 664 pace
734 608 998 663 acquiescere
1030 607 1175 663 voluit,
1211 607 1296 651 nisi
1326 607 1444 664 prius
1477 607 1619 663 aliqua

49 684 312 730 memorabili
341 683 661 729 honorificentia
691 684 1018 728 satisfactionem
1052 685 1295 741 accepisset.

122 771 123 774 ’
168 763 210 805 4.
257 761 348 806 Rex
367 775 467 806 vero
498 765 542 806 et
568 776 713 805 omnes
745 762 958 819 principes
980 761 1282 817 Ruthenorum,
1314 762 1405 806 sine
1425 762 1618 805 amicicia

49 842 94 883 et
121 852 228 896 pace
257 839 377 884 ducis
406 853 491 883 non
514 853 559 884 se
580 840 743 896 quietos
764 840 853 883 fore
877 839 1199 896 perpendentes,
1230 839 1344 882 viam
1365 839 1617 883 inveniende

49 919 193 960 mutue
220 917 340 974 pacis
372 920 415 962 et
443 917 598 972 gratie:
638 917 752 960 illius
786 917 1009 974 prudentie
1041 929 1089 960 ac
1118 915 1215 960 fidei
1246 916 1616 960 committendam⁶

48 998 410 1052 presumpserunt.
467 994 542 1039 Ille
581 1008 678 1038 vero
717 1018 772 1024 -—
812 995 922 1038 hanc
967 994 1306 1038 honestissimam
1346 997 1464 1038 ratus
1502 995 1614 1038 viam

49 1071 270 1116 statuendo
301 1075 428 1128 atque
457 1071 663 1116 firmande
694 1072 812 1129 pacis
844 1096 899 1102 ———
933 1070 1063 1115 filiam
1095 1071 1228 1128 ipsius
1259 1071 1371 1127 regis
1402 1072 1554 1128 petivit
1575 1075 1618 1116 et

48 1149 212 1207 accepit
241 1146 459 1204 uxorem³3
493 1149 688 1193 videlicet
708 1153 755 1192 ut
776 1149 855 1192 hoc
877 1147 1095 1192 affinitatis
1117 1149 1367 1193 commercio
1388 1152 1476 1192 tam
1498 1149 1616 1206 prin-

48 1227 163 1284 cipes
199 1227 285 1284 ipsi
321 1240 448 1283 quam
486 1226 644 1271 subditi
684 1227 744 1271 eis
783 1229 894 1270 terre
932 1227 1151 1283 utriusque
1191 1226 1338 1284 populi
1377 1240 1524 1283 pacem
1565 1228 1617 1271 ad

47 1304 228 1348 invicem
265 1303 470 1348 haberent
507 1307 755 1362 perpetuam
789 1307 915 1360 atque
946 1304 991 1347 in
1021 1304 1342 1348 necessitatibus
1375 1307 1417 1347 et
1447 1308 1618 1362 oportu-

48 1381 252 1429 nitatibus
298 1382 386 1425 suis
423 1385 569 1426 mutuo
610 1382 691 1426 sibi
729 1384 876 1425 contra
913 1381 1054 1426 hostes
1093 1382 1278 1439 presidio
1315 1382 1454 1426 forent
1492 1386 1618 1438 atque

49 1458 210 1503 auxilia
245 1461 477 1516 portarent.
509 1459 739 1503 ·Colebant
779 1472 876 1514 ergo
916 1473 961 1502 se
997 1460 1154 1503 mutuis
1185 1459 1397 1503 beneficiis
1429 1473 1546 1504 socer
1577 1465 1619 1504 et

47 1548 199 1592 gener,
237 1536 615 1594 magnificatusque
654 1539 718 1580 est
747 1536 968 1580 Bolezlaus
1001 1541 1044 1581 et
1074 1537 1332 1581 confortatus
1365 1551 1413 1581 ac
1443 1540 1618 1595 prospe-

47 1617 166 1659 ratus
196 1613 396 1671 undique,
427 1627 506 1658 nec
535 1614 622 1658 ulla
653 1616 692 1659 ei
725 1618 816 1659 erat
838 1614 1127 1670 contradictio,
1158 1615 1366 1659 universis
1395 1616 1618 1672 potestatis

48 1705 124 1735 sue
169 1691 361 1735 terminis
401 1691 522 1736 hoste
559 1692 674 1736 nullo
714 1692 907 1736 turbatis.
969 1691 1126 1736 Verum
1165 1706 1214 1737 ea
1251 1693 1538 1749 perfunctoria
1577 1697 1619 1738 et

49 1768 189 1813 brevis
227 1772 320 1813 erat
356 1769 656 1825 tranquillitas.
715 1770 822 1814 Nam
863 1774 960 1827 post
998 1783 1129 1813 annos
1168 1784 1324 1827 paucos
1364 1771 1619 1815 Ruthenissa

48 1859 156 1890 uxor
175 1845 363 1891 Bolezlai
394 1847 585 1903 moritur,
618 1861 747 1890 unum
779 1851 942 1891 tantum
965 1848 1004 1891 ei
1024 1845 1182 1891 filium⁴
1210 1848 1472 1904 relinquens3
1506 1849 1618 1893 unde

49 1924 170 1985 quasi
207 1927 332 1981 rupto
363 1924 553 1980 vinculo,
597 1938 677 1981 quo
717 1929 808 1968 tota
846 1926 957 1969 inter
988 1939 1188 1980 generum
1220 1929 1262 1969 et
1293 1940 1484 1970 socerum
1516 1940 1616 1970 con-

49 2001 190 2046 stabat
210 2001 441 2056 amicicia,
481 2001 638 2045 dudum
671 2003 889 2059 consopita
920 2002 1030 2046 bella
1068 2004 1273 2060 paulatim
1305 2004 1616 2048 recrudescunt.

47 2078 270 2124 Bolezlaus
308 2079 459 2135 igitur,
499 2079 668 2123 feritate
707 2081 843 2136 gentis
874 2084 1110 2137 permotus,
1150 2094 1243 2125 cum
1277 2082 1364 2125 suis
1396 2081 1616 2125 consilium

48 2156 217 2212 habuit,
256 2170 439 2213 quonam
471 2156 594 2200 modo
633 2157 822 2202 rediviva
856 2157 971 2201 mala
1001 2158 1078 2202 hec
1108 2159 1355 2216 propulsare
1393 2160 1613 2215 potuisset.

49 2233 242 2278 Habebat
273 2237 414 2278 autem
435 2233 630 2277 Petrum⁵
653 2235 862 2291 quendam
893 2235 1050 2280 milicie
1081 2237 1315 2291 ductorum,
1347 2236 1485 2280 virum
1507 2237 1615 2280 acris

48 2312 208 2367 ingenii
249 2315 291 2356 et
326 2312 478 2356 fortem
510 2312 682 2368 robore,
720 2313 771 2356 de
803 2327 884 2368 quo
916 2313 1111 2370 dubium,
1151 2317 1293 2357 utrum
1324 2314 1369 2356 in
1401 2315 1529 2358 armis
1562 2329 1616 2358 an

48 2390 95 2433 in
125 2389 311 2433 consiliis
342 2389 478 2433 maior
508 2390 649 2445 fuerit,
688 2391 759 2446 qui
792 2394 882 2434 erat
913 2391 1123 2447 prefectus
1155 2406 1180 2435 a
1211 2392 1314 2435 duce
1345 2406 1472 2448 super
1502 2393 1615 2436 viros

50 2467 286 2511 bellatores.
336 2466 416 2510 Hic
446 2467 602 2510 ascitus
636 2467 829 2511 consilio:
867 2468 921 2512 Si
950 2471 1036 2512 suis
1069 2478 1231 2512 tantum
1262 2469 1400 2525 inquit
1431 2470 1618 2514 Ruthem'

49 2545 209 2588 viribus
240 2546 502 2598 dimicarent,
534 2546 630 2588 illos
662 2562 689 2587 a
709 2546 829 2588 nobie
860 2548 1020 2589 conteri
1047 2546 1220 2602 difficile
1249 2562 1334 2590 non
1366 2556 1479 2590 esset.
1528 2547 1616 2592 Sed

50 2622 201 2665 habent
220 2621 392 2675 Flavos,
425 2623 576 2665 habent
595 2623 802 2673 Pruscos3
832 2624 982 2667 habent
1004 2626 1134 2666 eciam
1150 2625 1424 2678 Pomeranos,
1454 2634 1616 2681 pentem

48 2699 289 2756 ydolatram
326 2702 507 2742 invisam
538 2715 588 2742 ac
618 2702 743 2742 nimis
779 2702 1040 2744 indomitam.
1091 2701 1205 2754 Quos
1238 2717 1375 2745 omnes
1406 2703 1534 2745 simul
1569 2705 1615 2745 in

148 2832 175 2853 a.
206 2823 247 2852 At
266 2837 297 2842 —
315 2823 484 2861 accepisset
505 2832 562 2853 om.
579 2823 616 2853 Ν
618 2835 628 2859 ,·
655 2822 759 2862 recepi
781 2833 818 2854 ex
840 2823 912 2853 BR.
1046 2824 1075 2854 b.
1108 2825 1357 2856 committendum
1379 2825 1450 2856 NB.

148 2898 180 2933 1.
205 2895 261 2933 Of.
285 2897 435 2943 Roepell
460 2896 592 2933 Gesch.
611 2898 742 2934 Polens
759 2898 776 2933 1
801 2898 871 2933 230
896 2909 930 2934 n.
949 2899 983 2934 3.
1126 2900 1159 2935 2.
1185 2890 1427 2946 SwitopoIco,
1452 2901 1615 2947 principe

51 2956 247 2992 Kiewensi.
336 2957 370 2991 3.
397 2957 552 3002 a.11033
570 2968 606 2992 v.
622 2956 771 3001 Roepell
791 2957 814 2992 l.
828 2957 851 2991 1.
867 2957 949 2992 231.
1043 2958 1078 2993 4.
1098 2958 1347 2996 wladislaum.
1444 2960 1478 2995 5.
1504 2971 1533 2995 s.
1547 2960 1614 2995 Pa-

53 3014 195 3055 tricium
222 3015 384 3059 (Petrum
394 3015 542 3061 Wlast)‚
568 3015 614 3052 de
634 3025 706 3061 quo
727 3026 762 3051 v.
783 3014 931 3052 Ortlieb.
953 3015 1142 3064 Zwiefalt„
1166 3018 1263 3055 Mon.
1280 3017 1402 3055 Germ.
1420 3017 1485 3055 SS.
1500 3019 1535 3055 X
1557 3019 1613 3055 91.

1646 385 1738 421 1102

1646 1159 1738 1195 1103

1640 2250 1725 2284 ante
1751 2249 1840 2284 1121
