<?xml version="1.0" encoding="UTF-8"?>
<!DOCTYPE html PUBLIC "-//W3C//DTD XHTML 1.0 Transitional//EN"
    "http://www.w3.org/TR/xhtml1/DTD/xhtml1-transitional.dtd">
<html xmlns="http://www.w3.org/1999/xhtml" xml:lang="en" lang="en">
 <head>
  <title>
</title>
<meta http-equiv="Content-Type" content="text/html;charset=utf-8" />
  <meta name='ocr-system' content='tesseract 3.04.00' />
  <meta name='ocr-capabilities' content='ocr_page ocr_carea ocr_par ocr_line ocrx_word'/>
</head>
<body>
  <div class='ocr_page' id='page_1' title='image "bibliothecarerum05wattuoft_0037.png"; bbox 0 0 2028 3438; ppageno 0'>
   <div class='ocr_carea' id='block_1_1' title="bbox 616 229 1643 271">
    <p class='ocr_par' dir='ltr' id='par_1_1' title="bbox 616 229 1643 271">
     <span class='ocr_line' id='line_1_1' title="bbox 616 229 1643 271; baseline 0.001 -1"><span class='ocrx_word' id='word_1_1' title='bbox 616 238 838 271; x_wconf 72' lang='lat' dir='ltr'>unALmor</span> <span class='ocrx_word' id='word_1_2' title='bbox 868 238 1038 270; x_wconf 76' lang='lat' dir='ltr'>connx.</span> <span class='ocrx_word' id='word_1_3' title='bbox 1086 236 1109 271; x_wconf 84' lang='lat'><em>2</em></span> <span class='ocrx_word' id='word_1_4' title='bbox 1589 229 1643 271; x_wconf 85' lang='lat'>21</span> 
     </span>
    </p>
   </div>
   <div class='ocr_carea' id='block_1_2' title="bbox 69 341 1648 2952">
    <p class='ocr_par' dir='ltr' id='par_1_2' title="bbox 69 341 1648 915">
     <span class='ocr_line' id='line_1_2' title="bbox 72 341 1648 391; baseline 0.001 -10"><span class='ocrx_word' id='word_1_5' title='bbox 72 343 292 391; x_wconf 68' lang='lat' dir='ltr'>digni-sinuo</span> <span class='ocrx_word' id='word_1_6' title='bbox 313 341 574 389; x_wconf 67' lang='lat' dir='ltr'>uoffipraesuli</span> <span class='ocrx_word' id='word_1_7' title='bbox 596 344 652 382; x_wconf 90' lang='lat' dir='ltr'>.N.</span> <span class='ocrx_word' id='word_1_8' title='bbox 677 343 764 380; x_wconf 88' lang='lat' dir='ltr'>licet</span> <span class='ocrx_word' id='word_1_9' title='bbox 786 343 958 390; x_wconf 82' lang='lat' dir='ltr'>indignus</span> <span class='ocrx_word' id='word_1_10' title='bbox 984 353 1073 380; x_wconf 87' lang='lat' dir='ltr'>suus</span> <span class='ocrx_word' id='word_1_11' title='bbox 1099 343 1354 389; x_wconf 85' lang='lat' dir='ltr'>suffraganeus</span> <span class='ocrx_word' id='word_1_12' title='bbox 1379 344 1584 381; x_wconf 88' lang='lat' dir='ltr'>orationum</span> <span class='ocrx_word' id='word_1_13' title='bbox 1609 348 1648 382; x_wconf 90' lang='lat' dir='ltr'>et</span> 
     </span>
     <span class='ocr_line' id='line_1_3' title="bbox 72 408 1646 456; baseline -0.001 -7"><span class='ocrx_word' id='word_1_14' title='bbox 72 408 481 456; x_wconf 53' lang='lat' dir='ltr'>essequam-petuam</span> <span class='ocrx_word' id='word_1_15' title='bbox 506 409 752 446; x_wconf 87' lang='lat' dir='ltr'>devotionem.</span> <span class='ocrx_word' id='word_1_16' title='bbox 848 409 1006 446; x_wconf 92' lang='lat' dir='ltr'>Domino</span> <span class='ocrx_word' id='word_1_17' title='bbox 1031 408 1312 455; x_wconf 85' lang='lat' dir='ltr'>exoptatissimo</span> <span class='ocrx_word' id='word_1_18' title='bbox 1335 411 1374 445; x_wconf 90' lang='lat' dir='ltr'>et</span> <span class='ocrx_word' id='word_1_19' title='bbox 1398 419 1421 446; x_wconf 89' lang='lat' dir='ltr'>a</span> <span class='ocrx_word' id='word_1_20' title='bbox 1438 409 1518 446; x_wconf 90' lang='lat' dir='ltr'>Deo</span> <span class='ocrx_word' id='word_1_21' title='bbox 1542 413 1646 456; x_wconf 88' lang='lat' dir='ltr'>patre</span> 
     </span>
     <span class='ocr_line' id='line_1_4' title="bbox 71 470 1646 522; baseline 0 -10"><span class='ocrx_word' id='word_1_22' title='bbox 71 470 278 522; x_wconf 66' lang='lat' dir='ltr'>praeelecto</span> <span class='ocrx_word' id='word_1_23' title='bbox 301 477 345 511; x_wconf 74' lang='lat' dir='ltr'>et</span> <span class='ocrx_word' id='word_1_24' title='bbox 362 474 637 522; x_wconf 76' lang='lat' dir='ltr'>praedestinato</span> <span class='ocrx_word' id='word_1_25' title='bbox 661 475 799 522; x_wconf 88' lang='lat' dir='ltr'>pastori</span> <span class='ocrx_word' id='word_1_26' title='bbox 817 475 872 513; x_wconf 89' lang='lat' dir='ltr'>.N.</span> <span class='ocrx_word' id='word_1_27' title='bbox 890 475 1125 522; x_wconf 87' lang='lat' dir='ltr'>praepositus</span> <span class='ocrx_word' id='word_1_28' title='bbox 1139 474 1304 511; x_wconf 86' lang='lat' dir='ltr'>decanus</span> <span class='ocrx_word' id='word_1_29' title='bbox 1329 485 1486 521; x_wconf 87' lang='lat' dir='ltr'>cumque</span> <span class='ocrx_word' id='word_1_30' title='bbox 1510 475 1567 512; x_wconf 90' lang='lat' dir='ltr'>his</span> <span class='ocrx_word' id='word_1_31' title='bbox 1591 479 1646 512; x_wconf 85' lang='lat' dir='ltr'>to-</span> 
     </span>
     <span class='ocr_line' id='line_1_5' title="bbox 71 539 1647 588; baseline 0 -10"><span class='ocrx_word' id='word_1_32' title='bbox 71 544 142 578; x_wconf 80' lang='lat' dir='ltr'>tus.</span> <span class='ocrx_word' id='word_1_33' title='bbox 154 539 475 587; x_wconf 66' lang='lat' dir='ltr'>Bnbenbergensis</span> <span class='ocrx_word' id='word_1_34' title='bbox 498 541 617 577; x_wconf 87' lang='lat' dir='ltr'>clerus</span> <span class='ocrx_word' id='word_1_35' title='bbox 647 541 924 588; x_wconf 89' lang='lat' dir='ltr'>inpensissimas</span> <span class='ocrx_word' id='word_1_36' title='bbox 953 541 993 577; x_wconf 89' lang='lat' dir='ltr'>in</span> <span class='ocrx_word' id='word_1_37' title='bbox 1018 540 1162 577; x_wconf 86' lang='lat' dir='ltr'>Christo</span> <span class='ocrx_word' id='word_1_38' title='bbox 1196 543 1234 576; x_wconf 91' lang='lat' dir='ltr'>et</span> <span class='ocrx_word' id='word_1_39' title='bbox 1261 541 1647 586; x_wconf 86' lang='lat' dir='ltr'>perseverantissimas</span> 
     </span>
     <span class='ocr_line' id='line_1_6' title="bbox 71 605 1646 653; baseline 0 -10"><span class='ocrx_word' id='word_1_40' title='bbox 71 605 269 645; x_wconf 65' lang='lat' dir='ltr'>orationes.</span> <span class='ocrx_word' id='word_1_41' title='bbox 363 606 674 646; x_wconf 84' lang='lat' dir='ltr'>Reverentissimo</span> <span class='ocrx_word' id='word_1_42' title='bbox 703 609 960 644; x_wconf 72' lang='lat' dir='ltr'><strong>sacrosanctae</strong></span> <span class='ocrx_word' id='word_1_43' title='bbox 990 606 1168 643; x_wconf 88' lang='lat' dir='ltr'>ecclesiae</span> <span class='ocrx_word' id='word_1_44' title='bbox 1200 606 1374 653; x_wconf 87' lang='lat' dir='ltr'>episcopo</span> <span class='ocrx_word' id='word_1_45' title='bbox 1401 606 1457 643; x_wconf 91' lang='lat' dir='ltr'>.N.</span> <span class='ocrx_word' id='word_1_46' title='bbox 1483 606 1646 644; x_wconf 89' lang='lat' dir='ltr'>decanus</span> 
     </span>
     <span class='ocr_line' id='line_1_7' title="bbox 70 671 1646 718; baseline 0 -9"><span class='ocrx_word' id='word_1_47' title='bbox 70 674 148 709; x_wconf 81' lang='lat' dir='ltr'>tam</span> <span class='ocrx_word' id='word_1_48' title='bbox 170 674 386 718; x_wconf 74' lang='lat' dir='ltr'>perpetuam</span> <span class='ocrx_word' id='word_1_49' title='bbox 404 681 515 718; x_wconf 85' lang='lat' dir='ltr'>quam</span> <span class='ocrx_word' id='word_1_50' title='bbox 531 671 695 708; x_wconf 79' lang='lat' dir='ltr'><strong>debitam</strong></span> <span class='ocrx_word' id='word_1_51' title='bbox 711 672 950 708; x_wconf 86' lang='lat' dir='ltr'>devotissime</span> <span class='ocrx_word' id='word_1_52' title='bbox 966 671 1141 708; x_wconf 89' lang='lat' dir='ltr'>orationis</span> <span class='ocrx_word' id='word_1_53' title='bbox 1165 672 1389 708; x_wconf 79' lang='lat' dir='ltr'><strong>instantiam.</strong></span> <span class='ocrx_word' id='word_1_54' title='bbox 1486 672 1646 709; x_wconf 92' lang='lat' dir='ltr'>Domino</span> 
     </span>
     <span class='ocr_line' id='line_1_8' title="bbox 71 736 1647 784; baseline -0.001 -9"><span class='ocrx_word' id='word_1_55' title='bbox 71 737 230 784; x_wconf 50' lang='lat' dir='ltr'>sirmii</span> <span class='ocrx_word' id='word_1_56' title='bbox 252 736 310 775; x_wconf 62' lang='grc' dir='ltr'>«Ν.</span> <span class='ocrx_word' id='word_1_57' title='bbox 333 736 821 784; x_wconf 72' lang='lat' dir='ltr'>eeclesiaearchipontifici¹¹</span> <span class='ocrx_word' id='word_1_58' title='bbox 841 737 885 774; x_wconf 86' lang='lat' dir='ltr'>N.</span> <span class='ocrx_word' id='word_1_59' title='bbox 902 737 973 773; x_wconf 87' lang='lat' dir='ltr'>Dei</span> <span class='ocrx_word' id='word_1_60' title='bbox 996 737 1118 783; x_wconf 85' lang='lat' dir='ltr'>gratia</span> <span class='ocrx_word' id='word_1_61' title='bbox 1141 737 1337 784; x_wconf 83' lang='lat' dir='ltr'>episcopus</span> <span class='ocrx_word' id='word_1_62' title='bbox 1362 748 1446 774; x_wconf 88' lang='lat' dir='ltr'>cum</span> <span class='ocrx_word' id='word_1_63' title='bbox 1471 738 1647 774; x_wconf 87' lang='lat' dir='ltr'>instantia</span> 
     </span>
     <span class='ocr_line' id='line_1_9' title="bbox 70 801 1646 850; baseline -0.001 -9"><span class='ocrx_word' id='word_1_64' title='bbox 70 812 221 850; x_wconf 71' lang='lat' dir='ltr'>precum</span> <span class='ocrx_word' id='word_1_65' title='bbox 244 801 353 841; x_wconf 81' lang='lat' dir='ltr'>fidele</span> <span class='ocrx_word' id='word_1_66' title='bbox 377 802 578 839; x_wconf 83' lang='lat' dir='ltr'>servitium.</span> <span class='ocrx_word' id='word_1_67' title='bbox 676 803 719 840; x_wconf 89' lang='lat' dir='ltr'>N.</span> <span class='ocrx_word' id='word_1_68' title='bbox 738 802 975 839; x_wconf 87' lang='lat' dir='ltr'>dilectissimo</span> <span class='ocrx_word' id='word_1_69' title='bbox 998 802 1172 840; x_wconf 86' lang='lat' dir='ltr'>confratri</span> <span class='ocrx_word' id='word_1_70' title='bbox 1195 805 1234 839; x_wconf 90' lang='lat' dir='ltr'>et</span> <span class='ocrx_word' id='word_1_71' title='bbox 1258 803 1477 850; x_wconf 79' lang='lat' dir='ltr'>coepiscopo</span> <span class='ocrx_word' id='word_1_72' title='bbox 1494 804 1539 841; x_wconf 89' lang='lat' dir='ltr'>N.</span> <span class='ocrx_word' id='word_1_73' title='bbox 1557 814 1646 840; x_wconf 88' lang='lat' dir='ltr'>suus</span> 
     </span>
     <span class='ocr_line' id='line_1_10' title="bbox 69 867 1645 915; baseline -0.001 -8"><span class='ocrx_word' id='word_1_74' title='bbox 69 868 109 907; x_wconf 76' lang='lat' dir='ltr'>in</span> <span class='ocrx_word' id='word_1_75' title='bbox 131 867 328 914; x_wconf 72' lang='lat' dir='ltr'>dilecfione</span> <span class='ocrx_word' id='word_1_76' title='bbox 352 867 530 915; x_wconf 87' lang='lat' dir='ltr'>quidquid</span> <span class='ocrx_word' id='word_1_77' title='bbox 553 868 756 914; x_wconf 89' lang='lat' dir='ltr'>iocundius,</span> <span class='ocrx_word' id='word_1_78' title='bbox 782 868 819 904; x_wconf 90' lang='lat' dir='ltr'>in</span> <span class='ocrx_word' id='word_1_79' title='bbox 844 868 1009 905; x_wconf 87' lang='lat' dir='ltr'>oratione</span> <span class='ocrx_word' id='word_1_80' title='bbox 1033 872 1071 905; x_wconf 90' lang='lat' dir='ltr'>et</span> <span class='ocrx_word' id='word_1_81' title='bbox 1087 869 1237 905; x_wconf 87' lang='lat' dir='ltr'>servitio</span> <span class='ocrx_word' id='word_1_82' title='bbox 1260 868 1439 915; x_wconf 88' lang='lat' dir='ltr'>quidquid</span> <span class='ocrx_word' id='word_1_83' title='bbox 1463 869 1645 906; x_wconf 87' lang='lat' dir='ltr'>devotius.</span> 
     </span>
    </p>

    <p class='ocr_par' dir='ltr' id='par_1_3' title="bbox 69 933 1645 1310">
     <span class='ocr_line' id='line_1_11' title="bbox 165 933 1645 981; baseline -0.001 -9"><span class='ocrx_word' id='word_1_84' title='bbox 165 933 213 972; x_wconf 76' lang='lat' dir='ltr'>N.-</span> <span class='ocrx_word' id='word_1_85' title='bbox 227 933 300 971; x_wconf 83' lang='lat' dir='ltr'>Dei</span> <span class='ocrx_word' id='word_1_86' title='bbox 322 934 444 980; x_wconf 78' lang='lat' dir='ltr'>gratia</span> <span class='ocrx_word' id='word_1_87' title='bbox 458 934 707 971; x_wconf 87' lang='lat' dir='ltr'>Romanorum</span> <span class='ocrx_word' id='word_1_88' title='bbox 730 934 930 980; x_wconf 88' lang='lat' dir='ltr'>imperator</span> <span class='ocrx_word' id='word_1_89' title='bbox 954 937 1134 980; x_wconf 86' lang='lat' dir='ltr'>augustus</span> <span class='ocrx_word' id='word_1_90' title='bbox 1151 933 1192 970; x_wconf 94' lang='lat' dir='ltr'>O.</span> <span class='ocrx_word' id='word_1_91' title='bbox 1211 934 1385 981; x_wconf 89' lang='lat' dir='ltr'>episcopo</span> <span class='ocrx_word' id='word_1_92' title='bbox 1409 935 1567 981; x_wconf 83' lang='lat' dir='ltr'>gratiam</span> <span class='ocrx_word' id='word_1_93' title='bbox 1592 935 1645 972; x_wconf 88' lang='lat' dir='ltr'>di-</span> 
     </span>
     <span class='ocr_line' id='line_1_12' title="bbox 70 998 1644 1039; baseline 0.001 -2"><span class='ocrx_word' id='word_1_94' title='bbox 70 999 266 1039; x_wconf 80' lang='lat' dir='ltr'>lectionem</span> <span class='ocrx_word' id='word_1_95' title='bbox 289 1002 329 1036; x_wconf 82' lang='lat' dir='ltr'>et</span> <span class='ocrx_word' id='word_1_96' title='bbox 351 1009 460 1036; x_wconf 88' lang='lat' dir='ltr'>omne</span> <span class='ocrx_word' id='word_1_97' title='bbox 482 998 632 1037; x_wconf 91' lang='lat' dir='ltr'>bonum.</span> <span class='ocrx_word' id='word_1_98' title='bbox 728 1000 887 1036; x_wconf 89' lang='lat' dir='ltr'>Domino</span> <span class='ocrx_word' id='word_1_99' title='bbox 912 1010 980 1037; x_wconf 87' lang='lat' dir='ltr'>suo</span> <span class='ocrx_word' id='word_1_100' title='bbox 1005 1002 1044 1036; x_wconf 91' lang='lat' dir='ltr'>et</span> <span class='ocrx_word' id='word_1_101' title='bbox 1067 1010 1154 1037; x_wconf 86' lang='lat' dir='ltr'>vere</span> <span class='ocrx_word' id='word_1_102' title='bbox 1179 999 1418 1036; x_wconf 83' lang='lat' dir='ltr'>dilectissimo</span> <span class='ocrx_word' id='word_1_103' title='bbox 1437 1000 1492 1038; x_wconf 90' lang='lat' dir='ltr'>.N.</span> <span class='ocrx_word' id='word_1_104' title='bbox 1511 1000 1644 1038; x_wconf 86' lang='lat' dir='ltr'>Roma-</span> 
     </span>
     <span class='ocr_line' id='line_1_13' title="bbox 70 1065 1642 1112; baseline -0.001 -8"><span class='ocrx_word' id='word_1_105' title='bbox 70 1075 200 1104; x_wconf 83' lang='lat' dir='ltr'>norum</span> <span class='ocrx_word' id='word_1_106' title='bbox 222 1065 446 1112; x_wconf 66' lang='lat' dir='ltr'>imperatori</span> <span class='ocrx_word' id='word_1_107' title='bbox 459 1069 618 1112; x_wconf 73' lang='lat' dir='ltr'>augusto</span> <span class='ocrx_word' id='word_1_108' title='bbox 642 1066 692 1102; x_wconf 91' lang='lat' dir='ltr'>ill.</span> <span class='ocrx_word' id='word_1_109' title='bbox 716 1066 893 1102; x_wconf 86' lang='lat' dir='ltr'>ecclesiae</span> <span class='ocrx_word' id='word_1_110' title='bbox 917 1065 1072 1102; x_wconf 80' lang='lat' dir='ltr'>humiles</span> <span class='ocrx_word' id='word_1_111' title='bbox 1096 1066 1195 1102; x_wconf 86' lang='lat' dir='ltr'>servi</span> <span class='ocrx_word' id='word_1_112' title='bbox 1226 1076 1309 1102; x_wconf 88' lang='lat' dir='ltr'>cum</span> <span class='ocrx_word' id='word_1_113' title='bbox 1333 1066 1515 1103; x_wconf 89' lang='lat' dir='ltr'>universis</span> <span class='ocrx_word' id='word_1_114' title='bbox 1540 1066 1642 1103; x_wconf 90' lang='lat' dir='ltr'>mini·</span> 
     </span>
     <span class='ocr_line' id='line_1_14' title="bbox 70 1129 1645 1178; baseline -0.001 -8"><span class='ocrx_word' id='word_1_115' title='bbox 70 1131 156 1170; x_wconf 70' lang='lat' dir='ltr'>stris</span> <span class='ocrx_word' id='word_1_116' title='bbox 180 1141 225 1170; x_wconf 82' lang='lat' dir='ltr'>ac</span> <span class='ocrx_word' id='word_1_117' title='bbox 244 1129 391 1169; x_wconf 76' lang='lat' dir='ltr'>civibus</span> <span class='ocrx_word' id='word_1_118' title='bbox 420 1130 511 1168; x_wconf 86' lang='lat' dir='ltr'>inibi</span> <span class='ocrx_word' id='word_1_119' title='bbox 543 1130 793 1178; x_wconf 86' lang='lat' dir='ltr'>manentibus,</span> <span class='ocrx_word' id='word_1_120' title='bbox 829 1131 1007 1178; x_wconf 88' lang='lat' dir='ltr'>quidquid</span> <span class='ocrx_word' id='word_1_121' title='bbox 1031 1130 1149 1168; x_wconf 89' lang='lat' dir='ltr'>fidelis</span> <span class='ocrx_word' id='word_1_122' title='bbox 1174 1131 1290 1168; x_wconf 91' lang='lat' dir='ltr'>oratio</span> <span class='ocrx_word' id='word_1_123' title='bbox 1315 1132 1416 1168; x_wconf 85' lang='lat' dir='ltr'>valet</span> <span class='ocrx_word' id='word_1_124' title='bbox 1440 1142 1484 1168; x_wconf 90' lang='lat' dir='ltr'>ac</span> <span class='ocrx_word' id='word_1_125' title='bbox 1508 1131 1645 1168; x_wconf 87' lang='lat' dir='ltr'>devota</span> 
     </span>
     <span class='ocr_line' id='line_1_15' title="bbox 70 1187 1643 1244; baseline -0.001 -8"><span class='ocrx_word' id='word_1_126' title='bbox 70 1197 240 1238; x_wconf 68' lang='lat' dir='ltr'>servitus.</span> <span class='ocrx_word' id='word_1_127' title='bbox 299 1213 302 1219; x_wconf 87' lang='lat'><strong>·</strong></span> <span class='ocrx_word' id='word_1_128' title='bbox 334 1196 379 1235; x_wconf 87' lang='lat' dir='ltr'>N.</span> <span class='ocrx_word' id='word_1_129' title='bbox 403 1197 651 1234; x_wconf 80' lang='lat' dir='ltr'>Romanorum</span> <span class='ocrx_word' id='word_1_130' title='bbox 675 1197 873 1244; x_wconf 86' lang='lat' dir='ltr'>imperator</span> <span class='ocrx_word' id='word_1_131' title='bbox 900 1200 1080 1244; x_wconf 82' lang='lat' dir='ltr'>augustus</span> <span class='ocrx_word' id='word_1_132' title='bbox 1106 1197 1162 1234; x_wconf 89' lang='lat' dir='ltr'>.N.</span> <span class='ocrx_word' id='word_1_133' title='bbox 1189 1197 1267 1243; x_wconf 87' lang='lat' dir='ltr'>regi</span> <span class='ocrx_word' id='word_1_134' title='bbox 1290 1187 1516 1234; x_wconf 85' lang='lat' dir='ltr'>Francorum</span> <span class='ocrx_word' id='word_1_135' title='bbox 1542 1207 1643 1234; x_wconf 91' lang='lat' dir='ltr'>coro-</span> 
     </span>
     <span class='ocr_line' id='line_1_16' title="bbox 69 1261 1186 1310; baseline -0.002 -9"><span class='ocrx_word' id='word_1_136' title='bbox 69 1274 156 1302; x_wconf 74' lang='lat' dir='ltr'>nam</span> <span class='ocrx_word' id='word_1_137' title='bbox 178 1261 266 1301; x_wconf 78' lang='lat' dir='ltr'>fidoi</span> <span class='ocrx_word' id='word_1_138' title='bbox 290 1266 331 1300; x_wconf 87' lang='lat' dir='ltr'>et</span> <span class='ocrx_word' id='word_1_139' title='bbox 350 1263 634 1310; x_wconf 81' lang='lat' dir='ltr'>propinquitatis</span> <span class='ocrx_word' id='word_1_140' title='bbox 658 1263 905 1300; x_wconf 86' lang='lat' dir='ltr'>inviolabilem</span> <span class='ocrx_word' id='word_1_141' title='bbox 930 1263 1186 1300; x_wconf 80' lang='lat' dir='ltr'>constantiam.</span> 
     </span>
    </p>

    <p class='ocr_par' dir='ltr' id='par_1_4' title="bbox 69 1327 1646 2102">
     <span class='ocr_line' id='line_1_17' title="bbox 164 1327 1645 1376; baseline -0.002 -9"><span class='ocrx_word' id='word_1_142' title='bbox 164 1327 429 1366; x_wconf 73' lang='lat' dir='ltr'>Sacrosanctae</span> <span class='ocrx_word' id='word_1_143' title='bbox 453 1329 502 1365; x_wconf 92' lang='lat' dir='ltr'>ill.</span> <span class='ocrx_word' id='word_1_144' title='bbox 520 1329 674 1365; x_wconf 87' lang='lat' dir='ltr'>ecclesie</span> <span class='ocrx_word' id='word_1_145' title='bbox 698 1327 964 1376; x_wconf 89' lang='lat' dir='ltr'>archipontifici</span> <span class='ocrx_word' id='word_1_146' title='bbox 982 1329 1037 1366; x_wconf 92' lang='lat' dir='ltr'>.N.</span> <span class='ocrx_word' id='word_1_147' title='bbox 1058 1328 1245 1375; x_wconf 81' lang='lat' dir='ltr'>primevae</span> <span class='ocrx_word' id='word_1_148' title='bbox 1270 1327 1383 1364; x_wconf 90' lang='lat' dir='ltr'>indoli</span> <span class='ocrx_word' id='word_1_149' title='bbox 1397 1328 1575 1365; x_wconf 84' lang='lat' dir='ltr'>virtutum</span> <span class='ocrx_word' id='word_1_150' title='bbox 1601 1339 1645 1365; x_wconf 89' lang='lat' dir='ltr'>ac</span> 
     </span>
     <span class='ocr_line' id='line_1_18' title="bbox 70 1386 1645 1442; baseline -0.002 -10"><span class='ocrx_word' id='word_1_151' title='bbox 70 1395 292 1442; x_wconf 77' lang='lat' dir='ltr'>dignitatum</span> <span class='ocrx_word' id='word_1_152' title='bbox 316 1395 547 1432; x_wconf 73' lang='lat' dir='ltr'>assecutione</span> <span class='ocrx_word' id='word_1_153' title='bbox 570 1386 809 1441; x_wconf 83' lang='lat' dir='ltr'>respondenti</span> <span class='ocrx_word' id='word_1_154' title='bbox 833 1395 889 1431; x_wconf 91' lang='lat' dir='ltr'>.N.</span> <span class='ocrx_word' id='word_1_155' title='bbox 914 1395 1147 1441; x_wconf 86' lang='lat' dir='ltr'>praepositus</span> <span class='ocrx_word' id='word_1_156' title='bbox 1180 1404 1263 1430; x_wconf 85' lang='lat' dir='ltr'>cum</span> <span class='ocrx_word' id='word_1_157' title='bbox 1292 1396 1371 1430; x_wconf 89' lang='lat' dir='ltr'>toto</span> <span class='ocrx_word' id='word_1_158' title='bbox 1395 1392 1548 1430; x_wconf 86' lang='lat' dir='ltr'>fratrum</span> <span class='ocrx_word' id='word_1_159' title='bbox 1574 1394 1645 1430; x_wconf 89' lang='lat' dir='ltr'>col-</span> 
     </span>
     <span class='ocr_line' id='line_1_19' title="bbox 69 1459 1646 1508; baseline -0.002 -9"><span class='ocrx_word' id='word_1_160' title='bbox 69 1461 168 1508; x_wconf 69' lang='lat' dir='ltr'>legio</span> <span class='ocrx_word' id='word_1_161' title='bbox 197 1460 457 1508; x_wconf 62' lang='lat' dir='ltr'>inpensissimis</span> <span class='ocrx_word' id='word_1_162' title='bbox 491 1460 681 1506; x_wconf 89' lang='lat' dir='ltr'>utriusque</span> <span class='ocrx_word' id='word_1_163' title='bbox 719 1459 876 1497; x_wconf 90' lang='lat' dir='ltr'>hominis</span> <span class='ocrx_word' id='word_1_164' title='bbox 907 1459 1094 1506; x_wconf 88' lang='lat' dir='ltr'>obsequia.</span> <span class='ocrx_word' id='word_1_165' title='bbox 1203 1459 1361 1496; x_wconf 79' lang='lat' dir='ltr'>Sanctae</span> <span class='ocrx_word' id='word_1_166' title='bbox 1393 1459 1442 1495; x_wconf 91' lang='lat' dir='ltr'>ill.</span> <span class='ocrx_word' id='word_1_167' title='bbox 1468 1459 1646 1496; x_wconf 88' lang='lat' dir='ltr'>ecclesiae</span> 
     </span>
     <span class='ocr_line' id='line_1_20' title="bbox 69 1525 1645 1574; baseline -0.001 -10"><span class='ocrx_word' id='word_1_168' title='bbox 69 1526 233 1574; x_wconf 68' lang='lat' dir='ltr'>praesuli</span> <span class='ocrx_word' id='word_1_169' title='bbox 252 1525 298 1564; x_wconf 68' lang='lat' dir='ltr'>R.</span> <span class='ocrx_word' id='word_1_170' title='bbox 323 1525 543 1564; x_wconf 87' lang='lat' dir='ltr'>solidissime</span> <span class='ocrx_word' id='word_1_171' title='bbox 573 1526 611 1563; x_wconf 89' lang='lat' dir='ltr'>in</span> <span class='ocrx_word' id='word_1_172' title='bbox 637 1526 746 1563; x_wconf 87' lang='lat' dir='ltr'>domo</span> <span class='ocrx_word' id='word_1_173' title='bbox 771 1526 919 1563; x_wconf 90' lang='lat' dir='ltr'>Domini</span> <span class='ocrx_word' id='word_1_174' title='bbox 943 1526 1136 1573; x_wconf 82' lang='lat' dir='ltr'>columpne</span> <span class='ocrx_word' id='word_1_175' title='bbox 1161 1525 1205 1563; x_wconf 88' lang='lat' dir='ltr'>N.</span> <span class='ocrx_word' id='word_1_176' title='bbox 1230 1525 1481 1572; x_wconf 87' lang='lat' dir='ltr'>praepositus,</span> <span class='ocrx_word' id='word_1_177' title='bbox 1514 1525 1558 1562; x_wconf 89' lang='lat' dir='ltr'>N.</span> <span class='ocrx_word' id='word_1_178' title='bbox 1582 1525 1645 1562; x_wconf 90' lang='lat' dir='ltr'>de-</span> 
     </span>
     <span class='ocr_line' id='line_1_21' title="bbox 71 1590 1645 1638; baseline -0.003 -7"><span class='ocrx_word' id='word_1_179' title='bbox 71 1600 187 1631; x_wconf 74' lang='lat' dir='ltr'>canus</span> <span class='ocrx_word' id='word_1_180' title='bbox 209 1602 297 1631; x_wconf 84' lang='lat' dir='ltr'>cum</span> <span class='ocrx_word' id='word_1_181' title='bbox 317 1592 491 1629; x_wconf 81' lang='lat' dir='ltr'>universo</span> <span class='ocrx_word' id='word_1_182' title='bbox 514 1591 668 1629; x_wconf 82' lang='lat' dir='ltr'>fratrum</span> <span class='ocrx_word' id='word_1_183' title='bbox 686 1592 839 1638; x_wconf 84' lang='lat' dir='ltr'>collegio</span> <span class='ocrx_word' id='word_1_184' title='bbox 860 1602 934 1628; x_wconf 92' lang='lat' dir='ltr'>non</span> <span class='ocrx_word' id='word_1_185' title='bbox 958 1592 1036 1628; x_wconf 90' lang='lat' dir='ltr'>sine</span> <span class='ocrx_word' id='word_1_186' title='bbox 1061 1591 1266 1638; x_wconf 87' lang='lat' dir='ltr'>frequentia</span> <span class='ocrx_word' id='word_1_187' title='bbox 1290 1600 1441 1637; x_wconf 91' lang='lat' dir='ltr'>precum</span> <span class='ocrx_word' id='word_1_188' title='bbox 1467 1601 1558 1627; x_wconf 91' lang='lat' dir='ltr'>suae</span> <span class='ocrx_word' id='word_1_189' title='bbox 1582 1590 1645 1627; x_wconf 89' lang='lat' dir='ltr'>de-</span> 
     </span>
     <span class='ocr_line' id='line_1_22' title="bbox 69 1656 1644 1704; baseline -0.003 -7"><span class='ocrx_word' id='word_1_190' title='bbox 69 1658 234 1699; x_wconf 65' lang='lat' dir='ltr'>votionis,</span> <span class='ocrx_word' id='word_1_191' title='bbox 252 1657 481 1704; x_wconf 80' lang='lat' dir='ltr'>obsequium.</span> <span class='ocrx_word' id='word_1_192' title='bbox 521 1694 523 1696; x_wconf 73' lang='grc'><strong>,</strong></span> <span class='ocrx_word' id='word_1_193' title='bbox 580 1657 729 1694; x_wconf 89' lang='lat' dir='ltr'>Summe</span> <span class='ocrx_word' id='word_1_194' title='bbox 752 1658 1000 1695; x_wconf 88' lang='lat' dir='ltr'>venerationis</span> <span class='ocrx_word' id='word_1_195' title='bbox 1024 1658 1201 1704; x_wconf 87' lang='lat' dir='ltr'>magistro</span> <span class='ocrx_word' id='word_1_196' title='bbox 1225 1657 1269 1694; x_wconf 90' lang='lat' dir='ltr'>N.</span> <span class='ocrx_word' id='word_1_197' title='bbox 1287 1656 1449 1693; x_wconf 88' lang='lat' dir='ltr'>sollertia</span> <span class='ocrx_word' id='word_1_198' title='bbox 1467 1656 1644 1693; x_wconf 88' lang='lat' dir='ltr'>virtutum</span> 
     </span>
     <span class='ocr_line' id='line_1_23' title="bbox 71 1721 1644 1771; baseline -0.003 -9"><span class='ocrx_word' id='word_1_199' title='bbox 71 1723 120 1762; x_wconf 78' lang='lat' dir='ltr'>ad</span> <span class='ocrx_word' id='word_1_200' title='bbox 149 1732 313 1771; x_wconf 73' lang='lat' dir='ltr'>unguem</span> <span class='ocrx_word' id='word_1_201' title='bbox 343 1723 471 1761; x_wconf 79' lang='lat' dir='ltr'>limato</span> <span class='ocrx_word' id='word_1_202' title='bbox 496 1724 541 1761; x_wconf 91' lang='lat' dir='ltr'>N.</span> <span class='ocrx_word' id='word_1_203' title='bbox 565 1724 797 1771; x_wconf 85' lang='lat' dir='ltr'>praepositus</span> <span class='ocrx_word' id='word_1_204' title='bbox 822 1723 869 1760; x_wconf 88' lang='lat' dir='ltr'>A.</span> <span class='ocrx_word' id='word_1_205' title='bbox 893 1723 1056 1760; x_wconf 89' lang='lat' dir='ltr'>decanus</span> <span class='ocrx_word' id='word_1_206' title='bbox 1089 1733 1172 1759; x_wconf 91' lang='lat' dir='ltr'>cum</span> <span class='ocrx_word' id='word_1_207' title='bbox 1203 1726 1282 1759; x_wconf 87' lang='lat' dir='ltr'>toto</span> <span class='ocrx_word' id='word_1_208' title='bbox 1312 1721 1466 1759; x_wconf 87' lang='lat' dir='ltr'>fratrum</span> <span class='ocrx_word' id='word_1_209' title='bbox 1491 1722 1644 1768; x_wconf 87' lang='lat' dir='ltr'>collegio</span> 
     </span>
     <span class='ocr_line' id='line_1_24' title="bbox 70 1787 1645 1834; baseline -0.003 -6"><span class='ocrx_word' id='word_1_210' title='bbox 70 1787 357 1829; x_wconf 56' lang='lat' dir='ltr'>solidissimum*</span> <span class='ocrx_word' id='word_1_211' title='bbox 372 1788 556 1826; x_wconf 81' lang='lat' dir='ltr'>fraternae</span> <span class='ocrx_word' id='word_1_212' title='bbox 581 1789 787 1826; x_wconf 84' lang='lat' dir='ltr'>dilectionis</span> <span class='ocrx_word' id='word_1_213' title='bbox 802 1790 1001 1827; x_wconf 87' lang='lat' dir='ltr'>vinculum.</span> <span class='ocrx_word' id='word_1_214' title='bbox 1097 1789 1142 1825; x_wconf 87' lang='lat' dir='ltr'>N.</span> <span class='ocrx_word' id='word_1_215' title='bbox 1159 1788 1231 1825; x_wconf 89' lang='lat' dir='ltr'>Dei</span> <span class='ocrx_word' id='word_1_216' title='bbox 1254 1788 1376 1834; x_wconf 89' lang='lat' dir='ltr'>gratia</span> <span class='ocrx_word' id='word_1_217' title='bbox 1398 1788 1448 1824; x_wconf 91' lang='lat' dir='ltr'>ill.</span> <span class='ocrx_word' id='word_1_218' title='bbox 1467 1787 1645 1824; x_wconf 86' lang='lat' dir='ltr'>ecclesiae</span> 
     </span>
     <span class='ocr_line' id='line_1_25' title="bbox 70 1854 1645 1904; baseline -0.003 -10"><span class='ocrx_word' id='word_1_219' title='bbox 70 1856 266 1904; x_wconf 75' lang='lat' dir='ltr'>episcopus</span> <span class='ocrx_word' id='word_1_220' title='bbox 293 1856 339 1893; x_wconf 89' lang='lat' dir='ltr'>N.</span> <span class='ocrx_word' id='word_1_221' title='bbox 362 1856 596 1902; x_wconf 85' lang='lat' dir='ltr'>praepositus</span> <span class='ocrx_word' id='word_1_222' title='bbox 626 1855 670 1893; x_wconf 92' lang='lat' dir='ltr'>N.</span> <span class='ocrx_word' id='word_1_223' title='bbox 696 1855 858 1892; x_wconf 85' lang='lat' dir='ltr'>decanus</span> <span class='ocrx_word' id='word_1_224' title='bbox 889 1865 972 1892; x_wconf 88' lang='lat' dir='ltr'>cum</span> <span class='ocrx_word' id='word_1_225' title='bbox 1007 1855 1179 1891; x_wconf 89' lang='lat' dir='ltr'>universa</span> <span class='ocrx_word' id='word_1_226' title='bbox 1209 1854 1496 1900; x_wconf 85' lang='lat' dir='ltr'>congregatione</span> <span class='ocrx_word' id='word_1_227' title='bbox 1527 1854 1645 1890; x_wconf 86' lang='lat' dir='ltr'>sancti</span> 
     </span>
     <span class='ocr_line' id='line_1_26' title="bbox 71 1919 1644 1968; baseline -0.003 -8"><span class='ocrx_word' id='word_1_228' title='bbox 71 1921 195 1960; x_wconf 67' lang='lat' dir='ltr'>Goon-li</span> <span class='ocrx_word' id='word_1_229' title='bbox 217 1921 263 1965; x_wconf 84' lang='lat' dir='ltr'>N.</span> <span class='ocrx_word' id='word_1_230' title='bbox 288 1921 481 1958; x_wconf 85' lang='lat' dir='ltr'>scolastice</span> <span class='ocrx_word' id='word_1_231' title='bbox 502 1920 693 1967; x_wconf 86' lang='lat' dir='ltr'>discipline</span> <span class='ocrx_word' id='word_1_232' title='bbox 718 1921 797 1958; x_wconf 90' lang='lat' dir='ltr'>viro</span> <span class='ocrx_word' id='word_1_233' title='bbox 828 1923 1003 1968; x_wconf 88' lang='lat' dir='ltr'>paternae</span> <span class='ocrx_word' id='word_1_234' title='bbox 1034 1919 1266 1966; x_wconf 87' lang='lat' dir='ltr'>fraterneque</span> <span class='ocrx_word' id='word_1_235' title='bbox 1297 1919 1503 1956; x_wconf 82' lang='lat' dir='ltr'>dilectionis</span> <span class='ocrx_word' id='word_1_236' title='bbox 1534 1919 1644 1956; x_wconf 86' lang='lat' dir='ltr'>affec·</span> 
     </span>
     <span class='ocr_line' id='line_1_27' title="bbox 69 1985 1644 2032; baseline -0.003 -7"><span class='ocrx_word' id='word_1_237' title='bbox 69 1990 162 2025; x_wconf 83' lang='lat' dir='ltr'>tum.</span> <span class='ocrx_word' id='word_1_238' title='bbox 257 1987 417 2024; x_wconf 90' lang='lat' dir='ltr'>Domino</span> <span class='ocrx_word' id='word_1_239' title='bbox 441 1997 510 2023; x_wconf 89' lang='lat' dir='ltr'>suo</span> <span class='ocrx_word' id='word_1_240' title='bbox 536 1987 585 2023; x_wconf 90' lang='lat' dir='ltr'>ill.</span> <span class='ocrx_word' id='word_1_241' title='bbox 612 1986 790 2023; x_wconf 87' lang='lat' dir='ltr'>ecclesiae</span> <span class='ocrx_word' id='word_1_242' title='bbox 815 1986 1088 2032; x_wconf 84' lang='lat' dir='ltr'>archiepiscopo</span> <span class='ocrx_word' id='word_1_243' title='bbox 1114 1986 1157 2023; x_wconf 89' lang='lat' dir='ltr'>N.</span> <span class='ocrx_word' id='word_1_244' title='bbox 1184 1985 1282 2022; x_wconf 89' lang='lat' dir='ltr'>mille</span> <span class='ocrx_word' id='word_1_245' title='bbox 1307 1985 1404 2022; x_wconf 89' lang='lat' dir='ltr'>votis</span> <span class='ocrx_word' id='word_1_246' title='bbox 1429 1987 1644 2031; x_wconf 83' lang='lat' dir='ltr'>exoptatum</span> 
     </span>
     <span class='ocr_line' id='line_1_28' title="bbox 70 2051 970 2102; baseline -0.002 -12"><span class='ocrx_word' id='word_1_247' title='bbox 70 2052 276 2102; x_wconf 83' lang='lat' dir='ltr'>praesentis</span> <span class='ocrx_word' id='word_1_248' title='bbox 298 2055 338 2090; x_wconf 87' lang='lat' dir='ltr'>et</span> <span class='ocrx_word' id='word_1_249' title='bbox 361 2051 506 2090; x_wconf 85' lang='lat' dir='ltr'>futurae</span> <span class='ocrx_word' id='word_1_250' title='bbox 530 2052 628 2090; x_wconf 84' lang='lat' dir='ltr'>vitae</span> <span class='ocrx_word' id='word_1_251' title='bbox 653 2051 795 2089; x_wconf 86' lang='lat' dir='ltr'>felicem</span> <span class='ocrx_word' id='word_1_252' title='bbox 820 2054 970 2089; x_wconf 86' lang='lat' dir='ltr'>statum.</span> 
     </span>
    </p>

    <p class='ocr_par' dir='ltr' id='par_1_5' title="bbox 70 2115 1646 2814">
     <span class='ocr_line' id='line_1_29' title="bbox 164 2115 1644 2164; baseline -0.003 -8"><span class='ocrx_word' id='word_1_253' title='bbox 164 2119 352 2156; x_wconf 84' lang='lat' dir='ltr'>Romanae</span> <span class='ocrx_word' id='word_1_254' title='bbox 377 2118 478 2156; x_wconf 84' lang='lat' dir='ltr'>sedis</span> <span class='ocrx_word' id='word_1_255' title='bbox 494 2118 710 2164; x_wconf 86' lang='lat' dir='ltr'>dignissimo</span> <span class='ocrx_word' id='word_1_256' title='bbox 727 2118 903 2154; x_wconf 89' lang='lat' dir='ltr'>cardinali</span> <span class='ocrx_word' id='word_1_257' title='bbox 918 2117 962 2154; x_wconf 92' lang='lat' dir='ltr'><strong>N.</strong></span> <span class='ocrx_word' id='word_1_258' title='bbox 981 2116 1051 2153; x_wconf 89' lang='lat' dir='ltr'>Dei</span> <span class='ocrx_word' id='word_1_259' title='bbox 1071 2116 1191 2163; x_wconf 85' lang='lat' dir='ltr'>gratia</span> <span class='ocrx_word' id='word_1_260' title='bbox 1207 2115 1528 2162; x_wconf 85' lang='lat' dir='ltr'>Babenbergensis</span> <span class='ocrx_word' id='word_1_261' title='bbox 1552 2115 1644 2152; x_wconf 89' lang='lat' dir='ltr'>elec-</span> 
     </span>
     <span class='ocr_line' id='line_1_30' title="bbox 70 2180 1646 2231; baseline -0.004 -8"><span class='ocrx_word' id='word_1_262' title='bbox 70 2188 132 2223; x_wconf 84' lang='lat' dir='ltr'>tus</span> <span class='ocrx_word' id='word_1_263' title='bbox 162 2184 353 2231; x_wconf 82' lang='lat' dir='ltr'>utriusque</span> <span class='ocrx_word' id='word_1_264' title='bbox 383 2183 541 2221; x_wconf 86' lang='lat' dir='ltr'>hominis</span> <span class='ocrx_word' id='word_1_265' title='bbox 572 2184 831 2221; x_wconf 86' lang='lat' dir='ltr'>devotissimos</span> <span class='ocrx_word' id='word_1_266' title='bbox 863 2186 1029 2220; x_wconf 90' lang='lat' dir='ltr'>conatus.</span> <span class='ocrx_word' id='word_1_267' title='bbox 1126 2182 1170 2219; x_wconf 93' lang='lat' dir='ltr'><strong>N.</strong></span> <span class='ocrx_word' id='word_1_268' title='bbox 1195 2181 1266 2218; x_wconf 89' lang='lat' dir='ltr'>Dei</span> <span class='ocrx_word' id='word_1_269' title='bbox 1296 2181 1416 2228; x_wconf 88' lang='lat' dir='ltr'>gratia</span> <span class='ocrx_word' id='word_1_270' title='bbox 1444 2180 1646 2217; x_wconf 91' lang='lat' dir='ltr'>venerabili</span> 
     </span>
     <span class='ocr_line' id='line_1_31' title="bbox 71 2246 1645 2299; baseline -0.004 -11"><span class='ocrx_word' id='word_1_271' title='bbox 71 2252 257 2299; x_wconf 77' lang='lat' dir='ltr'>episcopo,</span> <span class='ocrx_word' id='word_1_272' title='bbox 282 2249 430 2288; x_wconf 90' lang='lat' dir='ltr'>domino</span> <span class='ocrx_word' id='word_1_273' title='bbox 446 2252 485 2286; x_wconf 86' lang='lat' dir='ltr'>et</span> <span class='ocrx_word' id='word_1_274' title='bbox 504 2249 599 2296; x_wconf 87' lang='lat' dir='ltr'>patri</span> <span class='ocrx_word' id='word_1_275' title='bbox 615 2260 684 2286; x_wconf 90' lang='lat' dir='ltr'>suo</span> <span class='ocrx_word' id='word_1_276' title='bbox 701 2249 948 2295; x_wconf 86' lang='lat' dir='ltr'>dilectissimo,</span> <span class='ocrx_word' id='word_1_277' title='bbox 973 2248 1017 2285; x_wconf 93' lang='lat' dir='ltr'><strong>N.</strong></span> <span class='ocrx_word' id='word_1_278' title='bbox 1034 2258 1131 2284; x_wconf 90' lang='lat' dir='ltr'>nunc</span> <span class='ocrx_word' id='word_1_279' title='bbox 1147 2257 1264 2293; x_wconf 91' lang='lat' dir='ltr'>usque</span> <span class='ocrx_word' id='word_1_280' title='bbox 1281 2246 1530 2292; x_wconf 83' lang='lat' dir='ltr'>cancellarius,</span> <span class='ocrx_word' id='word_1_281' title='bbox 1548 2256 1645 2282; x_wconf 86' lang='lat' dir='ltr'>nunc</span> 
     </span>
     <span class='ocr_line' id='line_1_32' title="bbox 72 2312 1645 2362; baseline -0.004 -9"><span class='ocrx_word' id='word_1_282' title='bbox 72 2320 197 2354; x_wconf 83' lang='lat' dir='ltr'>autem</span> <span class='ocrx_word' id='word_1_283' title='bbox 220 2316 271 2353; x_wconf 89' lang='lat' dir='ltr'>ill.</span> <span class='ocrx_word' id='word_1_284' title='bbox 296 2315 395 2352; x_wconf 85' lang='lat' dir='ltr'>sedis</span> <span class='ocrx_word' id='word_1_285' title='bbox 419 2316 569 2362; x_wconf 88' lang='lat' dir='ltr'>electus,</span> <span class='ocrx_word' id='word_1_286' title='bbox 599 2315 776 2362; x_wconf 87' lang='lat' dir='ltr'>quidquid</span> <span class='ocrx_word' id='word_1_287' title='bbox 801 2315 839 2352; x_wconf 91' lang='lat' dir='ltr'>in</span> <span class='ocrx_word' id='word_1_288' title='bbox 864 2325 952 2352; x_wconf 88' lang='lat' dir='ltr'>vera</span> <span class='ocrx_word' id='word_1_289' title='bbox 976 2313 1170 2350; x_wconf 85' lang='lat' dir='ltr'>dilectione</span> <span class='ocrx_word' id='word_1_290' title='bbox 1195 2312 1292 2358; x_wconf 87' lang='lat' dir='ltr'>patri</span> <span class='ocrx_word' id='word_1_291' title='bbox 1315 2322 1413 2348; x_wconf 86' lang='lat' dir='ltr'>nune</span> <span class='ocrx_word' id='word_1_292' title='bbox 1430 2315 1476 2347; x_wconf 77' lang='lat' dir='ltr'>et</span> <span class='ocrx_word' id='word_1_293' title='bbox 1499 2321 1645 2358; x_wconf 88' lang='lat' dir='ltr'>semper</span> 
     </span>
     <span class='ocr_line' id='line_1_33' title="bbox 72 2376 1643 2428; baseline -0.005 -8"><span class='ocrx_word' id='word_1_294' title='bbox 72 2381 228 2420; x_wconf 84' lang='lat' dir='ltr'>debetur</span> <span class='ocrx_word' id='word_1_295' title='bbox 251 2391 295 2418; x_wconf 87' lang='lat' dir='ltr'>ac</span> <span class='ocrx_word' id='word_1_296' title='bbox 319 2381 479 2418; x_wconf 84' lang='lat' dir='ltr'>domino.</span> <span class='ocrx_word' id='word_1_297' title='bbox 574 2381 765 2428; x_wconf 86' lang='lat' dir='ltr'>Preposito</span> <span class='ocrx_word' id='word_1_298' title='bbox 790 2380 1019 2426; x_wconf 89' lang='lat' dir='ltr'>dominisque</span> <span class='ocrx_word' id='word_1_299' title='bbox 1044 2390 1087 2415; x_wconf 89' lang='lat' dir='ltr'>ac</span> <span class='ocrx_word' id='word_1_300' title='bbox 1108 2377 1282 2414; x_wconf 86' lang='lat' dir='ltr'>fratribus</span> <span class='ocrx_word' id='word_1_301' title='bbox 1297 2376 1534 2423; x_wconf 89' lang='lat' dir='ltr'>Aquensibus</span> <span class='ocrx_word' id='word_1_302' title='bbox 1559 2386 1643 2413; x_wconf 90' lang='lat' dir='ltr'>con-</span> 
     </span>
     <span class='ocr_line' id='line_1_34' title="bbox 71 2442 1642 2495; baseline -0.005 -10"><span class='ocrx_word' id='word_1_303' title='bbox 71 2448 239 2495; x_wconf 78' lang='lat' dir='ltr'>gregatio</span> <span class='ocrx_word' id='word_1_304' title='bbox 263 2450 415 2484; x_wconf 82' lang='lat' dir='ltr'>sanctae</span> <span class='ocrx_word' id='word_1_305' title='bbox 434 2447 570 2483; x_wconf 83' lang='lat' dir='ltr'>Mariae</span> <span class='ocrx_word' id='word_1_306' title='bbox 595 2450 633 2483; x_wconf 91' lang='lat' dir='ltr'>et</span> <span class='ocrx_word' id='word_1_307' title='bbox 657 2446 775 2483; x_wconf 88' lang='lat' dir='ltr'>sancti</span> <span class='ocrx_word' id='word_1_308' title='bbox 799 2445 987 2482; x_wconf 88' lang='lat' dir='ltr'>Lamberti</span> <span class='ocrx_word' id='word_1_309' title='bbox 1011 2444 1191 2481; x_wconf 87' lang='lat' dir='ltr'>saniorem</span> <span class='ocrx_word' id='word_1_310' title='bbox 1217 2443 1385 2479; x_wconf 86' lang='lat' dir='ltr'>insistere</span> <span class='ocrx_word' id='word_1_311' title='bbox 1410 2442 1642 2479; x_wconf 88' lang='lat' dir='ltr'>sententiam.</span> 
     </span>
     <span class='ocr_line' id='line_1_35' title="bbox 72 2507 1644 2561; baseline -0.006 -9"><span class='ocrx_word' id='word_1_312' title='bbox 72 2514 118 2552; x_wconf 88' lang='lat' dir='ltr'><strong>N.</strong></span> <span class='ocrx_word' id='word_1_313' title='bbox 141 2513 339 2551; x_wconf 84' lang='lat' dir='ltr'>universali</span> <span class='ocrx_word' id='word_1_314' title='bbox 362 2513 632 2550; x_wconf 77' lang='lat' dir='ltr'>Romanorum⁰</span> <span class='ocrx_word' id='word_1_315' title='bbox 656 2511 819 2561; x_wconf 86' lang='lat' dir='ltr'>pontifici</span> <span class='ocrx_word' id='word_1_316' title='bbox 843 2511 891 2547; x_wconf 92' lang='lat' dir='ltr'>ill.</span> <span class='ocrx_word' id='word_1_317' title='bbox 917 2510 1095 2547; x_wconf 89' lang='lat' dir='ltr'>ecclesiae</span> <span class='ocrx_word' id='word_1_318' title='bbox 1120 2508 1250 2546; x_wconf 83' lang='lat' dir='ltr'>fratres</span> <span class='ocrx_word' id='word_1_319' title='bbox 1274 2507 1385 2544; x_wconf 89' lang='lat' dir='ltr'>fidem</span> <span class='ocrx_word' id='word_1_320' title='bbox 1410 2510 1448 2544; x_wconf 90' lang='lat' dir='ltr'>et</span> <span class='ocrx_word' id='word_1_321' title='bbox 1471 2507 1644 2544; x_wconf 89' lang='lat' dir='ltr'>obedien-</span> 
     </span>
     <span class='ocr_line' id='line_1_36' title="bbox 71 2574 1644 2620; baseline -0.004 -4"><span class='ocrx_word' id='word_1_322' title='bbox 71 2579 173 2616; x_wconf 85' lang='lat' dir='ltr'>tiam.</span> <span class='ocrx_word' id='word_1_323' title='bbox 270 2577 379 2615; x_wconf 86' lang='lat' dir='ltr'>Socio</span> <span class='ocrx_word' id='word_1_324' title='bbox 403 2588 471 2615; x_wconf 88' lang='lat' dir='ltr'>suo</span> <span class='ocrx_word' id='word_1_325' title='bbox 495 2581 533 2614; x_wconf 88' lang='lat' dir='ltr'>et</span> <span class='ocrx_word' id='word_1_326' title='bbox 556 2578 674 2615; x_wconf 89' lang='lat' dir='ltr'>amico</span> <span class='ocrx_word' id='word_1_327' title='bbox 699 2578 743 2614; x_wconf 90' lang='lat' dir='ltr'><strong>N.</strong></span> <span class='ocrx_word' id='word_1_328' title='bbox 765 2577 972 2614; x_wconf 84' lang='lat' dir='ltr'>Coloniensi</span> <span class='ocrx_word' id='word_1_329' title='bbox 997 2575 1275 2620; x_wconf 87' lang='lat' dir='ltr'>archimagistro</span> <span class='ocrx_word' id='word_1_330' title='bbox 1298 2574 1356 2619; x_wconf 88' lang='lat' dir='ltr'>N.,</span> <span class='ocrx_word' id='word_1_331' title='bbox 1381 2584 1471 2610; x_wconf 87' lang='lat' dir='ltr'>suus</span> <span class='ocrx_word' id='word_1_332' title='bbox 1496 2576 1534 2609; x_wconf 89' lang='lat' dir='ltr'>et</span> <span class='ocrx_word' id='word_1_333' title='bbox 1556 2582 1644 2609; x_wconf 90' lang='lat' dir='ltr'>vere</span> 
     </span>
     <span class='ocr_line' id='line_1_37' title="bbox 73 2639 1644 2690; baseline -0.004 -9"><span class='ocrx_word' id='word_1_334' title='bbox 73 2655 163 2682; x_wconf 84' lang='lat' dir='ltr'>suus</span> <span class='ocrx_word' id='word_1_335' title='bbox 186 2646 360 2690; x_wconf 78' lang='lat' dir='ltr'>totusque</span> <span class='ocrx_word' id='word_1_336' title='bbox 383 2654 490 2690; x_wconf 89' lang='lat' dir='ltr'>suus,</span> <span class='ocrx_word' id='word_1_337' title='bbox 521 2646 670 2680; x_wconf 85' lang='lat' dir='ltr'>sanctae</span> <span class='ocrx_word' id='word_1_338' title='bbox 699 2646 737 2680; x_wconf 90' lang='lat' dir='ltr'>et</span> <span class='ocrx_word' id='word_1_339' title='bbox 760 2653 871 2679; x_wconf 88' lang='lat' dir='ltr'>verae</span> <span class='ocrx_word' id='word_1_340' title='bbox 895 2641 981 2679; x_wconf 89' lang='lat' dir='ltr'>fidei</span> <span class='ocrx_word' id='word_1_341' title='bbox 1005 2640 1264 2677; x_wconf 86' lang='lat' dir='ltr'>sinceritatem.</span> <span class='ocrx_word' id='word_1_342' title='bbox 1360 2639 1405 2676; x_wconf 91' lang='lat' dir='ltr'><strong>N.</strong></span> <span class='ocrx_word' id='word_1_343' title='bbox 1430 2639 1502 2675; x_wconf 86' lang='lat' dir='ltr'>Dei</span> <span class='ocrx_word' id='word_1_344' title='bbox 1524 2639 1644 2684; x_wconf 85' lang='lat' dir='ltr'>gratia</span> 
     </span>
     <span class='ocr_line' id='line_1_38' title="bbox 74 2705 1642 2757; baseline -0.004 -10"><span class='ocrx_word' id='word_1_345' title='bbox 74 2711 247 2757; x_wconf 89' lang='lat' dir='ltr'>episcopo</span> <span class='ocrx_word' id='word_1_346' title='bbox 271 2719 339 2746; x_wconf 91' lang='lat' dir='ltr'>suo</span> <span class='ocrx_word' id='word_1_347' title='bbox 355 2709 488 2746; x_wconf 88' lang='lat' dir='ltr'>dilecto</span> <span class='ocrx_word' id='word_1_348' title='bbox 505 2709 548 2747; x_wconf 93' lang='lat' dir='ltr'><strong>N.</strong></span> <span class='ocrx_word' id='word_1_349' title='bbox 567 2709 806 2745; x_wconf 89' lang='lat' dir='ltr'>cancellarius</span> <span class='ocrx_word' id='word_1_350' title='bbox 829 2706 1119 2744; x_wconf 85' lang='lat' dir='ltr'>indissolubilem</span> <span class='ocrx_word' id='word_1_351' title='bbox 1138 2705 1368 2742; x_wconf 88' lang='lat' dir='ltr'>dilectionem</span> <span class='ocrx_word' id='word_1_352' title='bbox 1394 2708 1432 2741; x_wconf 88' lang='lat' dir='ltr'>et</span> <span class='ocrx_word' id='word_1_353' title='bbox 1455 2707 1642 2740; x_wconf 87' lang='lat' dir='ltr'>aeternam</span> 
     </span>
     <span class='ocr_line' id='line_1_39' title="bbox 73 2774 346 2814; baseline -0.007 -1"><span class='ocrx_word' id='word_1_354' title='bbox 73 2774 346 2814; x_wconf 87' lang='lat' dir='ltr'>iocunditatem.</span> 
     </span>
    </p>

    <p class='ocr_par' dir='ltr' id='par_1_6' title="bbox 74 2835 1644 2952">
     <span class='ocr_line' id='line_1_40' title="bbox 169 2835 1643 2886; baseline -0.003 -9"><span class='ocrx_word' id='word_1_355' title='bbox 169 2841 213 2878; x_wconf 87' lang='lat' dir='ltr'>N.</span> <span class='ocrx_word' id='word_1_356' title='bbox 238 2840 309 2877; x_wconf 91' lang='lat' dir='ltr'>Dei</span> <span class='ocrx_word' id='word_1_357' title='bbox 331 2840 452 2886; x_wconf 84' lang='lat' dir='ltr'>gratia</span> <span class='ocrx_word' id='word_1_358' title='bbox 474 2840 721 2876; x_wconf 87' lang='lat' dir='ltr'>Romanorum</span> <span class='ocrx_word' id='word_1_359' title='bbox 746 2839 943 2886; x_wconf 87' lang='lat' dir='ltr'>imperator</span> <span class='ocrx_word' id='word_1_360' title='bbox 966 2838 1148 2883; x_wconf 83' lang='lat' dir='ltr'>augustus</span> <span class='ocrx_word' id='word_1_361' title='bbox 1171 2836 1214 2874; x_wconf 90' lang='lat' dir='ltr'><strong>N.</strong></span> <span class='ocrx_word' id='word_1_362' title='bbox 1239 2835 1417 2872; x_wconf 87' lang='lat' dir='ltr'>ecclesiae</span> <span class='ocrx_word' id='word_1_363' title='bbox 1441 2835 1643 2882; x_wconf 87' lang='lat' dir='ltr'>capitaneis</span> 
     </span>
     <span class='ocr_line' id='line_1_41' title="bbox 74 2900 1644 2952; baseline -0.004 -9"><span class='ocrx_word' id='word_1_364' title='bbox 74 2907 173 2944; x_wconf 89' lang='lat' dir='ltr'>clero</span> <span class='ocrx_word' id='word_1_365' title='bbox 195 2908 234 2943; x_wconf 87' lang='lat' dir='ltr'>et</span> <span class='ocrx_word' id='word_1_366' title='bbox 257 2906 392 2952; x_wconf 86' lang='lat' dir='ltr'>populo</span> <span class='ocrx_word' id='word_1_367' title='bbox 416 2905 572 2952; x_wconf 85' lang='lat' dir='ltr'>gratiam</span> <span class='ocrx_word' id='word_1_368' title='bbox 597 2916 701 2942; x_wconf 84' lang='lat' dir='ltr'>suam</span> <span class='ocrx_word' id='word_1_369' title='bbox 727 2908 764 2941; x_wconf 86' lang='lat' dir='ltr'>et</span> <span class='ocrx_word' id='word_1_370' title='bbox 787 2914 894 2941; x_wconf 89' lang='lat' dir='ltr'>omne</span> <span class='ocrx_word' id='word_1_371' title='bbox 919 2903 1067 2939; x_wconf 89' lang='lat' dir='ltr'>bonum.</span> <span class='ocrx_word' id='word_1_372' title='bbox 1164 2900 1416 2939; x_wconf 78' lang='lat' dir='ltr'>confratribus</span> <span class='ocrx_word' id='word_1_373' title='bbox 1434 2903 1473 2937; x_wconf 87' lang='lat' dir='ltr'>et</span> <span class='ocrx_word' id='word_1_374' title='bbox 1487 2900 1644 2937; x_wconf 90' lang='lat' dir='ltr'>dominis</span> 
     </span>
    </p>
   </div>
   <div class='ocr_carea' id='block_1_3' title="bbox 169 3004 1133 3048">
    <p class='ocr_par' dir='ltr' id='par_1_7' title="bbox 169 3004 1133 3048">
     <span class='ocr_line' id='line_1_42' title="bbox 169 3004 1133 3048; baseline -0.005 -9"><span class='ocrx_word' id='word_1_375' title='bbox 169 3018 196 3039; x_wconf 85' lang='lat' dir='ltr'>a.</span> <span class='ocrx_word' id='word_1_376' title='bbox 228 3008 365 3048; x_wconf 83' lang='lat' dir='ltr'>pontifici</span> <span class='ocrx_word' id='word_1_377' title='bbox 386 3008 416 3039; x_wconf 91' lang='lat' dir='ltr'>V.</span> <span class='ocrx_word' id='word_1_378' title='bbox 541 3008 572 3038; x_wconf 92' lang='lat' dir='ltr'>b.</span> <span class='ocrx_word' id='word_1_379' title='bbox 604 3007 806 3038; x_wconf 85' lang='lat' dir='ltr'>solidissimae</span> <span class='ocrx_word' id='word_1_380' title='bbox 829 3007 859 3037; x_wconf 89' lang='lat' dir='ltr'>V.</span> <span class='ocrx_word' id='word_1_381' title='bbox 986 3014 1011 3035; x_wconf 91' lang='lat' dir='ltr'>c.</span> <span class='ocrx_word' id='word_1_382' title='bbox 1045 3004 1079 3034; x_wconf 82' lang='lat' dir='ltr'>R.</span> <span class='ocrx_word' id='word_1_383' title='bbox 1103 3004 1133 3034; x_wconf 90' lang='lat' dir='ltr'>V.</span> 
     </span>
    </p>
   </div>
  </div>
 </body>
</html>
