2028 3438
405 247 572 280 naonis
604 247 709 278 vrrA
740 246 951 278 orrorus.
1000 247 1086 277 nm.
1109 247 1143 277 11
1173 245 1287 278 9—11
1551 235 1638 277 633

0 360 12 446 ς
63 354 472 412 mqnenministfis
518 368 568 399 ac
606 354 892 399 sacerdotibus
930 353 1092 398 idoneis
1134 353 1402 397 committens
1441 353 1639 410 omnique
1665 363 1758 400 1124

0 446 13 524 f
64 431 530 486 mah2ncelcsiastico
562 432 786 488 diligenter
815 431 1054 476 instituens.

0 525 7 580 ζ
189 511 257 556 1..
301 509 390 555 Sed
409 523 676 567 nequaquam
699 509 872 554 silencio
905 509 1246 566 pretereundum,
1279 508 1486 565 quomodo
1509 509 1638 552 etiam

62 587 260 639 miraculi
290 588 562 632 attestatione
582 587 791 631 Dominus
821 585 987 630 fidelem
1016 600 1138 630 suum
1171 586 1428 644 operarium⁷
1459 586 1639 630 viriliter

0 657 7 690 f
62 668 144 724 {md
174 679 229 710 se>
251 665 560 722 agonizantem,
592 664 806 709 illustrare
828 664 1024 719 dignatus
1045 667 1123 720 est,
1155 664 1266 708 sicut
1285 677 1358 708 ore
1388 664 1637 721 prophetico

0 734 2 739 ’
59 743 329 802 perlimat:
363 743 626 801 Quicumque
653 743 952 800 qlorzfleaverit
980 758 1059 796 me,
1089 743 1334 800 ylomficabo
1367 758 1460 786 eum
1471 739 1494 785 ¹.
1547 741 1638 786 Ma—

0 818 2 880 2
64 823 188 867 trono
217 820 321 877 due,
360 820 498 865 adhuc
528 834 670 864 errore
700 819 950 875 gentilitatis
980 819 1164 875 irretite‚
1196 819 1450 874 gravissima
1481 819 1638 874 egritu-

60 897 183 943 dinis
212 898 408 943 molestia
429 898 761 951 rdctinebantur3
802 898 863 941 ita
903 901 970 953 ut,
1018 897 1134 941 omni
1174 897 1457 941 membrorum
1499 895 1637 940 officio

59 975 288 1032 destitute,
325 976 455 1021 morti
491 976 577 1020 iam
618 975 810 1033 proxime
847 975 1103 1019 viderentur:
1159 974 1229 1018 Ad
1265 988 1370 1031 quas
1410 975 1506 1032 pius
1538 974 1637 1019 Otto

59 1053 263 1109 accessit,
299 1053 475 1098 verbum
512 1054 684 1110 salutis,
732 1056 859 1110 prout
895 1066 1046 1110 capere
1087 1055 1304 1110 poterant,
1342 1053 1636 1107 annunciavit3

65 1134 111 1177 et
139 1134 286 1176 sancta
301 1145 394 1190 rspe
421 1132 477 1176 de
506 1131 798 1176 misericordia
828 1131 985 1174 Christi
1017 1144 1287 1188 presumens,
1328 1131 1542 1188 pollicitus
1574 1134 1639 1175 est

64 1210 150 1265 cin,
167 1228 169 1230 ·
189 1209 443 1255 siseredere
467 1213 511 1254 et
546 1210 757 1267 baptizari
790 1209 965 1265 vellent,
1005 1223 1092 1252 non
1129 1209 1265 1253 solum
1306 1209 1445 1253 anime
1485 1209 1559 1252 sed
1597 1213 1639 1252 et

64 1287 256 1344 corporis
284 1287 492 1332 medelam
510 1317 512 1320 >
529 1292 572 1333 et
599 1288 916 1343 integerrimam
950 1287 1189 1331 sanitatem.
1247 1286 1365 1339 Quod
1398 1287 1488 1331 sine
1521 1301 1640 1331 mora

65 1364 361 1422 pollicentibus
398 1366 505 1422 illis,
545 1379 691 1410 servus
723 1365 804 1409 Dei
847 1365 1037 1409 oratione
1076 1365 1191 1409 facta
1220 1378 1370 1408 manus
1389 1365 1639 1422 capitibus⁸

65 1449 210 1487 aarum
249 1443 473 1501 imposuit,
513 1444 632 1499 signo
672 1444 808 1487 crucis
848 1446 891 1487 et
921 1443 1213 1487 benedictione
1245 1456 1315 1487 eas
1348 1443 1637 1487 communivit.

66 1519 305 1578 Statimque
333 1522 491 1577 fugatis
518 1522 747 1577 doloribus,
779 1522 958 1578 pristine
990 1521 1163 1565 sanitati
1195 1524 1294 1565 sunt
1322 1521 1508 1575 reddite3
1541 1525 1584 1565 et
1615 1535 1640 1564 a

64 1598 226 1657 duplici
255 1603 413 1655 morte,
451 1600 530 1643 hoe
561 1604 626 1644 est
656 1600 845 1656 corporis
878 1603 920 1643 et
951 1600 1112 1655 anime,
1154 1614 1229 1657 per
1261 1601 1470 1644 orationes
1503 1601 1639 1645 sancti

65 1676 256 1735 presulis·
279 1677 484 1733 absolute⁷
515 1678 629 1721 unda
660 1677 836 1721 salutari
857 1691 952 1722 cum
984 1678 1137 1733 gaudio
1170 1692 1323 1733 magno
1346 1683 1445 1722 sunt
1466 1693 1638 1734 regene-

65 1758 171 1801 rata.
190 1778 195 1780 ·
217 1754 447 1812 Multisque
478 1756 642 1799 occasio
675 1755 823 1799 salutis
855 1759 899 1800 et
928 1756 1213 1799 conversionis
1245 1756 1376 1800 fuere.

168 1835 258 1890 «11.
303 1833 537 1878 'Iulinenses
569 1837 724 1889 autem,
764 1834 835 1890 qui
867 1834 1024 1877 dudum
1057 1834 1248 1878 veritatis
1281 1848 1507 1891 preconem
1539 1849 1564 1878 a
1595 1849 1640 1879 se

65 1910 323 1969 repulerant,
354 1925 449 1956 cum
481 1912 698 1956 audissent
729 1911 989 1956 Stetinenses
1020 1911 1147 1955 fidem
1178 1913 1400 1969 recepisse,
1432 1917 1538 1957 nutu
1559 1912 1639 1957 Dei

66 1993 208 2035 mente
229 1990 484 2047 compuncti,
514 1990 675 2046 legatos
706 1989 972 2033 honorabiles
1005 1989 1058 2033 ad
1090 1990 1372 2034 revocandum
1398 1991 1537 2034 virum
1558 1990 1639 2035 Dei

66 2067 285 2114 miserunt„
337 2067 497 2119 Quibus
535 2068 607 2112 ille
637 2068 761 2123 visis,
803 2067 893 2112 zelo
925 2068 1096 2125 pietatis
1129 2072 1287 2112 motus:
1324 2069 1440 2123 Quid
1469 2072 1639 2113 venistis

65 2145 205 2202 in‘quit
234 2148 293 2190 ad
322 2161 409 2200 me,
442 2147 650 2190 hominem
682 2162 802 2203 quem
834 2148 981 2190 odietis
1014 2155 1050 2189 et
1082 2147 1299 2204 eaepulistis
1331 2160 1358 2190 a
1389 2148 1532 2191 vobis?
1579 2146 1641 2190 At

65 2223 133 2268 illi
167 2223 317 2270 humili
355 2224 644 2268 satisfactione
684 2224 850 2268 veniam
891 2227 1104 2281 petentes:
1152 2225 1244 2268 Nos
1282 2225 1480 2280 inquiunt
1517 2234 1640 2282 pater

66 2302 325 2356 honorande,
357 2305 580 2360 antiquam
603 2311 780 2359 patrum
812 2312 849 2346 et
881 2305 1091 2346 maiorum
1120 2311 1360 2346 nostrorum
1391 2304 1520 2360 Zeqem
1550 2306 1640 2347 sine

67 2395 268 2424 concensu
292 2383 543 2438 primatum,
578 2396 681 2437 quos
712 2383 758 2423 in
790 2381 868 2423 hac
898 2380 1128 2424 Stetinensi
1154 2390 1299 2425 nostra
1319 2382 1543 2438 metropoli
1571 2397 1637 2425 re-

65 2473 276 2512 veremur,
323 2459 559 2516 rnfrinqere
597 2474 683 2501 non
719 2460 1066 2516 presumpsimus.
1131 2459 1219 2502 Sed
1255 2468 1481 2516 postquam
1519 2460 1637 2503 Deus

67 2544 161 2580 oum
188 2538 406 2594 principes
437 2545 600 2580 nostros
632 2537 716 2580 sibi
739 2552 820 2593 per
851 2546 888 2580 te
918 2537 1091 2592 submit,
1123 2552 1198 2580 nos
1221 2552 1399 2593 quoque,
1433 2540 1549 2580 omni
1571 2553 1637 2581 re-

67 2622 180 2658 mota
210 2616 559 2668 contradictione,
600 2617 769 2659 monitis
805 2617 886 2657 tuis
920 2615 1202 2671 obtemperare
1232 2624 1270 2658 et
1302 2616 1537 2659 doctrinam
1567 2631 1637 2659 sa-

67 2691 165 2735 lutis
197 2694 387 2749 eoecipere
421 2695 570 2749 parati
606 2708 762 2735 sumus.
826 2691 915 2743 Quo
949 2691 1112 2747 audito,
1151 2691 1327 2735 antistes
1359 2692 1531 2736 Domini
1563 2707 1638 2750 po-

67 2769 160 2812 sitis
191 2769 367 2824 genibus
400 2768 489 2813 Deo
522 2770 681 2825 gratias
713 2770 818 2825 egit3
859 2769 1153 2826 profectusque
1191 2782 1285 2813 cum
1326 2771 1386 2814 eis
1419 2775 1461 2814 et
1497 2770 1639 2815 debita

68 2859 94 2889 a
131 2846 411 2890 Iulinensibus
451 2848 688 2891 reverentia
726 2851 967 2903 susceptus,
1013 2847 1203 2890 veritatis
1242 2848 1352 2891 viam
1398 2849 1637 2892 errantibus

68 2923 235 2981 aperuit
274 2928 316 2968 et
354 2923 555 2982 baptismi
593 2927 855 2968 sacramento
896 2923 1123 2981 purificans
1156 2925 1400 2982 adoptivum
1432 2925 1522 2970 Deo
1563 2940 1637 2984 po-

165 3028 192 3049 a.
226 3019 318 3059 capiti
344 3019 375 3050 0.
642 3014 674 3049 1.
703 3013 721 3048 l
740 3012 831 3058 Reg.
851 3013 884 3058 2,
910 3012 968 3048 30.
