2028 3438
604 246 829 278 nmmum
858 245 1029 278 connx.
1082 245 1136 279 10.
1157 245 1196 278 11
1636 235 1693 279 33

121 364 247 408 qum
276 351 425 409 populi
453 352 501 396 in
530 353 767 410 precariam
799 353 907 397 etin
938 367 1060 397 usum
1092 353 1371 397 fructuarium
1394 354 1691 410 concessimus,
1722 363 1844 400 1020?
1873 380 1876 384 ·

82 471 84 473 ,
119 428 250 473 situm
285 429 331 473 in
359 443 471 487 pago
500 430 552 474 N.
574 431 621 474 in
651 414 863 475 ¹comitatu
892 431 969 486 N.;
1011 431 1264 489 recipientes
1306 430 1358 475 ab
1399 444 1448 475 eo
1481 431 1694 488 quoddam
1719 413 1848 444 N⁰V‘¹⁶

117 506 342 564 praedium
370 507 423 551 N.
456 508 613 553 dictum
645 496 742 553 cum
773 509 967 553 omnibus
999 509 1087 553 suis
1118 508 1384 565 utensilibus,
1416 522 1469 552 ea
1495 507 1694 553 videlicet

116 584 305 640 ratione,
340 588 390 629 ut
426 587 773 643 praenominatus
821 600 960 631 comes
1000 590 1043 631 et
1080 599 1189 630 uxor
1230 587 1320 630 eius
1352 589 1395 630 et
1433 585 1546 630 filius
1577 586 1692 630 illius

117 662 358 720 praefatum
396 662 552 708 bonum
583 664 689 722 ipsis
729 663 900 721 quidem
938 664 1072 709 tribus
1111 665 1351 709 viventibus
1384 664 1500 708 omni
1530 667 1695 708 remota

118 739 450 785 conia-alictiono
487 741 620 786 libere
657 742 916 797 obtinerent3
963 742 1242 787 morientibus
1283 756 1384 786 vero
1422 742 1558 786 tribus
1591 742 1693 798 illis,

118 818 444 876 praenominata
472 819 584 863 bona
612 820 660 863 in
688 834 813 864 usum
851 823 894 864 et
922 821 1226 878 proprietatem
1263 820 1577 878 praedictorum
1608 820 1694 864 fta-

120 898 235 941 trum
273 896 406 941 libere
437 901 480 941 et
509 897 667 954 absque
698 899 1031 943 contradictione
1060 899 1262 943 redirent.
1311 898 1388 942 Isti
1418 900 1519 941 sunt
1549 900 1693 953 testes,

121 974 194 1031 qui
225 974 416 1031 aderant,
447 975 498 1019 N'.
520 979 562 1020 et
583 976 633 1019 N.
680 975 772 1032 Ego
802 976 1109 1031 E(berhardus)
1141 977 1304 1034 primus
1328 979 1499 1020 sanctae
1528 974 1693 1019 Baben-

121 1051 337 1108 bergensis
374 1053 575 1098 ecclesiae
613 1054 834 1112 episcopus
883 1054 1126 1112 subscripsi.
1193 1053 1362 1111 Scripta
1396 1055 1450 1097 16
1479 1053 1574 1097 Kal.
1607 1053 1694 1097 De-

120 1129 316 1186 cembris,
348 1144 458 1175 anno
490 1131 725 1176 dominicae
755 1132 1060 1176 incarnationis
1084 1133 1213 1188 1020,
1245 1131 1474 1175 indictione
1509 1132 1549 1187 1,
1582 1145 1692 1175 anno

122 1211 264 1252 autem
308 1209 497 1267 episcopi
537 1210 592 1254 18
605 1207 629 1253 ¹.
688 1210 845 1254 Actum
882 1210 1036 1254 Aterse
1079 1210 1126 1253 in
1170 1209 1252 1254 Dei
1296 1209 1467 1253 nomine
1511 1209 1692 1254 feliciter

121 1299 258 1331 amen.

126 1429 209 1476 ll.
238 1431 467 1475 Heinricus
498 1431 556 1474 II
588 1433 819 1489 imperator
857 1434 1108 1475 monasterio
1149 1431 1195 1476 S.
1222 1431 1444 1475 Michaelis
1485 1432 1692 1475 Bamber-

236 1511 360 1567 qemi
380 1510 611 1567 praedium
641 1510 821 1553 tribuiffl.
1541 1509 1593 1563 (E
1617 1510 1692 1564 67)

239 1596 288 1642 In
318 1598 488 1643 nomine
520 1602 690 1643 sanctae
722 1603 765 1643 et
794 1598 1037 1642 individuae
1068 1598 1285 1642 trinitatis.
1337 1597 1596 1652 H(einricus)
1629 1598 1693 1642 di·
1715 1607 1920 1643 1014-1024

119 1676 221 1720 vina
248 1675 440 1720 favente*
462 1676 686 1720 clementia
704 1676 988 1720 Romanorum
1009 1677 1243 1733 imperator
1263 1679 1478 1731 augustus.
1528 1675 1573 1719 Si
1604 1677 1693 1733 pie-

119 1754 222 1798 tatis
250 1740 422 1799 nostrae
453 1755 745 1799 celsitudinem
777 1755 1028 1799 adeuntibus
1060 1754 1185 1810 digne
1220 1754 1436 1811 postulata
1473 1754 1692 1811 largimur,

119 1833 346 1891 praecipue
367 1832 575 1888 convenit,
607 1837 656 1876 ut
685 1837 855 1877 nostrae
888 1833 1185 1877 dilectissimae
1217 1832 1406 1887 coniugis
1439 1835 1564 1888 atque
1596 1846 1694 1876 con-

121 1911 248 1954 sortis
283 1914 454 1954 nostrae
493 1910 613 1966 regni
654 1912 791 1955 nostri
821 1910 1128 1967 C(unigundae)
1168 1910 1522 1967 postulationibus
1559 1910 1694 1955 liben-

120 1988 283 2032 tissime
308 1988 562 2032 acclinemur
582 2001 632 2032 ac
650 1992 893 2033 nostrorum
923 1989 1111 2033 fidelium
1142 1988 1281 2044 dignis
1313 1987 1592 2045 peticionibus
1626 2002 1693 2032 as-

121 2079 291 2110 sensum
327 2066 624 2111 condonemus.
678 2065 860 2111 Proinde
906 2068 1093 2110 omnium
1136 2070 1306 2110 sanctae
1344 2066 1426 2109 Dei
1468 2065 1692 2110 ecclesiae⁰

120 2143 308 2188 fidelium
337 2147 598 2200 nostrorum,
637 2146 926 2201 praesentium
958 2145 1119 2188 scilicet
1151 2157 1199 2188 ac
1228 2144 1487 2199 futurorum,
1528 2145 1695 2188 noverit

120 2221 352 2278 industria,
392 2222 708 2266 dilectissimam
742 2222 962 2278 coniugem
994 2226 1182 2266 nostram
1223 2235 1272 2265 ac
1303 2225 1540 2265 consortem
1573 2221 1693 2277 regni

122 2313 172 2344 ac
202 2299 356 2344 multos
388 2314 442 2344 ex
470 2300 664 2344 fidelibus
703 2300 859 2343 nostris
890 2300 1061 2357 pietatis
1092 2302 1262 2343 nostrae
1293 2299 1561 2343 clementiam
1593 2313 1693 2356 sup-

121 2377 289 2435 pliciter
318 2377 570 2435 postulasse,
604 2378 801 2435 quatinus
832 2392 910 2435 pro
942 2391 1085 2422 amore
1106 2376 1187 2420 Dei
1219 2377 1466 2433 animaeque
1497 2377 1693 2421 nostrae‘¹

120 2456 307 2499 remedio
327 2459 474 2499 nostra
493 2455 750 2513 praeceptali
766 2455 1087 2499 concederemus
1109 2454 1265 2512 pagina
1286 2455 1541 2498 monasterio
1558 2455 1694 2499 sancti

121 2531 368 2576 Michahelis
400 2533 640 2588 archangeli
671 2537 714 2576 et
741 2534 876 2577 sancti
896 2533 1113 2577 Benedicti
1135 2532 1313 2588 abbatis,
1347 2532 1458 2588 quod
1479 2536 1544 2576 est
1565 2533 1691 2576 situm

123 2609 201 2654 sub
238 2610 452 2654 territorio
489 2610 852 2667 Babenbergensis
890 2611 1095 2665 civitatis,
1144 2623 1267 2654 omne
1304 2610 1411 2653 illud
1455 2611 1692 2667 praedium,

124 2686 236 2743 quod
264 2687 316 2731 N.
349 2688 526 2732 dilectus
558 2689 799 2746 capellanus
830 2689 952 2732 nobis
985 2687 1163 2731 contulit
1201 2691 1244 2731 et
1273 2687 1527 2731 condonavit
1568 2691 1611 2731 et
1648 2688 1693 2731 in

122 2763 315 2808 nostrum
344 2766 411 2810 ius
442 2779 491 2811 ac
521 2767 754 2811 dominium
786 2767 837 2810 de
860 2779 934 2809 suo
955 2766 1047 2808 iure
1069 2778 1118 2809 ac
1138 2765 1324 2809 dominio
1354 2766 1523 2823 penitus
1553 2768 1693 2809 trans-

217 2881 245 2902 a.
277 2881 316 2902 ca:
337 2873 366 2904 V
382 2874 436 2910 28,
460 2873 489 2903 Ζ
501 2884 535 2913 p.
552 2875 608 2904 56.
733 2874 763 2904 b.
796 2883 852 2903 om.
872 2873 902 2903 V.
1029 2881 1055 2902 c.
1088 2882 1144 2903 om.
1163 2873 1194 2903 V.
1321 2873 1350 2903 d.
1382 2874 1565 2911 nostraeque
1588 2872 1620 2903 V.

220 2949 252 2984 1.
278 2948 395 2985 Notae
419 2949 595 2994 temporis
619 2949 855 2985 vehementer
879 2947 1100 2994 discrepant.
1137 2948 1293 2984 Indictio
1319 2948 1415 2984 enim
1437 2949 1456 2983 1
1484 2947 1531 2983 ad
1558 2957 1692 2983 annum

125 3006 218 3043 1018
242 3007 409 3053 pertinet,
434 3008 669 3055 episcopique
694 3018 811 3044 annus
838 3008 883 3043 18
907 3006 955 3043 ad
980 3017 1013 3043 a.
1033 3007 1137 3043 1024.

183 3070 291 3106 Jnn'.
311 3073 505 3103 Bibliotheca
517 3074 555 3102 V.
1386 3066 1408 3101 3
