<?xml version="1.0" encoding="UTF-8"?>
<!DOCTYPE html PUBLIC "-//W3C//DTD XHTML 1.0 Transitional//EN"
    "http://www.w3.org/TR/xhtml1/DTD/xhtml1-transitional.dtd">
<html xmlns="http://www.w3.org/1999/xhtml" xml:lang="en" lang="en">
 <head>
  <title>
</title>
<meta http-equiv="Content-Type" content="text/html;charset=utf-8" />
  <meta name='ocr-system' content='tesseract 3.04.00' />
  <meta name='ocr-capabilities' content='ocr_page ocr_carea ocr_par ocr_line ocrx_word'/>
</head>
<body>
  <div class='ocr_page' id='page_1' title='image "bibliothecarerum05wattuoft_0821.png"; bbox 0 0 2028 3438; ppageno 0'>
   <div class='ocr_carea' id='block_1_1' title="bbox 422 285 1656 328">
    <p class='ocr_par' dir='ltr' id='par_1_1' title="bbox 422 285 1656 328">
     <span class='ocr_line' id='line_1_1' title="bbox 422 285 1656 328; baseline 0.002 -2"><span class='ocrx_word' id='word_1_1' title='bbox 422 295 662 327; x_wconf 72' lang='lat' dir='ltr'>nnnssonm</span> <span class='ocrx_word' id='word_1_2' title='bbox 691 296 932 327; x_wconf 57' lang='lat' dir='ltr'>vinosus.</span> <span class='ocrx_word' id='word_1_3' title='bbox 981 297 1067 327; x_wconf 77' lang='lat' dir='ltr'>Lm.</span> <span class='ocrx_word' id='word_1_4' title='bbox 1091 297 1142 327; x_wconf 89' lang='lat'>111</span> <span class='ocrx_word' id='word_1_5' title='bbox 1177 294 1312 328; x_wconf 80' lang='lat'>10-12</span> <span class='ocrx_word' id='word_1_6' title='bbox 1569 285 1656 328; x_wconf 82' lang='lat'>805</span> 
     </span>
    </p>
   </div>
   <div class='ocr_carea' id='block_1_2' title="bbox 87 400 1775 461">
    <p class='ocr_par' dir='ltr' id='par_1_2' title="bbox 87 400 1775 461">
     <span class='ocr_line' id='line_1_2' title="bbox 87 400 1775 461; baseline 0.003 -15"><span class='ocrx_word' id='word_1_7' title='bbox 87 400 462 456; x_wconf 44' lang='lat' dir='ltr'>bonasoluntatm</span> <span class='ocrx_word' id='word_1_8' title='bbox 495 402 547 446; x_wconf 88' lang='lat' dir='ltr'>de</span> <span class='ocrx_word' id='word_1_9' title='bbox 576 402 657 446; x_wconf 87' lang='lat' dir='ltr'>Dei</span> <span class='ocrx_word' id='word_1_10' title='bbox 688 401 884 460; x_wconf 87' lang='lat' dir='ltr'>operibus</span> <span class='ocrx_word' id='word_1_11' title='bbox 915 406 958 447; x_wconf 90' lang='lat' dir='ltr'>et</span> <span class='ocrx_word' id='word_1_12' title='bbox 988 403 1039 447; x_wconf 87' lang='lat' dir='ltr'>de</span> <span class='ocrx_word' id='word_1_13' title='bbox 1071 416 1146 446; x_wconf 92' lang='lat' dir='ltr'>suo</span> <span class='ocrx_word' id='word_1_14' title='bbox 1178 406 1293 446; x_wconf 85' lang='lat' dir='ltr'>statu</span> <span class='ocrx_word' id='word_1_15' title='bbox 1322 403 1542 460; x_wconf 89' lang='lat' dir='ltr'>mandans,</span> <span class='ocrx_word' id='word_1_16' title='bbox 1576 418 1656 461; x_wconf 88' lang='lat' dir='ltr'>que</span> <span class='ocrx_word' id='word_1_17' title='bbox 1684 416 1775 451; x_wconf 79' lang='lat'>1127</span> 
     </span>
    </p>
   </div>
   <div class='ocr_carea' id='block_1_3' title="bbox 79 478 1702 2783">
    <p class='ocr_par' dir='ltr' id='par_1_3' title="bbox 79 478 1702 2783">
     <span class='ocr_line' id='line_1_3' title="bbox 86 478 1393 536; baseline -0.001 -12"><span class='ocrx_word' id='word_1_18' title='bbox 86 478 307 524; x_wconf 62' lang='lat' dir='ltr'>audissent</span> <span class='ocrx_word' id='word_1_19' title='bbox 331 481 378 523; x_wconf 79' lang='lat' dir='ltr'>et</span> <span class='ocrx_word' id='word_1_20' title='bbox 407 479 626 536; x_wconf 82' lang='lat' dir='ltr'>vidissent,</span> <span class='ocrx_word' id='word_1_21' title='bbox 659 480 711 524; x_wconf 91' lang='lat' dir='ltr'>ad</span> <span class='ocrx_word' id='word_1_22' title='bbox 743 479 823 524; x_wconf 90' lang='lat' dir='ltr'>Dei</span> <span class='ocrx_word' id='word_1_23' title='bbox 853 479 1028 536; x_wconf 80' lang='lat' dir='ltr'><strong>gloriam</strong></span> <span class='ocrx_word' id='word_1_24' title='bbox 1063 480 1177 523; x_wconf 92' lang='lat' dir='ltr'>domi</span> <span class='ocrx_word' id='word_1_25' title='bbox 1207 494 1393 524; x_wconf 85' lang='lat' dir='ltr'>narrare.</span> 
     </span>
     <span class='ocr_line' id='line_1_4' title="bbox 135 555 1657 616; baseline 0.001 -16"><span class='ocrx_word' id='word_1_26' title='bbox 135 574 143 581; x_wconf 56' lang='lat'>²</span> <span class='ocrx_word' id='word_1_27' title='bbox 196 557 279 600; x_wconf 50' lang='lat'>211³.</span> <span class='ocrx_word' id='word_1_28' title='bbox 302 555 455 600; x_wconf 63' lang='lat' dir='ltr'>“Erat</span> <span class='ocrx_word' id='word_1_29' title='bbox 477 560 618 601; x_wconf 87' lang='lat' dir='ltr'>autem</span> <span class='ocrx_word' id='word_1_30' title='bbox 641 557 861 601; x_wconf 90' lang='lat' dir='ltr'>Uznoimie</span> <span class='ocrx_word' id='word_1_31' title='bbox 891 557 977 601; x_wconf 88' lang='lat' dir='ltr'>illis</span> <span class='ocrx_word' id='word_1_32' title='bbox 1010 557 1155 602; x_wconf 90' lang='lat' dir='ltr'>diebus</span> <span class='ocrx_word' id='word_1_33' title='bbox 1187 557 1272 600; x_wconf 85' lang='lat' dir='ltr'>dux</span> <span class='ocrx_word' id='word_1_34' title='bbox 1303 558 1464 614; x_wconf 86' lang='lat' dir='ltr'>pariter</span> <span class='ocrx_word' id='word_1_35' title='bbox 1496 562 1538 602; x_wconf 93' lang='lat' dir='ltr'>et</span> <span class='ocrx_word' id='word_1_36' title='bbox 1568 559 1657 616; x_wconf 90' lang='lat' dir='ltr'>epi-</span> 
     </span>
     <span class='ocr_line' id='line_1_5' title="bbox 85 633 1655 692; baseline -0.001 -13"><span class='ocrx_word' id='word_1_37' title='bbox 85 642 266 692; x_wconf 47' lang='lat' dir='ltr'>scopus?</span> <span class='ocrx_word' id='word_1_38' title='bbox 314 633 394 678; x_wconf 73' lang='lat' dir='ltr'>Est</span> <span class='ocrx_word' id='word_1_39' title='bbox 433 637 574 678; x_wconf 84' lang='lat' dir='ltr'>autem</span> <span class='ocrx_word' id='word_1_40' title='bbox 613 634 774 678; x_wconf 84' lang='lat' dir='ltr'>insula¹</span> <span class='ocrx_word' id='word_1_41' title='bbox 815 635 994 692; x_wconf 87' lang='lat' dir='ltr'>quedam</span> <span class='ocrx_word' id='word_1_42' title='bbox 1032 649 1116 678; x_wconf 92' lang='lat' dir='ltr'>non</span> <span class='ocrx_word' id='word_1_43' title='bbox 1154 634 1279 691; x_wconf 88' lang='lat' dir='ltr'>longe</span> <span class='ocrx_word' id='word_1_44' title='bbox 1310 648 1335 678; x_wconf 84' lang='lat' dir='ltr'>a</span> <span class='ocrx_word' id='word_1_45' title='bbox 1365 635 1536 679; x_wconf 87' lang='lat' dir='ltr'>civitate</span> <span class='ocrx_word' id='word_1_46' title='bbox 1567 636 1655 692; x_wconf 87' lang='lat' dir='ltr'>illa,</span> 
     </span>
     <span class='ocr_line' id='line_1_6' title="bbox 86 708 1656 768; baseline 0 -12"><span class='ocrx_word' id='word_1_47' title='bbox 86 708 393 756; x_wconf 63' lang='lat' dir='ltr'>huliensmare</span> <span class='ocrx_word' id='word_1_48' title='bbox 421 711 688 756; x_wconf 82' lang='lat' dir='ltr'>interiectum</span> <span class='ocrx_word' id='word_1_49' title='bbox 722 713 841 768; x_wconf 81' lang='lat' dir='ltr'>quasi</span> <span class='ocrx_word' id='word_1_50' title='bbox 871 713 1023 757; x_wconf 86' lang='lat' dir='ltr'>itinere</span> <span class='ocrx_word' id='word_1_51' title='bbox 1054 713 1177 756; x_wconf 88' lang='lat' dir='ltr'>unius</span> <span class='ocrx_word' id='word_1_52' title='bbox 1208 713 1306 768; x_wconf 90' lang='lat' dir='ltr'>diei,</span> <span class='ocrx_word' id='word_1_53' title='bbox 1344 711 1549 756; x_wconf 75' lang='lat' dir='ltr'>Ueraniab</span> <span class='ocrx_word' id='word_1_54' title='bbox 1581 723 1656 756; x_wconf 89' lang='lat' dir='ltr'>no-</span> 
     </span>
     <span class='ocr_line' id='line_1_7' title="bbox 85 786 1656 845; baseline 0 -12"><span class='ocrx_word' id='word_1_55' title='bbox 85 786 237 833; x_wconf 71' lang='lat' dir='ltr'>mine¹.</span> <span class='ocrx_word' id='word_1_56' title='bbox 290 787 375 834; x_wconf 88' lang='lat' dir='ltr'>Sed</span> <span class='ocrx_word' id='word_1_57' title='bbox 406 788 493 834; x_wconf 91' lang='lat' dir='ltr'>loci</span> <span class='ocrx_word' id='word_1_58' title='bbox 522 789 671 833; x_wconf 78' lang='lat' dir='ltr'>huius⁰</span> <span class='ocrx_word' id='word_1_59' title='bbox 702 790 837 834; x_wconf 79' lang='lat' dir='ltr'><strong>incole</strong></span> <span class='ocrx_word' id='word_1_60' title='bbox 870 790 964 833; x_wconf 90' lang='lat' dir='ltr'>duri</span> <span class='ocrx_word' id='word_1_61' title='bbox 995 794 1116 834; x_wconf 87' lang='lat' dir='ltr'>erant</span> <span class='ocrx_word' id='word_1_62' title='bbox 1146 794 1188 834; x_wconf 89' lang='lat' dir='ltr'>et</span> <span class='ocrx_word' id='word_1_63' title='bbox 1219 789 1411 845; x_wconf 86' lang='lat' dir='ltr'>barbari,</span> <span class='ocrx_word' id='word_1_64' title='bbox 1452 789 1656 845; x_wconf 86' lang='lat' dir='ltr'>singulari</span> 
     </span>
     <span class='ocr_line' id='line_1_8' title="bbox 83 866 1654 925; baseline 0.001 -14"><span class='ocrx_word' id='word_1_65' title='bbox 83 866 254 911; x_wconf 71' lang='lat' dir='ltr'>feritate</span> <span class='ocrx_word' id='word_1_66' title='bbox 283 866 487 911; x_wconf 65' lang='lat' dir='ltr'>crudeles</span> <span class='ocrx_word' id='word_1_67' title='bbox 542 867 628 923; x_wconf 92' lang='lat' dir='ltr'>Hii,</span> <span class='ocrx_word' id='word_1_68' title='bbox 661 867 948 924; x_wconf 80' lang='lat' dir='ltr'>predicatione</span> <span class='ocrx_word' id='word_1_69' title='bbox 979 867 1093 912; x_wconf 87' lang='lat' dir='ltr'>beati</span> <span class='ocrx_word' id='word_1_70' title='bbox 1126 867 1204 912; x_wconf 88' lang='lat' dir='ltr'>viri</span> <span class='ocrx_word' id='word_1_71' title='bbox 1236 867 1394 911; x_wconf 89' lang='lat' dir='ltr'>dudum</span> <span class='ocrx_word' id='word_1_72' title='bbox 1425 871 1654 925; x_wconf 88' lang='lat' dir='ltr'>comperta,</span> 
     </span>
     <span class='ocr_line' id='line_1_9' title="bbox 83 941 1655 1002; baseline 0.001 -14"><span class='ocrx_word' id='word_1_73' title='bbox 83 941 230 989; x_wconf 54' lang='lat' dir='ltr'>‘omia</span> <span class='ocrx_word' id='word_1_74' title='bbox 269 955 350 1002; x_wconf 86' lang='lat' dir='ltr'>qne</span> <span class='ocrx_word' id='word_1_75' title='bbox 379 944 432 989; x_wconf 89' lang='lat' dir='ltr'>de</span> <span class='ocrx_word' id='word_1_76' title='bbox 461 944 535 988; x_wconf 91' lang='lat' dir='ltr'>illo</span> <span class='ocrx_word' id='word_1_77' title='bbox 567 944 814 988; x_wconf 81' lang='lat' dir='ltr'>dicebantur</span> <span class='ocrx_word' id='word_1_78' title='bbox 845 946 1079 1002; x_wconf 86' lang='lat' dir='ltr'>aspernati,</span> <span class='ocrx_word' id='word_1_79' title='bbox 1118 949 1298 989; x_wconf 89' lang='lat' dir='ltr'>mortem</span> <span class='ocrx_word' id='word_1_80' title='bbox 1318 945 1390 1000; x_wconf 78' lang='lat' dir='ltr'>ei,</span> <span class='ocrx_word' id='word_1_81' title='bbox 1431 945 1467 988; x_wconf 91' lang='lat' dir='ltr'>si</span> <span class='ocrx_word' id='word_1_82' title='bbox 1499 944 1552 988; x_wconf 90' lang='lat' dir='ltr'>ad</span> <span class='ocrx_word' id='word_1_83' title='bbox 1584 958 1655 989; x_wconf 88' lang='lat' dir='ltr'>eos</span> 
     </span>
     <span class='ocr_line' id='line_1_10' title="bbox 84 1020 1655 1080; baseline 0 -14"><span class='ocrx_word' id='word_1_84' title='bbox 84 1020 261 1078; x_wconf 78' lang='lat' dir='ltr'>veniret,</span> <span class='ocrx_word' id='word_1_85' title='bbox 292 1021 576 1066; x_wconf 80' lang='lat' dir='ltr'>minabantur.</span> <span class='ocrx_word' id='word_1_86' title='bbox 626 1021 709 1066; x_wconf 88' lang='lat' dir='ltr'>Sed</span> <span class='ocrx_word' id='word_1_87' title='bbox 731 1035 812 1078; x_wconf 92' lang='lat' dir='ltr'>quo</span> <span class='ocrx_word' id='word_1_88' title='bbox 835 1022 1017 1080; x_wconf 88' lang='lat' dir='ltr'>amplius</span> <span class='ocrx_word' id='word_1_89' title='bbox 1038 1023 1165 1066; x_wconf 85' lang='lat' dir='ltr'>duras</span> <span class='ocrx_word' id='word_1_90' title='bbox 1187 1035 1330 1066; x_wconf 91' lang='lat' dir='ltr'>eorum</span> <span class='ocrx_word' id='word_1_91' title='bbox 1353 1023 1490 1066; x_wconf 90' lang='lat' dir='ltr'>minas</span> <span class='ocrx_word' id='word_1_92' title='bbox 1511 1022 1655 1067; x_wconf 85' lang='lat' dir='ltr'>audie-</span> 
     </span>
     <span class='ocr_line' id='line_1_11' title="bbox 83 1097 1655 1165; baseline -0.001 -20"><span class='ocrx_word' id='word_1_93' title='bbox 83 1103 174 1156; x_wconf 66' lang='lat' dir='ltr'>rat,</span> <span class='ocrx_word' id='word_1_94' title='bbox 213 1097 262 1144; x_wconf 68' lang='lat' dir='ltr'>eo</span> <span class='ocrx_word' id='word_1_95' title='bbox 302 1099 486 1157; x_wconf 83' lang='lat' dir='ltr'>amplius</span> <span class='ocrx_word' id='word_1_96' title='bbox 523 1100 567 1143; x_wconf 94' lang='lat' dir='ltr'>in</span> <span class='ocrx_word' id='word_1_97' title='bbox 599 1099 739 1143; x_wconf 86' lang='lat' dir='ltr'>animo</span> <span class='ocrx_word' id='word_1_98' title='bbox 758 1113 846 1165; x_wconf 19' lang='lat' dir='ltr'>[suo</span> <span class='ocrx_word' id='word_1_99' title='bbox 876 1098 1006 1143; x_wconf 84' lang='lat' dir='ltr'>fixum</span> <span class='ocrx_word' id='word_1_100' title='bbox 1038 1100 1221 1144; x_wconf 87' lang='lat' dir='ltr'>habebat</span> <span class='ocrx_word' id='word_1_101' title='bbox 1250 1099 1322 1143; x_wconf 92' lang='lat' dir='ltr'>illo</span> <span class='ocrx_word' id='word_1_102' title='bbox 1352 1099 1437 1156; x_wconf 87' lang='lat' dir='ltr'>ire,</span> <span class='ocrx_word' id='word_1_103' title='bbox 1478 1114 1655 1157; x_wconf 85' lang='lat' dir='ltr'>sperans</span> 
     </span>
     <span class='ocr_line' id='line_1_12' title="bbox 83 1175 1656 1234; baseline 0 -12"><span class='ocrx_word' id='word_1_104' title='bbox 83 1177 144 1222; x_wconf 84' lang='lat' dir='ltr'>ibi</span> <span class='ocrx_word' id='word_1_105' title='bbox 174 1177 357 1222; x_wconf 72' lang='lat' dir='ltr'>martirii</span> <span class='ocrx_word' id='word_1_106' title='bbox 387 1175 585 1221; x_wconf 83' lang='lat' dir='ltr'>coronam</span> <span class='ocrx_word' id='word_1_107' title='bbox 617 1191 661 1221; x_wconf 89' lang='lat' dir='ltr'>se</span> <span class='ocrx_word' id='word_1_108' title='bbox 692 1177 958 1234; x_wconf 88' lang='lat' dir='ltr'>adepturum.</span> <span class='ocrx_word' id='word_1_109' title='bbox 1015 1177 1079 1221; x_wconf 93' lang='lat' dir='ltr'>De</span> <span class='ocrx_word' id='word_1_110' title='bbox 1110 1177 1189 1222; x_wconf 89' lang='lat' dir='ltr'>hoc</span> <span class='ocrx_word' id='word_1_111' title='bbox 1220 1191 1318 1222; x_wconf 87' lang='lat' dir='ltr'>vero</span> <span class='ocrx_word' id='word_1_112' title='bbox 1351 1190 1446 1221; x_wconf 92' lang='lat' dir='ltr'>cum</span> <span class='ocrx_word' id='word_1_113' title='bbox 1478 1177 1582 1221; x_wconf 87' lang='lat' dir='ltr'>duce</span> <span class='ocrx_word' id='word_1_114' title='bbox 1614 1182 1656 1222; x_wconf 87' lang='lat' dir='ltr'>et</span> 
     </span>
     <span class='ocr_line' id='line_1_13' title="bbox 84 1251 1655 1312; baseline -0.001 -13"><span class='ocrx_word' id='word_1_115' title='bbox 84 1251 178 1299; x_wconf 76' lang='lat' dir='ltr'>aliis</span> <span class='ocrx_word' id='word_1_116' title='bbox 208 1254 489 1299; x_wconf 72' lang='lat' dir='ltr'>familiaribus</span> <span class='ocrx_word' id='word_1_117' title='bbox 520 1255 608 1298; x_wconf 89' lang='lat' dir='ltr'>suis</span> <span class='ocrx_word' id='word_1_118' title='bbox 640 1255 738 1298; x_wconf 95' lang='lat' dir='ltr'>dum</span> <span class='ocrx_word' id='word_1_119' title='bbox 771 1255 991 1298; x_wconf 91' lang='lat' dir='ltr'>consilium</span> <span class='ocrx_word' id='word_1_120' title='bbox 1016 1258 1231 1310; x_wconf 80' lang='lat' dir='ltr'>tractaret,</span> <span class='ocrx_word' id='word_1_121' title='bbox 1265 1258 1438 1312; x_wconf 85' lang='lat' dir='ltr'>propter</span> <span class='ocrx_word' id='word_1_122' title='bbox 1458 1254 1655 1299; x_wconf 88' lang='lat' dir='ltr'>immani-</span> 
     </span>
     <span class='ocr_line' id='line_1_14' title="bbox 82 1331 1653 1391; baseline -0.001 -13"><span class='ocrx_word' id='word_1_123' title='bbox 82 1335 214 1378; x_wconf 68' lang='lat' dir='ltr'>tatem</span> <span class='ocrx_word' id='word_1_124' title='bbox 245 1331 422 1391; x_wconf 66' lang='lat' dir='ltr'>Periculi</span> <span class='ocrx_word' id='word_1_125' title='bbox 453 1332 506 1384; x_wconf 86' lang='lat' dir='ltr'>ab</span> <span class='ocrx_word' id='word_1_126' title='bbox 537 1332 731 1376; x_wconf 91' lang='lat' dir='ltr'>omnibus</span> <span class='ocrx_word' id='word_1_127' title='bbox 763 1332 978 1376; x_wconf 84' lang='lat' dir='ltr'>dissuasus</span> <span class='ocrx_word' id='word_1_128' title='bbox 1008 1335 1083 1376; x_wconf 88' lang='lat' dir='ltr'>est.</span> <span class='ocrx_word' id='word_1_129' title='bbox 1133 1332 1253 1384; x_wconf 82' lang='lat' dir='ltr'>Quod</span> <span class='ocrx_word' id='word_1_130' title='bbox 1275 1333 1479 1388; x_wconf 84' lang='lat' dir='ltr'>egerrime</span> <span class='ocrx_word' id='word_1_131' title='bbox 1499 1333 1653 1389; x_wconf 82' lang='lat' dir='ltr'>ferens,</span> 
     </span>
     <span class='ocr_line' id='line_1_15' title="bbox 83 1409 1653 1468; baseline -0.001 -13"><span class='ocrx_word' id='word_1_132' title='bbox 83 1410 324 1466; x_wconf 77' lang='lat' dir='ltr'>ingeniosus</span> <span class='ocrx_word' id='word_1_133' title='bbox 366 1422 490 1466; x_wconf 83' lang='lat' dir='ltr'>agere</span> <span class='ocrx_word' id='word_1_134' title='bbox 522 1411 656 1468; x_wconf 79' lang='lat' dir='ltr'>cepit,</span> <span class='ocrx_word' id='word_1_135' title='bbox 697 1410 905 1466; x_wconf 87' lang='lat' dir='ltr'>quomodo</span> <span class='ocrx_word' id='word_1_136' title='bbox 945 1424 990 1453; x_wconf 93' lang='lat' dir='ltr'>se</span> <span class='ocrx_word' id='word_1_137' title='bbox 1031 1410 1315 1454; x_wconf 84' lang='lat' dir='ltr'>nescientibus</span> <span class='ocrx_word' id='word_1_138' title='bbox 1353 1410 1412 1454; x_wconf 88' lang='lat' dir='ltr'>eis</span> <span class='ocrx_word' id='word_1_139' title='bbox 1445 1409 1517 1454; x_wconf 94' lang='lat' dir='ltr'>illo</span> <span class='ocrx_word' id='word_1_140' title='bbox 1557 1424 1653 1467; x_wconf 92' lang='lat' dir='ltr'>pro-</span> 
     </span>
     <span class='ocr_line' id='line_1_16' title="bbox 83 1486 1655 1546; baseline -0.001 -14"><span class='ocrx_word' id='word_1_141' title='bbox 83 1489 253 1546; x_wconf 75' lang='lat' dir='ltr'>riperet.</span> <span class='ocrx_word' id='word_1_142' title='bbox 295 1486 394 1533; x_wconf 74' lang='lat' dir='ltr'>vHoc</span> <span class='ocrx_word' id='word_1_143' title='bbox 421 1487 650 1532; x_wconf 84' lang='lat' dir='ltr'>sentientes</span> <span class='ocrx_word' id='word_1_144' title='bbox 679 1487 756 1544; x_wconf 87' lang='lat' dir='ltr'>illi,</span> <span class='ocrx_word' id='word_1_145' title='bbox 789 1488 952 1532; x_wconf 89' lang='lat' dir='ltr'>cautius</span> <span class='ocrx_word' id='word_1_146' title='bbox 982 1501 1076 1531; x_wconf 90' lang='lat' dir='ltr'>eum</span> <span class='ocrx_word' id='word_1_147' title='bbox 1101 1487 1381 1532; x_wconf 81' lang='lat' dir='ltr'>observabant</span> <span class='ocrx_word' id='word_1_148' title='bbox 1410 1487 1655 1544; x_wconf 84' lang='lat' dir='ltr'>nullamque</span> 
     </span>
     <span class='ocr_line' id='line_1_17' title="bbox 80 1564 1652 1623; baseline -0.001 -12"><span class='ocrx_word' id='word_1_149' title='bbox 80 1565 234 1611; x_wconf 67' lang='lat' dir='ltr'>secreti</span> <span class='ocrx_word' id='word_1_150' title='bbox 272 1564 626 1623; x_wconf 78' lang='lat' dir='ltr'>oportunitatem,</span> <span class='ocrx_word' id='word_1_151' title='bbox 666 1578 747 1621; x_wconf 92' lang='lat' dir='ltr'>quo</span> <span class='ocrx_word' id='word_1_152' title='bbox 786 1565 830 1608; x_wconf 91' lang='lat' dir='ltr'>id</span> <span class='ocrx_word' id='word_1_153' title='bbox 867 1565 1038 1621; x_wconf 85' lang='lat' dir='ltr'>aggredi</span> <span class='ocrx_word' id='word_1_154' title='bbox 1073 1569 1234 1622; x_wconf 89' lang='lat' dir='ltr'>posset,</span> <span class='ocrx_word' id='word_1_155' title='bbox 1278 1565 1316 1608; x_wconf 90' lang='lat' dir='ltr'>ei</span> <span class='ocrx_word' id='word_1_156' title='bbox 1348 1565 1652 1620; x_wconf 83' lang='lat' dir='ltr'>concedebant3</span> 
     </span>
     <span class='ocr_line' id='line_1_18' title="bbox 79 1640 1653 1699; baseline -0.001 -11"><span class='ocrx_word' id='word_1_157' title='bbox 79 1640 262 1688; x_wconf 79' lang='lat' dir='ltr'>salutem</span> <span class='ocrx_word' id='word_1_158' title='bbox 280 1642 408 1687; x_wconf 72' lang='lat' dir='ltr'>&#39;illius</span> <span class='ocrx_word' id='word_1_159' title='bbox 430 1642 644 1699; x_wconf 87' lang='lat' dir='ltr'>vitamque</span> <span class='ocrx_word' id='word_1_160' title='bbox 674 1643 907 1698; x_wconf 87' lang='lat' dir='ltr'>longiorem</span> <span class='ocrx_word' id='word_1_161' title='bbox 939 1642 1083 1686; x_wconf 89' lang='lat' dir='ltr'>multis</span> <span class='ocrx_word' id='word_1_162' title='bbox 1115 1642 1262 1686; x_wconf 88' lang='lat' dir='ltr'>utilem</span> <span class='ocrx_word' id='word_1_163' title='bbox 1292 1655 1341 1686; x_wconf 87' lang='lat' dir='ltr'>ac</span> <span class='ocrx_word' id='word_1_164' title='bbox 1371 1644 1653 1687; x_wconf 85' lang='lat' dir='ltr'>necessariam</span> 
     </span>
     <span class='ocr_line' id='line_1_19' title="bbox 84 1719 1653 1776; baseline -0.001 -11"><span class='ocrx_word' id='word_1_165' title='bbox 84 1723 379 1767; x_wconf 76' lang='lat' dir='ltr'>memorantes,</span> <span class='ocrx_word' id='word_1_166' title='bbox 421 1720 576 1765; x_wconf 89' lang='lat' dir='ltr'>Verum</span> <span class='ocrx_word' id='word_1_167' title='bbox 609 1720 807 1765; x_wconf 88' lang='lat' dir='ltr'>desiderii</span> <span class='ocrx_word' id='word_1_168' title='bbox 839 1720 1128 1776; x_wconf 88' lang='lat' dir='ltr'>magnitudine</span> <span class='ocrx_word' id='word_1_169' title='bbox 1159 1719 1289 1763; x_wconf 80' lang='lat' dir='ltr'>nichil</span> <span class='ocrx_word' id='word_1_170' title='bbox 1319 1720 1560 1763; x_wconf 91' lang='lat' dir='ltr'>huiusmodi</span> <span class='ocrx_word' id='word_1_171' title='bbox 1585 1734 1653 1764; x_wconf 85' lang='lat' dir='ltr'>ra-</span> 
     </span>
     <span class='ocr_line' id='line_1_20' title="bbox 83 1796 1653 1856; baseline -0.001 -13"><span class='ocrx_word' id='word_1_172' title='bbox 83 1798 245 1844; x_wconf 84' lang='lat' dir='ltr'>tionum</span> <span class='ocrx_word' id='word_1_173' title='bbox 279 1798 425 1842; x_wconf 87' lang='lat' dir='ltr'>audire</span> <span class='ocrx_word' id='word_1_174' title='bbox 454 1798 604 1856; x_wconf 87' lang='lat' dir='ltr'>potuit.</span> <span class='ocrx_word' id='word_1_175' title='bbox 657 1798 756 1842; x_wconf 91' lang='lat' dir='ltr'>Illos</span> <span class='ocrx_word' id='word_1_176' title='bbox 789 1798 929 1855; x_wconf 91' lang='lat' dir='ltr'>potius</span> <span class='ocrx_word' id='word_1_177' title='bbox 960 1797 1123 1841; x_wconf 89' lang='lat' dir='ltr'>modice</span> <span class='ocrx_word' id='word_1_178' title='bbox 1154 1796 1253 1841; x_wconf 86' lang='lat' dir='ltr'>fidei</span> <span class='ocrx_word' id='word_1_179' title='bbox 1284 1811 1463 1853; x_wconf 90' lang='lat' dir='ltr'>arguens</span> <span class='ocrx_word' id='word_1_180' title='bbox 1496 1812 1544 1841; x_wconf 88' lang='lat' dir='ltr'>ac</span> <span class='ocrx_word' id='word_1_181' title='bbox 1575 1812 1653 1855; x_wconf 90' lang='lat' dir='ltr'>pu-</span> 
     </span>
     <span class='ocr_line' id='line_1_21' title="bbox 79 1872 1652 1933; baseline -0.001 -13"><span class='ocrx_word' id='word_1_182' title='bbox 79 1872 419 1921; x_wconf 82' lang='lat' dir='ltr'>sillanimitatem</span> <span class='ocrx_word' id='word_1_183' title='bbox 450 1889 594 1920; x_wconf 86' lang='lat' dir='ltr'>eorum</span> <span class='ocrx_word' id='word_1_184' title='bbox 626 1876 865 1933; x_wconf 90' lang='lat' dir='ltr'>increpans,</span> <span class='ocrx_word' id='word_1_185' title='bbox 902 1875 1027 1919; x_wconf 87' lang='lat' dir='ltr'>fidem</span> <span class='ocrx_word' id='word_1_186' title='bbox 1059 1875 1331 1919; x_wconf 86' lang='lat' dir='ltr'>christianam</span> <span class='ocrx_word' id='word_1_187' title='bbox 1362 1875 1486 1919; x_wconf 83' lang='lat' dir='ltr'>factis</span> <span class='ocrx_word' id='word_1_188' title='bbox 1518 1876 1652 1931; x_wconf 85' lang='lat' dir='ltr'>magis</span> 
     </span>
     <span class='ocr_line' id='line_1_22' title="bbox 82 1953 1653 2010; baseline -0.002 -11"><span class='ocrx_word' id='word_1_189' title='bbox 82 1953 335 1999; x_wconf 87' lang='lat' dir='ltr'>firmandam</span> <span class='ocrx_word' id='word_1_190' title='bbox 366 1953 505 1997; x_wconf 87' lang='lat' dir='ltr'>aiebat</span> <span class='ocrx_word' id='word_1_191' title='bbox 536 1966 662 2009; x_wconf 84' lang='lat' dir='ltr'>quam</span> <span class='ocrx_word' id='word_1_192' title='bbox 685 1953 845 2007; x_wconf 85' lang='lat' dir='ltr'>verbis3</span> <span class='ocrx_word' id='word_1_193' title='bbox 879 1954 1065 2010; x_wconf 88' lang='lat' dir='ltr'>satisque</span> <span class='ocrx_word' id='word_1_194' title='bbox 1096 1954 1252 1997; x_wconf 88' lang='lat' dir='ltr'>inertes</span> <span class='ocrx_word' id='word_1_195' title='bbox 1278 1957 1420 1997; x_wconf 90' lang='lat' dir='ltr'>eterne</span> <span class='ocrx_word' id='word_1_196' title='bbox 1442 1953 1526 1996; x_wconf 91' lang='lat' dir='ltr'>vite</span> <span class='ocrx_word' id='word_1_197' title='bbox 1558 1967 1653 2010; x_wconf 89' lang='lat' dir='ltr'>pre-</span> 
     </span>
     <span class='ocr_line' id='line_1_23' title="bbox 84 2023 1702 2088; baseline -0.002 -12"><span class='ocrx_word' id='word_1_198' title='bbox 84 2031 307 2087; x_wconf 80' lang='lat' dir='ltr'>dicatores,</span> <span class='ocrx_word' id='word_1_199' title='bbox 344 2031 416 2088; x_wconf 89' lang='lat' dir='ltr'>qui</span> <span class='ocrx_word' id='word_1_200' title='bbox 447 2044 524 2088; x_wconf 90' lang='lat' dir='ltr'>pro</span> <span class='ocrx_word' id='word_1_201' title='bbox 555 2030 630 2073; x_wconf 86' lang='lat' dir='ltr'>illa</span> <span class='ocrx_word' id='word_1_202' title='bbox 660 2030 790 2073; x_wconf 86' lang='lat' dir='ltr'>vitam</span> <span class='ocrx_word' id='word_1_203' title='bbox 822 2035 1060 2087; x_wconf 87' lang='lat' dir='ltr'>presentem</span> <span class='ocrx_word' id='word_1_204' title='bbox 1094 2031 1331 2088; x_wconf 84' lang='lat' dir='ltr'>expendere</span> <span class='ocrx_word' id='word_1_205' title='bbox 1361 2030 1650 2074; x_wconf 86' lang='lat' dir='ltr'>formidarent.</span> <span class='ocrx_word' id='word_1_206' title='bbox 1696 2023 1702 2027; x_wconf 62' lang='grc'>’</span> 
     </span>
     <span class='ocr_line' id='line_1_24' title="bbox 83 2107 1651 2168; baseline -0.003 -13"><span class='ocrx_word' id='word_1_207' title='bbox 83 2110 142 2154; x_wconf 74' lang='lat' dir='ltr'>Et</span> <span class='ocrx_word' id='word_1_208' title='bbox 178 2111 285 2168; x_wconf 74' lang='lat' dir='ltr'>quid</span> <span class='ocrx_word' id='word_1_209' title='bbox 319 2107 479 2165; x_wconf 80' lang='lat' dir='ltr'>inquit&#39;¹</span> <span class='ocrx_word' id='word_1_210' title='bbox 509 2109 651 2163; x_wconf 78' lang='lat' dir='ltr'>fieret,</span> <span class='ocrx_word' id='word_1_211' title='bbox 694 2111 734 2151; x_wconf 70' lang='lat' dir='ltr'>si</span> <span class='ocrx_word' id='word_1_212' title='bbox 769 2111 815 2151; x_wconf 80' lang='lat' dir='ltr'>in</span> <span class='ocrx_word' id='word_1_213' title='bbox 848 2109 911 2151; x_wconf 73' lang='lat' dir='ltr'>his</span> <span class='ocrx_word' id='word_1_214' title='bbox 943 2110 1136 2152; x_wconf 80' lang='lat' dir='ltr'>barbaris</span> <span class='ocrx_word' id='word_1_215' title='bbox 1166 2109 1407 2152; x_wconf 73' lang='lat' dir='ltr'>nationibus</span> <span class='ocrx_word' id='word_1_216' title='bbox 1439 2109 1651 2165; x_wconf 71' lang='lat' dir='ltr'>euanyeli-</span> 
     </span>
     <span class='ocr_line' id='line_1_25' title="bbox 83 2185 1650 2244; baseline -0.001 -13"><span class='ocrx_word' id='word_1_217' title='bbox 83 2195 227 2231; x_wconf 72' lang='lat' dir='ltr'>zantee·</span> <span class='ocrx_word' id='word_1_218' title='bbox 252 2202 333 2244; x_wconf 82' lang='lat' dir='ltr'>pro</span> <span class='ocrx_word' id='word_1_219' title='bbox 356 2185 512 2230; x_wconf 56' lang='lat' dir='ltr'>Christi</span> <span class='ocrx_word' id='word_1_220' title='bbox 540 2188 707 2229; x_wconf 78' lang='lat' dir='ltr'>nomine</span> <span class='ocrx_word' id='word_1_221' title='bbox 739 2201 878 2229; x_wconf 73' lang='lat' dir='ltr'>omnes</span> <span class='ocrx_word' id='word_1_222' title='bbox 911 2187 1269 2230; x_wconf 75' lang='lat' dir='ltr'>occumberemus?</span> <span class='ocrx_word' id='word_1_223' title='bbox 1313 2186 1532 2228; x_wconf 82' lang='lat' dir='ltr'>Nimirum</span> <span class='ocrx_word' id='word_1_224' title='bbox 1556 2187 1650 2242; x_wconf 72' lang='lat' dir='ltr'>qlo-</span> 
     </span>
     <span class='ocr_line' id='line_1_26' title="bbox 83 2256 1648 2322; baseline -0.003 -12"><span class='ocrx_word' id='word_1_225' title='bbox 83 2256 240 2310; x_wconf 70' lang='lat' dir='ltr'>riosior</span> <span class='ocrx_word' id='word_1_226' title='bbox 261 2273 364 2308; x_wconf 69' lang='lat' dir='ltr'>esset</span> <span class='ocrx_word' id='word_1_227' title='bbox 386 2264 639 2322; x_wconf 76' lang='lat' dir='ltr'>predicatio,</span> <span class='ocrx_word' id='word_1_228' title='bbox 675 2278 753 2320; x_wconf 83' lang='lat' dir='ltr'>que</span> <span class='ocrx_word' id='word_1_229' title='bbox 774 2266 996 2307; x_wconf 76' lang='lat' dir='ltr'>martirum</span> <span class='ocrx_word' id='word_1_230' title='bbox 1017 2266 1221 2321; x_wconf 71' lang='lat' dir='ltr'>sanquine</span> <span class='ocrx_word' id='word_1_231' title='bbox 1237 2264 1497 2319; x_wconf 76' lang='lat' dir='ltr'>firmaretur.</span> <span class='ocrx_word' id='word_1_232' title='bbox 1548 2263 1648 2317; x_wconf 83' lang='lat' dir='ltr'>Sed,</span> 
     </span>
     <span class='ocr_line' id='line_1_27' title="bbox 85 2341 1650 2398; baseline -0.001 -12"><span class='ocrx_word' id='word_1_233' title='bbox 85 2358 108 2387; x_wconf 93' lang='grc' dir='ltr'><strong><em>ο</em></strong></span> <span class='ocrx_word' id='word_1_234' title='bbox 129 2343 264 2396; x_wconf 83' lang='lat' dir='ltr'>dolor,</span> <span class='ocrx_word' id='word_1_235' title='bbox 298 2343 350 2385; x_wconf 88' lang='lat' dir='ltr'>de</span> <span class='ocrx_word' id='word_1_236' title='bbox 379 2349 493 2385; x_wconf 76' lang='lat' dir='ltr'>tanto</span> <span class='ocrx_word' id='word_1_237' title='bbox 511 2341 708 2397; x_wconf 78' lang='lat' dir='ltr'>fratrum</span> <span class='ocrx_word' id='word_1_238' title='bbox 738 2356 910 2385; x_wconf 79' lang='lat' dir='ltr'>numero</span> <span class='ocrx_word' id='word_1_239' title='bbox 941 2357 1016 2385; x_wconf 76' lang='lat' dir='ltr'>uec</span> <span class='ocrx_word' id='word_1_240' title='bbox 1036 2357 1158 2395; x_wconf 76' lang='lat' dir='ltr'>unus,</span> <span class='ocrx_word' id='word_1_241' title='bbox 1188 2350 1307 2398; x_wconf 79' lang='lat' dir='ltr'>puto,</span> <span class='ocrx_word' id='word_1_242' title='bbox 1340 2342 1494 2397; x_wconf 71' lang='lat' dir='ltr'>diqnus</span> <span class='ocrx_word' id='word_1_243' title='bbox 1525 2342 1650 2385; x_wconf 70' lang='lat' dir='ltr'>habe-</span> 
     </span>
     <span class='ocr_line' id='line_1_28' title="bbox 84 2419 1649 2476; baseline -0.002 -12"><span class='ocrx_word' id='word_1_244' title='bbox 84 2421 216 2474; x_wconf 73' lang='lat' dir='ltr'>bimr,</span> <span class='ocrx_word' id='word_1_245' title='bbox 263 2428 394 2463; x_wconf 81' lang='lat' dir='ltr'>morte</span> <span class='ocrx_word' id='word_1_246' title='bbox 438 2434 516 2461; x_wconf 73' lang='lat' dir='ltr'>sua</span> <span class='ocrx_word' id='word_1_247' title='bbox 562 2420 643 2462; x_wconf 75' lang='lat' dir='ltr'>vite</span> <span class='ocrx_word' id='word_1_248' title='bbox 682 2433 810 2475; x_wconf 82' lang='lat' dir='ltr'>qua-m</span> <span class='ocrx_word' id='word_1_249' title='bbox 847 2434 1064 2476; x_wconf 72' lang='lat' dir='ltr'>speramus</span> <span class='ocrx_word' id='word_1_250' title='bbox 1101 2419 1318 2476; x_wconf 70' lang='lat' dir='ltr'>perhibere</span> <span class='ocrx_word' id='word_1_251' title='bbox 1357 2420 1649 2462; x_wconf 68' lang='lat' dir='ltr'>testimonium.</span> 
     </span>
     <span class='ocr_line' id='line_1_29' title="bbox 84 2495 1434 2554; baseline -0.001 -14"><span class='ocrx_word' id='word_1_252' title='bbox 84 2497 216 2554; x_wconf 88' lang='lat' dir='ltr'>Atqui</span> <span class='ocrx_word' id='word_1_253' title='bbox 247 2496 386 2540; x_wconf 85' lang='lat' dir='ltr'>verbis</span> <span class='ocrx_word' id='word_1_254' title='bbox 417 2495 572 2539; x_wconf 89' lang='lat' dir='ltr'>talibus</span> <span class='ocrx_word' id='word_1_255' title='bbox 605 2495 857 2540; x_wconf 86' lang='lat' dir='ltr'>verecundia</span> <span class='ocrx_word' id='word_1_256' title='bbox 886 2499 988 2539; x_wconf 86' lang='lat' dir='ltr'>nata</span> <span class='ocrx_word' id='word_1_257' title='bbox 1018 2499 1083 2539; x_wconf 88' lang='lat' dir='ltr'>est</span> <span class='ocrx_word' id='word_1_258' title='bbox 1112 2495 1434 2552; x_wconf 76' lang='lat' dir='ltr'>trepidantibus,</span> 
     </span>
     <span class='ocr_line' id='line_1_30' title="bbox 206 2572 1649 2627; baseline -0.002 -10"><span class='ocrx_word' id='word_1_259' title='bbox 206 2574 273 2617; x_wconf 81' lang='lat'>12.</span> <span class='ocrx_word' id='word_1_260' title='bbox 313 2573 532 2617; x_wconf 88' lang='lat' dir='ltr'>Udalricus</span> <span class='ocrx_word' id='word_1_261' title='bbox 561 2577 699 2617; x_wconf 86' lang='lat' dir='ltr'>autem</span> <span class='ocrx_word' id='word_1_262' title='bbox 724 2573 974 2617; x_wconf 86' lang='lat' dir='ltr'>venerabilis</span> <span class='ocrx_word' id='word_1_263' title='bbox 1005 2573 1198 2616; x_wconf 88' lang='lat' dir='ltr'>sacerdos</span> <span class='ocrx_word' id='word_1_264' title='bbox 1220 2572 1479 2616; x_wconf 86' lang='lat' dir='ltr'>constantior</span> <span class='ocrx_word' id='word_1_265' title='bbox 1499 2572 1649 2627; x_wconf 85' lang='lat' dir='ltr'>factus,</span> 
     </span>
     <span class='ocr_line' id='line_1_31' title="bbox 83 2648 1649 2706; baseline -0.001 -11"><span class='ocrx_word' id='word_1_266' title='bbox 83 2651 219 2696; x_wconf 82' lang='lat' dir='ltr'>sciens</span> <span class='ocrx_word' id='word_1_267' title='bbox 248 2650 328 2694; x_wconf 88' lang='lat' dir='ltr'>hoc</span> <span class='ocrx_word' id='word_1_268' title='bbox 359 2651 486 2694; x_wconf 86' lang='lat' dir='ltr'>etiam</span> <span class='ocrx_word' id='word_1_269' title='bbox 518 2650 608 2693; x_wconf 89' lang='lat' dir='ltr'>seni</span> <span class='ocrx_word' id='word_1_270' title='bbox 641 2650 830 2706; x_wconf 88' lang='lat' dir='ltr'>placere,</span> <span class='ocrx_word' id='word_1_271' title='bbox 861 2649 958 2692; x_wconf 90' lang='lat' dir='ltr'>huic</span> <span class='ocrx_word' id='word_1_272' title='bbox 990 2664 1034 2693; x_wconf 90' lang='lat' dir='ltr'>se</span> <span class='ocrx_word' id='word_1_273' title='bbox 1066 2649 1251 2706; x_wconf 88' lang='lat' dir='ltr'>periculo</span> <span class='ocrx_word' id='word_1_274' title='bbox 1283 2648 1518 2705; x_wconf 87' lang='lat' dir='ltr'>intrepidus</span> <span class='ocrx_word' id='word_1_275' title='bbox 1551 2648 1649 2693; x_wconf 84' lang='lat' dir='ltr'>offe-</span> 
     </span>
     <span class='ocr_line' id='line_1_32' title="bbox 83 2726 1650 2783; baseline -0.002 -11"><span class='ocrx_word' id='word_1_276' title='bbox 83 2728 216 2783; x_wconf 87' lang='lat' dir='ltr'>rebat,</span> <span class='ocrx_word' id='word_1_277' title='bbox 247 2728 442 2772; x_wconf 89' lang='lat' dir='ltr'>comitem</span> <span class='ocrx_word' id='word_1_278' title='bbox 475 2731 640 2771; x_wconf 86' lang='lat' dir='ltr'>tantum</span> <span class='ocrx_word' id='word_1_279' title='bbox 674 2730 720 2770; x_wconf 92' lang='lat' dir='ltr'>ut</span> <span class='ocrx_word' id='word_1_280' title='bbox 741 2727 807 2771; x_wconf 86' lang='lat' dir='ltr'>vie</span> <span class='ocrx_word' id='word_1_281' title='bbox 839 2727 986 2770; x_wconf 81' lang='lat' dir='ltr'>ducem</span> <span class='ocrx_word' id='word_1_282' title='bbox 1019 2726 1250 2783; x_wconf 88' lang='lat' dir='ltr'>postulans.</span> <span class='ocrx_word' id='word_1_283' title='bbox 1303 2726 1491 2783; x_wconf 90' lang='lat' dir='ltr'>Accepta</span> <span class='ocrx_word' id='word_1_284' title='bbox 1521 2726 1650 2781; x_wconf 89' lang='lat' dir='ltr'>igitur</span> 
     </span>
    </p>
   </div>
   <div class='ocr_carea' id='block_1_4' title="bbox 83 2826 1648 2970">
    <p class='ocr_par' dir='ltr' id='par_1_4' title="bbox 83 2826 1648 2970">
     <span class='ocr_line' id='line_1_33' title="bbox 178 2826 1648 2867; baseline -0.002 -8"><span class='ocrx_word' id='word_1_285' title='bbox 178 2838 205 2859; x_wconf 77' lang='lat' dir='ltr'>a.</span> <span class='ocrx_word' id='word_1_286' title='bbox 237 2827 340 2858; x_wconf 79' lang='lat' dir='ltr'>Huius</span> <span class='ocrx_word' id='word_1_287' title='bbox 361 2827 475 2867; x_wconf 76' lang='lat' dir='ltr'>capitis</span> <span class='ocrx_word' id='word_1_288' title='bbox 505 2827 613 2858; x_wconf 80' lang='lat' dir='ltr'>lemnm</span> <span class='ocrx_word' id='word_1_289' title='bbox 642 2827 675 2857; x_wconf 75' lang='lat' dir='ltr'>in</span> <span class='ocrx_word' id='word_1_290' title='bbox 698 2828 732 2857; x_wconf 90' lang='lat' dir='ltr'><em>N</em></span> <span class='ocrx_word' id='word_1_291' title='bbox 751 2827 806 2858; x_wconf 77' lang='lat' dir='ltr'>hoc</span> <span class='ocrx_word' id='word_1_292' title='bbox 827 2832 889 2857; x_wconf 76' lang='lat' dir='ltr'>esc.-</span> <span class='ocrx_word' id='word_1_293' title='bbox 918 2827 963 2857; x_wconf 87' lang='lat' dir='ltr'>De</span> <span class='ocrx_word' id='word_1_294' title='bbox 987 2827 1110 2866; x_wconf 67' lang='lat' dir='ltr'>uetanis.</span> <span class='ocrx_word' id='word_1_295' title='bbox 1131 2826 1229 2857; x_wconf 82' lang='lat' dir='ltr'>insula</span> <span class='ocrx_word' id='word_1_296' title='bbox 1254 2827 1285 2856; x_wconf 86' lang='lat' dir='ltr'>et</span> <span class='ocrx_word' id='word_1_297' title='bbox 1307 2828 1394 2864; x_wconf 81' lang='lat' dir='ltr'>gente</span> <span class='ocrx_word' id='word_1_298' title='bbox 1417 2826 1648 2863; x_wconf 80' lang='lat' dir='ltr'>barbarissima3</span> 
     </span>
     <span class='ocr_line' id='line_1_34' title="bbox 84 2878 1648 2920; baseline -0.001 -9"><span class='ocrx_word' id='word_1_299' title='bbox 84 2882 118 2912; x_wconf 73' lang='lat' dir='ltr'>in</span> <span class='ocrx_word' id='word_1_300' title='bbox 132 2882 162 2912; x_wconf 91' lang='lat' dir='ltr'><em>B</em></span> <span class='ocrx_word' id='word_1_301' title='bbox 183 2881 239 2912; x_wconf 75' lang='lat' dir='ltr'>hoc</span> <span class='ocrx_word' id='word_1_302' title='bbox 261 2880 391 2920; x_wconf 66' lang='lat' dir='ltr'>legitur.-</span> <span class='ocrx_word' id='word_1_303' title='bbox 413 2880 457 2910; x_wconf 83' lang='lat' dir='ltr'>De</span> <span class='ocrx_word' id='word_1_304' title='bbox 480 2882 604 2910; x_wconf 84' lang='lat' dir='ltr'>ucrania</span> <span class='ocrx_word' id='word_1_305' title='bbox 625 2881 723 2911; x_wconf 84' lang='lat' dir='ltr'>insula</span> <span class='ocrx_word' id='word_1_306' title='bbox 745 2882 775 2910; x_wconf 87' lang='lat' dir='ltr'>ot</span> <span class='ocrx_word' id='word_1_307' title='bbox 797 2882 885 2917; x_wconf 78' lang='lat' dir='ltr'>gente</span> <span class='ocrx_word' id='word_1_308' title='bbox 907 2879 1108 2916; x_wconf 80' lang='lat' dir='ltr'>barbarisma;</span> <span class='ocrx_word' id='word_1_309' title='bbox 1131 2879 1165 2910; x_wconf 80' lang='lat' dir='ltr'>in</span> <span class='ocrx_word' id='word_1_310' title='bbox 1181 2880 1210 2909; x_wconf 81' lang='lat' dir='ltr'><em>R</em></span> <span class='ocrx_word' id='word_1_311' title='bbox 1232 2878 1287 2909; x_wconf 85' lang='lat' dir='ltr'>hoc</span> <span class='ocrx_word' id='word_1_312' title='bbox 1306 2883 1367 2909; x_wconf 80' lang='lat' dir='ltr'>est.-</span> <span class='ocrx_word' id='word_1_313' title='bbox 1389 2879 1547 2917; x_wconf 89' lang='lat' dir='ltr'>Quomodo</span> <span class='ocrx_word' id='word_1_314' title='bbox 1563 2888 1648 2909; x_wconf 82' lang='lat' dir='ltr'>ucra-</span> 
     </span>
     <span class='ocr_line' id='line_1_35' title="bbox 83 2932 1648 2970; baseline -0.003 -5"><span class='ocrx_word' id='word_1_315' title='bbox 83 2935 166 2965; x_wconf 73' lang='lat' dir='ltr'>niam</span> <span class='ocrx_word' id='word_1_316' title='bbox 187 2933 317 2964; x_wconf 85' lang='lat' dir='ltr'>insulam</span> <span class='ocrx_word' id='word_1_317' title='bbox 339 2935 514 2964; x_wconf 81' lang='lat' dir='ltr'>convertere</span> <span class='ocrx_word' id='word_1_318' title='bbox 536 2933 674 2964; x_wconf 79' lang='lat' dir='ltr'>voluerit.</span> <span class='ocrx_word' id='word_1_319' title='bbox 843 2933 872 2961; x_wconf 93' lang='lat' dir='ltr'>b.</span> <span class='ocrx_word' id='word_1_320' title='bbox 905 2932 950 2963; x_wconf 74' lang='lat' dir='ltr'>sic</span> <span class='ocrx_word' id='word_1_321' title='bbox 973 2933 1075 2962; x_wconf 83' lang='lat' dir='ltr'><em>NBR.</em></span> <span class='ocrx_word' id='word_1_322' title='bbox 1242 2941 1268 2962; x_wconf 86' lang='lat' dir='ltr'>c.</span> <span class='ocrx_word' id='word_1_323' title='bbox 1301 2933 1383 2963; x_wconf 88' lang='lat' dir='ltr'>illius</span> <span class='ocrx_word' id='word_1_324' title='bbox 1402 2933 1443 2970; x_wconf 91' lang='lat' dir='ltr'>N,</span> <span class='ocrx_word' id='word_1_325' title='bbox 1467 2932 1556 2963; x_wconf 89' lang='lat' dir='ltr'>huius</span> <span class='ocrx_word' id='word_1_326' title='bbox 1579 2932 1648 2962; x_wconf 81' lang='lat' dir='ltr'>BR.</span> 
     </span>
    </p>
   </div>
   <div class='ocr_carea' id='block_1_5' title="bbox 85 2986 1071 3090">
    <p class='ocr_par' dir='ltr' id='par_1_5' title="bbox 85 2986 1071 3090">
     <span class='ocr_line' id='line_1_36' title="bbox 85 2986 543 3026; baseline -0.002 -9"><span class='ocrx_word' id='word_1_327' title='bbox 85 2986 114 3017; x_wconf 85' lang='lat' dir='ltr'>d.</span> <span class='ocrx_word' id='word_1_328' title='bbox 147 2986 268 3026; x_wconf 81' lang='lat' dir='ltr'>inquam</span> <span class='ocrx_word' id='word_1_329' title='bbox 291 2986 363 3022; x_wconf 84' lang='lat' dir='ltr'>NR,</span> <span class='ocrx_word' id='word_1_330' title='bbox 386 2986 485 3026; x_wconf 85' lang='lat' dir='ltr'>inquit</span> <span class='ocrx_word' id='word_1_331' title='bbox 505 2987 543 3016; x_wconf 89' lang='lat' dir='ltr'>B.</span> 
     </span>
     <span class='ocr_line' id='line_1_37' title="bbox 180 3042 1071 3090; baseline -0.003 -10"><span class='ocrx_word' id='word_1_332' title='bbox 180 3044 213 3079; x_wconf 92' lang='lat'>1.</span> <span class='ocrx_word' id='word_1_333' title='bbox 246 3042 301 3080; x_wconf 83' lang='lat' dir='ltr'>Cf.</span> <span class='ocrx_word' id='word_1_334' title='bbox 327 3042 407 3090; x_wconf 81' lang='lat' dir='ltr'>Ebo</span> <span class='ocrx_word' id='word_1_335' title='bbox 432 3043 485 3079; x_wconf 90' lang='lat'>111</span> <span class='ocrx_word' id='word_1_336' title='bbox 513 3043 576 3089; x_wconf 82' lang='lat'>143</span> <span class='ocrx_word' id='word_1_337' title='bbox 602 3054 637 3078; x_wconf 85' lang='lat' dir='ltr'>V.</span> <span class='ocrx_word' id='word_1_338' title='bbox 664 3042 772 3079; x_wconf 85' lang='lat' dir='ltr'>etiam</span> <span class='ocrx_word' id='word_1_339' title='bbox 801 3052 912 3089; x_wconf 84' lang='lat' dir='ltr'>supra</span> <span class='ocrx_word' id='word_1_340' title='bbox 936 3053 972 3088; x_wconf 88' lang='lat' dir='ltr'>p.</span> <span class='ocrx_word' id='word_1_341' title='bbox 990 3042 1071 3078; x_wconf 83' lang='lat'>699.</span> 
     </span>
    </p>
   </div>
  </div>
 </body>
</html>
