2028 3438
615 253 846 286 UDAmer
867 251 1037 284 oonnx.
1088 249 1155 284 168
1585 239 1670 282 297

105 345 491 421 ebwuauumoeema
501 360 742 406 antichristi
758 359 906 405 eodem
922 362 1106 404 scemate
1123 359 1279 403 eisdem
1295 358 1500 414 vestigii8‚
1523 358 1673 414 quibus
1698 378 1729 405 ο.
1746 368 1839 405 1115

104 439 437 494 &secuturus-
458 442 536 494 est,
567 441 910 496 praecurrentem
941 437 1160 481 advertite.

116 516 528 562 :tuffilmmritimis
558 516 744 573 primum
775 514 878 559 locis
910 515 1007 559 rudi
1037 513 1192 571 populo
1224 516 1266 558 et
1300 512 1545 556 infirmioris
1576 511 1674 556 fidei

105 607 312 641 monum
349 593 551 652 perfidiae
588 607 690 636 suae
727 593 909 636 miscuit.
961 591 1018 636 Et
1055 606 1130 649 per
1168 594 1384 635 matronas
1423 593 1467 634 et
1501 590 1673 634 mulier-

105 672 445 729 culaflwquarum
474 670 835 715 familiaritatibus
866 673 909 714 et
939 673 1100 714 secreta
1130 668 1405 713 collocutione
1437 671 1480 712 et
1508 667 1674 725 privato

105 749 607 802 accubitu=flibentissime
635 748 853 803 utebatur,
890 761 1053 791 errores
1084 759 1182 791 suos
1214 746 1444 803 paulatim⁸
1475 759 1675 802 spargere

104 826 401 885 oepitgs'dein*
429 840 508 884 per
545 826 744 881 coniuges
783 826 898 882 ipsos
938 826 1065 869 etiam
1105 825 1303 868 maritos⁶
1335 822 1536 880 perfidiae
1574 837 1675 867 suae

103 904 500 962 laqueis-*irretivit
555 903 644 947 Nec
673 904 758 947 iam
790 904 836 947 in
872 903 1057 947 tenebris
1089 902 1155 946 vel
1193 901 1395 946 cubiculis
1433 901 1507 944 sed
1547 914 1675 957 super

104 982 492 1040 teotawpmedioare
514 981 743 1039 incipiens,
774 982 818 1024 in
847 980 1088 1038 patentibus
1109 980 1270 1037 campis
1290 979 1376 1023 late
1396 978 1675 1022 circumfusae

104 1059 367 1105 multitudini
386 1059 779 1104 'sermocinabatur‘
810 1061 866 1114 et,
898 1058 1035 1102 velutd
1063 1071 1141 1102 rex
1170 1058 1492 1101 concionaturus
1525 1056 1579 1100 ad
1600 1070 1674 1114 po-

105 1137 267 1195 pulum,
298 1137 479 1195 stipatus
510 1136 762 1180 satellitibus
794 1136 995 1180 vexillum
1029 1139 1071 1179 et
1100 1135 1288 1190 gladium
1324 1134 1674 1192 praeferentibus,

105 1215 224 1260 velut
250 1228 351 1259 cum
382 1214 620 1270 insignibus
649 1214 882 1270 regalibus,
926 1227 1162 1258 sermonem
1200 1214 1409 1267 facturus,
1449 1213 1675 1269 procedere

105 1292 280 1338 solebat„
330 1292 544 1337 Audiebat
580 1291 701 1335 illum
736 1291 918 1349 populus
957 1292 1153 1336 seductus
1191 1291 1322 1335 sicut⁰
1353 1290 1549 1346 angelum
1580 1290 1673 1335 Dei.

105 1370 369 1425 Inmo,.vcre
398 1371 494 1428 ipse
522 1369 695 1425 angelus
727 1370 930 1413 sathanae
961 1369 1244 1413 declamabat:
1278 1368 1476 1412 ecclesias
1499 1368 1580 1412 Dei
1610 1368 1675 1411 lu-

105 1449 285 1507 panaria
313 1462 407 1493 esse
435 1448 691 1505 reputanda3
724 1448 854 1492 nichil
886 1462 990 1503 esse,
1024 1447 1135 1503 quod
1166 1447 1431 1491 sacerdotum
1464 1446 1600 1490 officio
1630 1447 1676 1490 in

105 1534 254 1571 mensa
283 1526 495 1571 dominica
523 1525 811 1581 conficeretur,
847 1526 1098 1583 pollutiones
1130 1539 1215 1568 non
1247 1527 1511 1568 sacramenta
1540 1524 1677 1567 nomi-

106 1604 266 1659 nanda}
296 1618 355 1653 ex
368 1604 532 1648 meritis
554 1608 597 1648 et
617 1604 839 1647 sanctitate
860 1605 1151 1667 ministrorum
1172 1603 1372 1646 virtutem
1401 1602 1676 1656 sacramentis

105 1682 323 1736 accedere3
357 1699 450 1726 cum
471 1703 526 1712 ——
551 1696 605 1726 ex
625 1682 765 1725 verbis
789 1683 922 1726 sancti
944 1681 1173 1737 Augustini
1195 1705 1250 1711 —-
1273 1683 1467 1725 dominus
1489 1680 1676 1724 Christus

106 1763 353 1805 traditorem
373 1776 509 1814 suum,
543 1776 664 1818 quem
685 1762 899 1804 diabolum
919 1762 1165 1814 nominavit,
1194 1757 1274 1817 'qui
1293 1768 1388 1803 ante
1407 1761 1676 1803 traditionem

105 1839 289 1884 Domini
314 1854 391 1883 nec
419 1839 568 1882 loculis
599 1841 821 1882 dominicis
841 1839 974 1893 fidem
1002 1840 1142 1896 potuit
1172 1839 1373 1892 exhibere,
1409 1853 1502 1880 eum
1533 1839 1676 1880 ceteris

106 1917 310 1975 apostolic
341 1918 405 1960 ad'
424 1918 762 1974 praedicandum
791 1932 967 1973 reynum
998 1917 1208 1959 caelorum
1234 1918 1406 1969 miserit,
1439 1925 1487 1959 ut
1506 1917 1675 1958 demon-

106 2003 280 2039 straret:
326 1996 440 2038 dona
477 1995 566 2038 Dei
598 1996 818 2052 pervenire
856 1997 914 2037 ad
952 2010 1040 2048 eos,
1083 1997 1161 2052 qui
1197 2010 1290 2038 eum
1318 1995 1409 2049 fide
1446 1996 1674 2051 accipiunt,

107 2075 272 2118 etiamsi
300 2073 398 2117 talia
427 2075 495 2127 eit,
532 2088 611 2130 per
641 2088 762 2130 quem
794 2075 1022 2130 accipiunt,
1057 2074 1195 2129 qualis
1228 2073 1360 2115 Iudas
1386 2072 1483 2127 fuit
1495 2069 1517 2114 ¹.
1570 2071 1677 2115 Item

106 2150 390 2206 Augustinus:
425 2151 479 2195 Si
506 2153 554 2194 in
581 2152 866 2209 percipiendis
897 2153 1172 2194 sacramentis
1199 2152 1340 2193 dantis
1373 2159 1409 2193 et
1432 2151 1677 2207 accipientis

105 2231 300 2273 maieritum
330 2238 390 2272 eet
422 2231 796 2281 considerandum,
837 2230 893 2271 sit
922 2230 1063 2271 dantis
1093 2229 1183 2271 Dei
1220 2237 1257 2271 et
1294 2230 1538 2285 accipientis
1577 2243 1675 2270 con-

106 2309 304 2351 scientiae
332 2322 459 2350 meae.
515 2307 604 2349 Hee
636 2309 745 2349 enim
776 2308 859 2349 duo
899 2321 985 2348 non
1016 2307 1122 2349 mihi
1156 2308 1315 2349 incerta
1352 2315 1469 2358 sunt,
1512 2306 1677 2348 bonitas

107 2385 224 2429 illiue
255 2394 293 2428 et
319 2386 429 2440 fides
460 2400 564 2428 mea.
623 2384 739 2438 Quid
778 2393 815 2427 te
845 2386 1101 2441 interponis,
1143 2385 1193 2426 de
1232 2399 1313 2440 quo
1353 2393 1508 2427 certum
1546 2384 1680 2426 nichil

107 2465 214 2506 seire
241 2463 441 2520 possum?
487 2462 592 2506 Sine
611 2478 675 2505 me
696 2464 854 2505 dicere.-
887 2462 970 2514 „In
991 2462 1179 2504 Domino
1202 2462 1416 2517 eonfid0“,·
1447 2477 1547 2504 nam
1572 2464 1613 2504 si
1631 2464 1677 2504 in

108 2549 147 2584 te
165 2542 342 2596 confido,
365 2542 476 2583 unde
497 2541 673 2595 confido,
691 2542 732 2583 si
749 2541 881 2583 nichil
900 2540 1006 2582 mali
1024 2540 1103 2582 hae
1122 2548 1239 2583 noete
1255 2540 1430 2595 fecisti?
1520 2538 1679 2582 Contra

107 2617 184 2661 has
216 2620 259 2662 et
287 2617 528 2661 huiusmodi
559 2618 789 2662 sententias
822 2616 1051 2671 sacrilegus
1082 2616 1154 2660 ille
1185 2605 1448 2673 declamans,
1482 2616 1677 2660 dehorta-

108 2694 233 2739 batur
262 2695 465 2752 populum
499 2709 524 2739 a
561 2696 831 2753 perceptione
870 2694 1124 2738 sacramenti
1163 2694 1351 2751 corporis
1382 2697 1425 2738 et
1460 2695 1678 2750 sanguinis

108 2772 302 2827 Domini3
342 2773 569 2830 prohibens
600 2774 750 2828 etiam,
789 2773 973 2816 decimas
1005 2771 1211 2814 ministris
1242 2771 1442 2816 ecclesiae
1474 2772 1676 2816 exhiberi.

202 2859 228 2880 a.
260 2859 318 2880 om.
331 2850 370 2880 B.
517 2851 546 2880 b.
581 2850 691 2880 deinde
713 2851 752 2880 B.
899 2859 926 2879 c.
959 2848 1248 2879 sermonicinabatur
1271 2849 1301 2880 V.
1459 2850 1489 2880 d.
1522 2849 1617 2880 veluti
1638 2850 1678 2880 B.

110 2913 136 2933 e.
170 2903 257 2942 quasi
277 2903 308 2934 V.

206 2955 238 2990 1.
264 2954 463 3000 Augustini
497 2955 535 2991 in
566 2955 750 2992 Psalmum
778 2955 823 2990 10
860 2954 1041 2991 enarratio
1074 2964 1154 3000 cap.
1175 2955 1214 2999 6,
1246 2953 1338 3001 Opp.
1364 2954 1423 2991 ed.
1448 2954 1679 2992 Benedictini

109 3013 152 3051 T.
171 3013 221 3050 IV
245 3014 304 3050 47.
