2028 3438
391 252 476 295 732
758 264 995 296 HERBORDI
1024 265 1264 296 DIALOGUS.
1311 266 1397 296 Lm.
1421 266 1437 296 1
1467 263 1523 298 36.
1541 263 1587 298 37

169 379 369 415 1125-1139
390 371 576 413 Lucrum
608 372 819 427 quoddam
857 380 894 414 et
926 373 1251 427 neqociationem
1282 373 1482 428 coqitavi5
1522 381 1604 416 esto
1641 374 1791 417 cociue·
1814 388 1940 417 meuc.

391 447 582 503 Ayamue
601 450 777 504 pariter,
807 457 853 491 ut
874 448 1082 504 defructu
1105 457 1141 491 et
1162 449 1275 491 lucro
1297 450 1473 492 actionis
1491 451 1655 507 pariter
1670 452 1940 507 qaudeamue.

390 525 546 567 Decem
577 539 701 580 equos
741 527 895 582 pannis
928 534 1116 568 oneratos
1147 527 1192 567 in
1224 526 1521 568 Pomeraniam
1551 529 1773 581 missurus,
1814 542 1943 584 opera

391 609 463 644 tua
492 602 673 658 indiqeo.
725 602 897 644 Omnem
935 603 1067 658 iyitur
1097 617 1330 655 annonam,
1374 618 1452 659 que
1487 604 1545 646 ad
1572 619 1672 647 usus
1701 613 1866 648 nonme
1895 606 1942 647 in

388 678 580 734 partibus
604 678 790 721 Samonie
819 681 1001 735 reposita
1032 687 1232 732 servatur,
1265 680 1574 736 inarqentabi8,·
1603 682 1777 738 insuper
1803 695 1942 725 omnes

386 757 588 810 pecunias
620 756 670 796 de
699 756 929 798 redditibus
962 757 1184 797 earundem
1217 758 1407 812 partium
1438 758 1496 799 ad
1524 772 1599 799 nos
1632 740 1940 814 pertinentium,

391 846 495 887 quas
518 832 709 888 colliyere
737 834 907 888 poteris,
941 841 1087 875 cuncta
1118 834 1245 875 simul
1274 835 1332 876 ad
1349 835 1562 876 nundinas
1582 834 1710 877 Halle
1737 835 1939 892 portabis.

389 908 517 951 Nocti
546 910 692 951 etenim
723 910 879 951 nobiles
909 924 1039 966 puros
1072 919 1109 953 et
1135 912 1345 967 preciosos
1373 925 1554 967 pannos,
1586 913 1632 954 in
1658 920 1771 955 terra
1789 912 1941 956 Pome-

388 1000 590 1027 ranorum
623 1000 754 1038 carce,
785 986 917 1042 fruyi
945 996 1127 1030 «mercatu
1151 987 1300 1030 HaZZe⁸
1330 989 1524 1030 inveniri.
1572 987 1712 1044 Iyitur
1741 990 1944 1046 quicquid

390 1078 439 1104 ea*
467 1063 635 1119 prefata
661 1065 844 1119 pecunia
867 1064 1044 1118 sustani
1065 1073 1103 1107 et
1130 1080 1333 1121 purpure,
1367 1065 1550 1118 brunati,
1577 1065 1751 1121 fritsali
1779 1080 1942 1122 quoque

388 1154 459 1182 eeu
490 1140 660 1182 alterius
693 1140 908 1183 cuiuslibet
938 1143 1087 1197 optimi
1113 1144 1276 1197 yeneris
1307 1142 1372 1184 vel
1400 1141 1550 1184 coloris
1575 1156 1819 1199 pannorum
1850 1157 1940 1186 coe-

387 1231 496 1259 mere
529 1219 700 1273 poteriS,
737 1219 782 1259 in
813 1214 997 1259 sacma8¹
1029 1219 1256 1261 concludes.
1306 1218 1511 1275 Aliaeque
1540 1221 1708 1276 species,
1738 1220 1941 1276 qloriolac

389 1302 425 1336 et
454 1308 519 1336 res
547 1294 746 1350 pulchras
778 1310 931 1347 emenS,
975 1298 1115 1338 omnia
1146 1296 1210 1338 levis
1241 1297 1433 1338 iumentis
1468 1297 1514 1338 in
1545 1296 1844 1340 Pomeraniam
1873 1298 1940 1340 di-

387 1372 511 1427 riyes,
539 1373 702 1427 partim
724 1373 835 1414 dona
858 1374 1109 1423 maioribu85
1139 1373 1304 1429 reliqua
1324 1387 1434 1425 vero,
1468 1382 1591 1416 cauta
1610 1375 1845 1417 venditione
1865 1374 1939 1417 ha-

389 1449 487 1501 bita,
518 1450 706 1504 precium
738 1451 927 1505 captivis,
962 1464 1064 1505 quos
1095 1452 1140 1491 in
1162 1450 1364 1492 barbaras
1394 1452 1582 1493 nationes
1613 1451 1811 1494 abductos
1843 1466 1940 1495 con-

388 1527 547 1568 stiterit.
594 1526 683 1568 Hec
704 1534 838 1568 autem
859 1528 910 1578 si,
943 1535 990 1568 ut
1009 1527 1163 1569 dictum
1186 1535 1255 1578 est,
1289 1529 1349 1569 ita
1371 1529 1518 1583 exequi
1537 1529 1811 1583 potuerimus,
1842 1527 1940 1571 ποθ’·

389 1611 432 1645 tu
462 1618 535 1644 nec
567 1617 639 1659 eqo
659 1603 813 1658 fructu
839 1605 984 1645 inanes
1006 1618 1055 1644 ac
1076 1605 1165 1645 sine
1184 1605 1366 1646 mercede
1386 1606 1431 1646 in
1449 1604 1609 1659 futura
1638 1606 1724 1648 vita
1753 1619 1940 1648 remane-

389 1681 534 1722 bimus.
588 1680 685 1722 Hac
724 1682 870 1722 etenim
911 1682 1124 1722 occasione
1162 1683 1418 1737 equitaturae
1464 1689 1560 1723 tuac
1602 1682 1765 1724 abstuli.
1823 1680 1947 1725 Abiit

387 1756 532 1809 homo3
567 1759 608 1799 et
639 1756 736 1811 quia
766 1755 900 1798 fidelis
933 1769 980 1798 ac
1011 1759 1233 1799 strennuus
1263 1760 1365 1812 erat,
1399 1757 1551 1812 omnia,
1584 1757 1692 1801 sicut
1721 1758 1941 1815 episcopus

389 1833 668 1887 ordinaverat,
700 1833 802 1876 haut
834 1833 1016 1887 segniter
1037 1833 1240 1889 implevit.
1361 1833 1633 1878 Munerantur
1662 1834 1939 1889 honestiores3

386 1910 555 1953 institor
586 1910 750 1953 Ottonis
781 1909 996 1964 laudatur,
1035 1910 1172 1952 :forum
1205 1910 1293 1953 eius
1325 1923 1373 1953 ac
1404 1910 1618 1954 distractio
1657 1911 1811 1968 populo
1845 1911 1940 1955 rudi

389 1987 671 2030 ammirationi
707 1986 788 2028 fuit
827 1990 869 2030 et
907 1987 1119 2043 exemplo;
1160 1988 1379 2043 cunctique
1410 1988 1601 2031 certatim
1630 1988 1843 2044 rapientes
1872 2002 1939 2032 res

389 2064 514 2120 duplo
537 2063 742 2119 emebant,
774 2067 863 2106 tum
893 2077 968 2120 pro
989 2063 1209 2108 dilectione
1230 2064 1437 2121 pontificis
1458 2067 1547 2107 tum
1570 2065 1696 2108 etiam
1718 2065 1816 2121 quia
1845 2079 1940 2122 pre-

388 2141 497 2184 cium
530 2141 716 2184 sciebant
746 2154 836 2183 esse
854 2141 1178 2197 redemptionis,

508 2219 576 2260 37.
624 2217 701 2260 His
724 2218 915 2261 omnibus
942 2217 993 2260 ad
1015 2221 1156 2260 votum
1180 2218 1365 2274 episcopi
1386 2217 1608 2274 explicitis,
1640 2218 1817 2262 eundem
1847 2231 1940 2262 eco-

166 2300 367 2335 1131-1139
388 2309 558 2337 nomum
590 2295 721 2338 mittit
753 2294 805 2337 ad
830 2308 969 2349 regem
991 2294 1222 2350 Hunorum,
1254 2294 1371 2337 illum
1403 2295 1523 2338 beate
1554 2308 1719 2351 semper
1739 2295 1938 2339 memorie

388 2371 531 2415 Belam
543 2369 570 2426 ²,
613 2372 684 2427 qui
716 2396 769 2400 —-
805 2385 829 2413 a
859 2351 1008 2427 patruo
1047 2385 1122 2414 suo
1154 2371 1407 2414 Colomanno
1439 2385 1535 2426 rege
1573 2385 1668 2415 cum
1706 2375 1825 2428 patre
1863 2385 1937 2415 suo

388 2448 512 2491 Almo
544 2449 647 2492 duce
677 2448 721 2490 in
753 2448 897 2491 diebus
931 2448 1206 2492 adolescentie
1236 2448 1462 2491 luminibus
1493 2448 1680 2504 privatus
1706 2473 1761 2478 —
1793 2452 1938 2505 postea

389 2525 432 2567 in
453 2538 628 2579 regnum
652 2525 898 2568 sublimatus
920 2529 1001 2578 est3
1025 2525 1235 2580 oculisque
1254 2524 1352 2568 fidei
1375 2539 1423 2569 ac
1443 2526 1650 2582 sapientia
1669 2526 1820 2569 mentis
1842 2539 1937 2582 pre-

390 2601 514 2655 ditus,
547 2615 632 2644 10111
666 2602 877 2658 publicam
898 2601 1162 2655 Ungarorum
1192 2616 1267 2658 per
1299 2615 1427 2645 annos
1458 2602 1598 2658 plures
1628 2604 1819 2657 gnaviter
1849 2610 1943 2646 am*

390 2678 656 2720 ministravit.
779 2678 925 2722 Certus
964 2679 1105 2733 itaque
1136 2678 1186 2721 de
1218 2680 1492 2722 strennuitate
1523 2692 1571 2722 ac
1601 2679 1823 2735 prudentia
1851 2679 1936 2722 Ru⁴

390 2753 499 2808 dolfi,
534 2755 604 2809 qui
635 2755 687 2797 ad
719 2756 858 2798 omnia
889 2756 1027 2798 studia
1057 2755 1339 2799 misericordie
1370 2755 1536 2799 sedulus
1561 2756 1600 2799 ei
1620 2756 1812 2800 minister
1833 2759 1934 2811 erat,

486 2921 512 2941 a.
545 2912 628 2941 Hauc
651 2912 691 2947 N,
714 2912 800 2942 Halle
822 2913 892 2943 BR.
1016 2914 1044 2943 b.
1076 2922 1132 2943 nec
1151 2929 1182 2933 -
1200 2913 1304 2943 inanes
1326 2923 1382 2944 om.
1398 2914 1446 2950 N,·
1471 2913 1575 2953 recepi
1594 2923 1632 2944 ex
1654 2915 1723 2944 BR.

483 2992 515 3027 1.
542 3001 699 3036 sagmas,
982 2994 1015 3028 2.
1049 2993 1082 3027 II
1108 2993 1364 3029 1131—1141.
