2028 3438
611 195 834 228 numum
864 196 1034 229 connx.
1081 195 1140 230 52.
1158 195 1205 230 53
1608 188 1691 231 111

107 299 506 358 ‘ntimfflensmos
523 305 637 350 morta
685 303 876 359 videtur,
926 303 1080 348 devota
1120 304 1418 349 satisfactione
1470 306 1694 350 emendare
1721 317 1813 353 1076

119 377 289 436 mh.
342 401 467 422 ‘-...-›.
531 414 534 419 .
620 381 632 395 x
1146 418 1147 421 Ἴ
1739 366 1805 396 Oct.

126 454 347 508 rvz‘tQuia
383 469 483 501 vero
520 458 717 513 graviora
755 458 960 516 quaedam
994 458 1044 502 de
1085 459 1206 503 nobis
1237 460 1470 516 iactantur,
1511 475 1618 517 quae
1648 462 1694 504 in

119 532 474 589 eandefflsedam.
500 538 547 579 et
569 538 692 590 ,tuam
722 536 1004 589 reverentiam
1037 537 1273 593 statuerim,
1307 551 1358 582 ea
1379 551 1564 594 congruo
1586 541 1693 583 tem-

118 623 223 668 pore
251 611 322 666 vel
342 611 613 667 innocentiae
633 612 832 670 suffragio
864 617 936 658 et·v
960 614 1194 672 opitulante
1212 615 1306 659 Deo
1335 616 1594 673 expurgabo,
1626 616 1694 660 vel

118 691 210 744 mm
225 688 401 747 ,demum
430 690 596 748 probis
617 695 926 749 competentem
945 692 1222 750 penitentiam
1244 693 1425 743 libenter
1446 694 1692 752 amplectar.

126 805 131 815 .
170 782 191 819 :s
231 766 452 821 Gondeoet
487 771 628 822 autem
660 773 703 813 et
733 770 998 814 sanctitatem
1031 773 1169 815 tuam:
1208 785 1272 828 ea,
1309 785 1417 828 quae
1447 772 1499 816 de
1529 776 1572 816 te
1602 772 1694 816 vul-

117 848 219 902 gata
247 846 493 892 scandalum
522 847 724 892 ecclesiae
754 848 940 905 pariunt,
972 862 1057 892 non
1088 849 1377 904 dissimulare;
1410 850 1498 906 sed,
1529 854 1692 894 remoto

119 937 161 978 a»
174 923 345 981 publica
374 925 631 979 conscientia
667 928 710 970 et
745 925 825 969 hoc
855 926 1075 984 scrupulo,
1113 927 1396 972 universalem
1436 931 1522 972 tam
1563 928 1694 973 eccle-

119 1002 219 1053 siae,
239 1015 367 1059 quam
396 1003 518 1059 regni
547 1003 898 1060 tranquillitatem
928 1017 1006 1061 per
1035 1007 1151 1048 tuam
1182 1006 1439 1063 sapientiam
1470 1006 1664 1050 stabiliri.

122 1130 204 1203 531.
233 1147 463 1207 Heinricus
473 1147 505 1191 I
508 1148 550 1191 V
571 1164 647 1192 rea:
659 1148 932 1206 principibus
953 1149 1176 1206 siynificat,
1206 1151 1294 1192 iam
1316 1165 1358 1193 se
1383 1148 1588 1208 Greqorio
1607 1150 1700 1195 VII

125 1264 150 1278 7,
235 1226 724 1290 papae-satisfacturum
756 1242 864 1277 e88e‚·
897 1241 1132 1285 omnesque,
1165 1236 1212 1271 ut
1241 1229 1352 1271 idem
1369 1228 1560 1285 faciant,
1593 1229 1692 1271 hor—

167 1356 170 1365 a
237 1302 390 1366 tantm-⁶.
418 1354 421 1357 ³
935 1328 938 1331 ·
1512 1305 1564 1360 (E
1589 1305 1691 1361 145)

237 1391 489 1446 Haimicus?
511 1393 594 1438 Dei
624 1394 763 1449 gratia
792 1408 868 1438 rex
899 1394 1230 1452 archiepiscopis
1264 1395 1329 1438 et‘¹
1361 1395 1583 1452 episcopis,
1617 1396 1693 1439 du·
1718 1408 1811 1444 1076

118 1469 260 1515 cibus‘¹
282 1470 604 1516 marchionibus
641 1472 864 1516 comitibus
904 1476 947 1517 et
983 1473 1267 1529 cuiuscunque
1305 1473 1522 1528 dignitatis
1554 1474 1693 1518 ordini
1739 1455 1804 1487 oct·

118 1546 263 1596 bonae*
285 1562 386 1594 suae
417 1549 646 1594 voluntatis
677 1549 905 1605 gloriosam
937 1550 1238 1606 dignationem.

238 1626 359 1683 Quia,
380 1627 695 1672 mansuetudini
715 1631 884 1672 nostrae
905 1632 1052 1672 contra
1067 1629 1211 1673 sedem
1228 1629 1501 1686 apostolicam
1519 1629 1692 1686 eiusque

118 1706 404 1751 venerandum
435 1705 674 1763 praesulem
705 1706 906 1750 domnum
928 1705 1180 1762 Gregorium
1208 1721 1365 1764 papam
1397 1707 1449 1751 ab
1480 1707 1691 1764 aliquibus

118 1782 368 1841 subreptum
405 1797 518 1839 esse,
556 1783 743 1828 fidelium
781 1788 1023 1829 nostrorum
1059 1785 1327 1841 suggestione
1357 1786 1691 1842 recognovimus,

117 1861 280 1919 placuit
314 1861 456 1906 nobis:
496 1863 680 1919 priorem
712 1863 964 1906 sententiam
997 1863 1178 1907 salubri⁰
1218 1863 1394 1907 consilio
1425 1866 1610 1918 mutare3
1650 1867 1693 1907 et

117 1938 258 1984 more‘
293 1943 606 1984 antecessorum
648 1942 1049 1998 progenitorumque
1094 1944 1335 1984 nostrorum
1376 1941 1511 1986 eidem
1552 1955 1692 1986 sacro-

119 2020 291 2062 sanctae
329 2018 420 2062 sedi
459 2021 522 2074 et,
564 2019 636 2075 qui
678 2020 717 2062 ei
755 2033 951 2077 praeesse
991 2019 1260 2076 dinosciturss,
1301 2019 1454 2063 domno
1487 2019 1690 2076 Gregorio

118 2109 257 2154 papae
293 2109 371 2154 per
408 2095 551 2140 omnia
589 2096 774 2142 debitam
814 2111 983 2141 servare
1015 2097 1296 2141 obedientiam
1338 2100 1401 2153 et,
1442 2097 1479 2141 si
1515 2098 1615 2154 quid
1646 2098 1692 2141 in

120 2187 226 2219 eum·
253 2173 423 2229 gravius
460 2178 782 2232 praesumptum
820 2179 903 2231 est,
942 2175 1220 2232 competentih
1253 2175 1540 2219 satisfactione
1577 2189 1691 2219 com-

118 2264 276 2309 ponere
285 2252 306 2295 ⁶.
435 2252 638 2296 Volumus
685 2256 848 2310 autem,
895 2256 943 2296 ut
990 2257 1031 2296 et
1067 2266 1163 2309 vos,
1211 2253 1452 2297 serenitatis
1497 2253 1692 2298 nostrae'K

119 2329 314 2388 exemplo
336 2330 570 2387 ammoniti,
601 2331 877 2389 sollempnem
898 2331 1022 2375 beato
1044 2330 1168 2374 Petro
1191 2331 1363 2387 eiusque
1387 2331 1545 2375 vicario
1567 2331 1692 2375 satis-

118 2408 364 2453 factionem¹
394 2408 707 2453 exhibere-non
729 2409 986 2464 dubitetism3
1020 2412 1062 2453 et
1093 2409 1330 2466 quicunque
1361 2409 1450 2452 eius
1475 2409 1613 2453 banno
1647 2423 1691 2454 se

121 2487 316 2530 astrictos
353 2486 614 2542 intelligunt,
656 2487 707 2531 ab
745 2487 861 2544 ipso,
903 2487 1098 2531 videlicet
1134 2487 1287 2530 domno
1328 2501 1442 2544 papa
1473 2486 1690 2544 Gregorio,

121 2563 410 2622 sollempniter
440 2563 618 2608 absolvi¹
651 2564 903 2609 elaborent¹'.

215 2663 242 2685 a.
273 2655 304 2684 et
329 2653 446 2694 scripsi
468 2664 532 2694 pro
554 2655 602 2685 vel
627 2655 685 2685 VZ.
842 2655 872 2685 b.
906 2664 944 2685 ex
966 2655 992 2685 V
1012 2655 1094 2690 6112,
1125 2653 1155 2683 Ζ
1175 2663 1206 2693 p.
1222 2654 1418 2692 106-107,
1452 2653 1479 2685 C
1496 2655 1552 2692 31,
1591 2654 1618 2685 G
1641 2655 1691 2686 37.

121 2715 148 2738 c.
179 2707 218 2738 Η.
234 2706 319 2738 VZO.
403 2707 434 2737 d.
462 2717 519 2738 om.
534 2707 618 2738 VZC.
703 2718 729 2739 e.
758 2708 918 2738 salubriori
940 2708 974 2738 G.
1058 2707 1079 2737 f.
1108 2716 1225 2737 morum
1246 2707 1282 2737 G.
1366 2717 1394 2746 g.
1427 2710 1458 2738 et
1479 2708 1531 2747 qui
1553 2708 1581 2738 ei
1604 2718 1690 2747 prae-

121 2759 203 2790 sidet
223 2759 259 2790 G.
383 2759 415 2791 h.
447 2762 600 2800 compenti
617 2761 648 2791 V.
773 2762 794 2792 i.
826 2761 982 2800 imponere
1006 2759 1041 2790 G'.
1100 2808 1118 2823 ·
1171 2759 1202 2790 k.
1235 2762 1335 2792 vestre
1357 2760 1393 2792 G.
1526 2761 1547 2792 1.
1580 2771 1637 2792 om.
1655 2760 1690 2791 G'.

121 2822 162 2844 m.
193 2814 341 2845 recusetis
362 2813 396 2844 G.
521 2823 552 2844 n.
585 2814 720 2844 elaboret
745 2813 775 2844 G.
