2028 3438
232 391 234 393 >
264 370 356 406 1075

253 429 278 449 0.
294 419 364 450 Mai.

263 688 288 709 c.
303 680 364 709 Ian.

165 1988 251 2018 Febr.
268 1989 362 2018 24-28

235 2295 306 2333 Apr.
326 2296 363 2324 12

386 240 446 286 94
913 255 1135 287 nmmum
1163 255 1330 287 consx.
1378 253 1425 286 44

387 361 535 404 bamus
551 382 607 392 —·-
629 361 706 404 hec
724 360 867 416 itaque
895 360 1059 417 aliaque
1088 360 1133 404 id
1162 361 1326 416 generis
1356 359 1533 415 infinita,
1565 338 1672 415 quae
1690 359 1942 406 verecundia

387 437 674 493 modestiaque
703 440 850 480 nostra
879 437 969 481 Deo
1000 441 1106 482 teste
1137 437 1386 493 dissimulat,
1418 450 1512 480 cum
1535 437 1622 480 iam
1642 445 1742 483 00oe
1765 435 1941 483 musei*

386 527 502 557 mum
541 528 696 557 annum
709 511 720 531 ¹
750 515 992 558 tristissima
1028 515 1239 572 pacientia
1279 514 1619 571 pertulissemus3
1650 511 1941 559 induuntu—

383 592 572 647 quando,
612 591 716 635 tacti
745 591 887 635 dolore
922 589 1196 636 intrinsecus²
1227 594 1277 634 et
1313 591 1438 648 plane
1470 589 1939 644 divinituszlammoniti,
1962 605 1964 607 ·

386 668 602 711 humiliter
616 675 730 711 nos*
764 668 818 711 ad
847 668 975 725 pedes
1005 668 1117 711 illius
1150 667 1421 722 abiecimus&
1459 668 1734 712 obsecrantem
1755 665 1942 713 etnbtffi

388 748 567 801 stantes:
599 747 659 800 ut,
692 745 790 800 quia
821 745 874 788 ad
906 746 1112 802 synodum
1144 746 1253 789 sedis
1285 741 1560 802 apostolicae³
1587 747 1758 788 vocatus
1779 742 1940 802 fuisset,

389 822 447 865 si⁰
479 822 522 865 in
554 821 792 885 innocentia
823 835 899 865 sua
929 821 1175 877 confideret,
1205 823 1286 866 iter
1317 823 1523 878 arriperet
1552 824 1594 865 et
1623 825 1710 864 tam
1741 834 1786 864 se
1816 832 1942 876 quam

386 911 463 942 nos
495 902 583 942 tam
615 898 851 942 detestabili
882 899 1106 955 obprobrio
1138 903 1308 955 tamque
1337 899 1498 942 inmani
1517 897 1704 955 periculo
1721 894 1940 949 liberm-bn

389 979 474 1031 aut,
506 977 542 1019 si
574 976 687 1019 aliud
726 976 805 1019 sibi
844 976 1097 1019 conscientia
1127 990 1203 1019 sua
1233 979 1495 1031 suggereret,
1534 979 1624 1018 tum
1654 985 1753 1019 vero
1782 987 1860 1063 per
1888 973 1943 1017 ti-

388 1067 549 1097 morem
578 1053 658 1096 Dei
688 1056 736 1096 ut
766 1052 847 1096 sibi
876 1053 1078 1109 nobisque
1108 1053 1192 1096 alia
1221 1053 1383 1096 ratione
1413 1052 1660 1096 consuleret.

506 1130 563 1173 Et
594 1142 700 1184 ecce,
732 1129 833 1172 dum
863 1130 939 1173 hec
967 1130 1210 1185 agebantur,
1241 1130 1331 1173 Deo
1352 1131 1414 1174 sic
1437 1130 1670 1184 ordinante,
1702 1127 1944 1185 supervenit

389 1207 566 1250 domnus
596 1207 942 1263 metropolitanus
951 1205 977 1249 ⁴.
1026 1206 1103 1250 Cui
1142 1207 1240 1250 dum
1271 1208 1413 1250 omnia
1441 1209 1667 1251 retractata
1695 1205 1885 1250 fuissent*
1902 1207 1945 1248 et

387 1284 479 1340 ipse
519 1285 709 1339 querelas
740 1287 926 1339 nostras,
965 1286 1111 1340 utpote
1142 1285 1328 1327 omnium
1359 1298 1534 1339 gnarus,
1563 1283 1793 1340 plurimum
1824 1294 1943 1325 accu-

388 1361 604 1416 mulasset,
635 1362 805 1404 tandem
835 1361 969 1417 ipsius
1001 1362 1248 1404 auctoritate
1278 1362 1322 1404 id
1353 1364 1555 1404 statutum
1578 1363 1655 1415 est,
1682 1359 1759 1404 illu
1771 1357 1943 1405 1110811·οὸ

390 1438 648 1494 approbante
680 1442 804 1494 atque
835 1438 963 1481 etiam
994 1438 1258 1481 obsecrante:
1290 1441 1341 1481 ut
1367 1451 1420 1480 ex
1450 1437 1623 1492 collegio
1653 1437 1833 1481 fratrum
1861 1436 1942 1480 duo

389 1514 456 1557 vel
492 1518 578 1558 tres
610 1515 787 1558 Romam
824 1515 958 1569 irent,
999 1516 1045 1558 in
1083 1524 1278 1571 quorum*
1299 1515 1539 1571 praesentia
1576 1527 1621 1558 se
1650 1514 1704 1558 ab
1734 1512 1942 1570 impositis

390 1591 634 1634 criminibus
674 1591 899 1635 secundum
938 1605 1142 1635 canonum
1188 1595 1346 1635 statuta
1386 1593 1652 1648 expurgaret.
1706 1589 1943 1642 Quodnisi

388 1668 546 1711 factum
576 1669 745 1723 fuisset,
777 1669 861 1712 iam
892 1669 1004 1711 ultra
1033 1669 1191 1711 nullam
1224 1669 1501 1712 obedientiam
1540 1682 1566 1711 a
1593 1667 1715 1711 nobis
1746 1671 1943 1723 expostu—

388 1745 571 1788 laturum
606 1749 678 1788 au't
709 1746 878 1802 aliquod
908 1745 1144 1802 episcopale
1173 1746 1237 1788 ius
1269 1746 1350 1789 sibi
1368 1746 1479 1789 inter
1507 1759 1584 1788 nos
1614 1744 1942 1798 vendicaturum,

388 1822 480 1878 ipse
510 1822 725 1866 ultroneus
763 1822 1053 1866 sacrosancted
1091 1836 1136 1866 se
1175 1823 1413 1866 obstrinxit.
1533 1822 1674 1878 Atque
1718 1821 1793 1865 hec
1830 1820 1943 1864 domi

390 1902 484 1942 acta
513 1903 621 1942 sunt.

506 1975 615 2020 Ecce
647 1980 786 2020 autem
806 1976 962 2020 Romae
983 2000 1038 2006 -
1062 1976 1159 2019 dum
1181 1976 1408 2020 terminum
1428 1977 1659 2020 vocationis
1679 1989 1778 2021 suae
1798 1989 1944 2033 super-

389 2053 566 2096 sedisset
603 2057 645 2097 et
681 2054 754 2097 vix
784 2054 1023 2097 interventu
1054 2054 1313 2108 quorundam
1351 2053 1533 2097 officium
1563 2067 1706 2108 suum,
1745 2067 1825 2110 quo
1855 2054 1943 2110 pri-

389 2131 549 2174 vandus
581 2134 683 2185 erat,
715 2144 846 2186 usque
877 2131 920 2173 in
952 2130 1064 2174 diem
1084 2131 1319 2187 palmarum
1328 2128 1356 2186 ⁶,
1389 2131 1488 2187 quia
1509 2134 1610 2175 tunc
1628 2134 1829 2175 venturus
1850 2144 1944 2188 spe-

388 2208 574 2263 rabatur,
606 2207 856 2251 obtinuisset
880 2231 931 2236 —
955 2221 1050 2250 cum
1070 2221 1169 2251 vero
1191 2212 1233 2251 et
1251 2208 1326 2251 has
1348 2208 1536 2251 inducias
1565 2208 1822 2263 frustrasset,
1853 2211 1943 2252 tum

390 2285 567 2327 domnus
598 2298 711 2340 papa
739 2285 844 2340 ipsis
874 2285 918 2327 in
951 2284 1056 2327 albis
1066 2282 1093 2339 ⁷,
1126 2285 1407 2345 cardinalibus
1438 2285 1526 2328 suis
1555 2285 1601 2328 in
1621 2298 1751 2328 unum
1771 2298 1943 2340 congre—

390 2362 512 2415 gatis,
543 2365 763 2417 praesente
795 2361 1106 2417 archiepiscopo
1137 2353 1305 2404 nostro⁸
1337 2362 1408 2417 qui
1437 2362 1538 2405 illuc
1557 2362 1797 2418 inopinatus
1819 2362 1943 2405 adve-

390 2440 530 2492 nerat,
570 2438 848 2481 assidentibus
891 2438 1017 2481 etiam
1055 2439 1403 2481 reverentissimis
1440 2439 1697 2482 nostratibus
1735 2439 1942 2496 episcopis

484 2529 510 2549 a.
544 2529 600 2549 om.
615 2521 645 2550 V.
729 2520 758 2550 b.
792 2520 954 2551 abiecimus
977 2520 1044 2551 alia
1065 2530 1175 2550 manus
1196 2521 1261 2551 cod.
1280 2521 1306 2551 V
1323 2530 1404 2551 corr.
1426 2521 1460 2550 in
1480 2530 1536 2551 nos
1558 2521 1768 2560 prociecimus.
1852 2531 1876 2552 0.
1909 2522 1944 2551 111

391 2573 418 2602 si
435 2572 465 2603 V.
549 2573 578 2602 d.
611 2573 767 2602 iurationis
789 2574 908 2603 vinculo
931 2573 998 2604 alia
1019 2583 1130 2603 manus
1152 2573 1274 2603 addidit
1293 2573 1327 2603 in
1348 2573 1489 2613 maryine
1508 2574 1538 2603 V.

486 2630 517 2664 1.
545 2629 773 2665 Hermannus
798 2630 815 2665 I
848 2631 943 2666 enim
979 2641 1072 2666 anno
1108 2630 1198 2665 1065
1233 2630 1408 2666 ecclesiae
1440 2630 1702 2675 Bambergensi
1737 2629 1943 2676 praefectus

391 2691 478 2723 erat.
574 2688 607 2722 2.
634 2687 724 2723 Gen.
744 2690 776 2732 6,
799 2689 837 2723 6:
870 2689 939 2734 „Et
963 2692 1083 2724 taetus
1108 2689 1230 2724 dolore
1255 2688 1373 2724 cordis
1399 2688 1650 2724 intrinsecus“.
1755 2690 1789 2724 3.
1815 2688 1943 2724 diebus

391 2746 530 2781 22-28
546 2745 652 2781 Febr.
668 2746 760 2782 1075
785 2747 975 2792 agendam.
1070 2749 1105 2783 4.
1133 2746 1324 2792 Sigifridus
1340 2748 1357 2782 I
1382 2747 1673 2792 archiepiscopus
1697 2747 1941 2792 Moguntinus.

390 2805 423 2840 5.
449 2805 680 2840 Herimanno.
775 2806 808 2840 6.
833 2806 938 2841 Mart.
952 2807 1008 2841 29.
1036 2807 1080 2842 V.
1096 2805 1261 2851 Gregorii
1277 2806 1432 2851 Registr.
1447 2806 1482 2840 II
1498 2806 1573 2841 522.
1590 2807 1714 2851 (supra
1729 2806 1771 2841 T.
1786 2806 1821 2841 II
1839 2806 1942 2850 170):

392 2863 671 2910 „Herimann'um
695 2862 1057 2910 Babenbergensem,
1084 2865 1114 2900 si
1138 2867 1223 2900 ante
1247 2864 1383 2910 pascha
1406 2865 1504 2908 (ante
1529 2864 1551 2899 5
1576 2864 1679 2909 Apr.)
1704 2874 1776 2900 non
1800 2864 1941 2900 venerit

389 2921 654 2967 satisfacturus,
675 2922 899 2967 suspendit“.
974 2925 1005 2958 7.
1032 2923 1212 2959 dominica
1228 2923 1265 2958 in
1282 2922 1383 2968 albis,
1409 2923 1468 2958 die
1488 2924 1531 2958 12
1549 2922 1636 2968 Apr.
1652 2923 1755 2958 1075.
1828 2923 1861 2958 8.
1887 2922 1941 2958 Si-

388 2979 520 3026 gifrido
536 2981 554 3016 I
578 2981 801 3026 Moguntino.
