2028 3438
536 242 788 277 EPISTOLAP.
817 242 1192 274 BAMBERGENSES.
1241 241 1263 275 2
1596 230 1683 274 477

9 396 25 414 ·
102 348 365 406 -quodsmms
395 348 537 400 minus
575 351 741 407 posset,
781 358 807 393 a
837 348 1000 394 duobus
1033 352 1105 394 aut
1135 348 1270 393 tribus
1301 349 1554 397 cumulatius
1586 363 1686 406 sup-

99 425 341 484 {tumtunm
355 426 451 472 -Sed
480 427 566 472 iam
589 440 776 473 errorum
799 427 926 484 plena
946 430 1045 471 sunt
1065 427 1220 471 omnia.
1269 425 1336 470 Illi
1356 429 1489 470 totam
1514 440 1686 484 operam

99 505 601 562 -suamfprosanimabus
637 505 851 548 lucrandis
886 504 1176 559 insumebant3
1215 517 1312 560 nos,
1354 504 1561 561 quomodo
1594 518 1686 549 cor-

102 588 234 640 por&
254 582 492 638 summm,
533 583 760 640 praecipue
796 583 1042 638 satagimus.
1098 582 1164 626 Illi
1204 597 1281 640 pro
1314 582 1449 637 caelo,
1492 596 1568 626 nos
1609 596 1685 639 pro

111 662 238 705 terra·
257 659 562 719 disceptamus.
603 660 699 704 Non
730 664 841 705 esset
869 665 1013 705 tamen
1044 673 1227 705 necesse.
1276 660 1408 704 Terra
1434 660 1556 704 nobis
1582 660 1685 704 satis

102 737 225 792 {erin
246 737 300 783 de
329 738 444 783 caelo
477 738 709 794 videamus,
741 738 778 781 si
810 738 1001 782 velimus.

172 814 282 861 ,inlu
302 815 384 861 ,his
421 816 616 861 omnibus
658 816 893 873 temporale
930 815 1115 871 lucrum,
1163 815 1275 872 quod
1318 815 1510 859 homines
1549 816 1685 871 magis

104 895 359 939 tuenturffet
387 894 432 938 in
452 907 536 951 quo
567 894 708 938 famae
735 897 833 938 tuae
864 894 1029 938 detrahi
1059 893 1277 949 formidas,
1309 907 1393 937 non
1425 894 1687 937 inminuetur

110 970 203 1016 tibi.
233 970 383 1017 »Multo
415 972 528 1016 enim
559 972 739 1030 potiora,
772 975 819 1015 ut
851 972 990 1028 audio,
1024 975 1149 1028 atque
1181 971 1351 1017 utiliora
1372 972 1458 1014 iam
1485 971 1683 1015 reddidit.

110 1047 254 1105 Atque
294 1049 421 1094 etiam
460 1049 656 1094 redderet
686 1053 729 1094 et
759 1050 896 1094 adhuc
934 1050 1114 1094 forsitan
1143 1049 1312 1105 reddet,
1360 1050 1396 1093 si
1434 1052 1600 1093 tantum
1641 1049 1686 1092 in

111 1126 370 1172 audientiam
400 1128 544 1172 venies
575 1131 638 1184 et,
681 1128 911 1172 secundum
945 1128 1056 1185 quod
1086 1128 1149 1172 tui
1180 1131 1394 1173 consortes
1427 1127 1504 1171 tibi
1536 1140 1685 1171 consu-

98 1203 214 1261 lent,
246 1218 363 1261 agea·
388 1232 390 1236 ,

94 1303 97 1304 ⁷
171 1304 173 1306 v
228 1281 377 1328 Liceat
406 1283 511 1327 mihi
552 1296 654 1340 pace
693 1287 766 1327 tua
798 1284 897 1339 hoc,
938 1284 1051 1340 quod
1089 1298 1216 1340 super
1247 1283 1393 1327 eadem
1434 1297 1481 1327 re
1519 1296 1684 1327 mecum

109 1360 208 1418 ipse
220 1361 529 1406 sermocinatus
549 1375 608 1418 es,
641 1361 719 1405 tibi
738 1362 783 1404 in
807 1375 951 1405 aurem
972 1375 1204 1405 susurrare.
1252 1361 1402 1405 Nonne
1431 1362 1679 1417 recordaris,

111 1438 237 1495 quod,
267 1438 312 1483 in
345 1439 486 1496 priore
516 1453 626 1483 anno
660 1439 713 1483 ad
745 1439 922 1483 eundem
951 1439 1090 1483 locum
1111 1439 1538 1494 B(abenbergensem)
1561 1440 1682 1484 nobis

110 1517 412 1573 equitantibus,
444 1530 513 1561 me
545 1517 747 1562 advocato
780 1518 834 1561 ad
864 1522 919 1573 te,
952 1517 1240 1561 huiuscemodi
1271 1530 1523 1573 sermonem,
1562 1519 1682 1574 quasi

101 1595 359 1652 praescires,
388 1595 544 1643 habere
576 1596 746 1652 cepisti:
784 1596 821 1639 si
851 1609 928 1640 rex
958 1595 1018 1639 ibi
1048 1596 1186 1639 facere
1218 1595 1346 1639 vellet
1377 1596 1680 1653 episcopatum,

107 1671 233 1718 facile
262 1672 382 1718 ill-um
408 1672 607 1718 ecclesiae
628 1677 739 1729 tuae,
774 1674 884 1730 quod
905 1673 983 1717 tibi
1004 1673 1150 1717 utilius
1172 1677 1295 1728 esset,
1331 1687 1453 1730 posse
1474 1674 1681 1729 tribuere;

109 1754 152 1795 te
183 1765 362 1809 paruum
392 1751 492 1795 inde
511 1752 695 1795 fructum
717 1751 893 1806 habere3
925 1754 1058 1795 totam
1079 1751 1197 1795 illam
1220 1755 1378 1795 terram
1400 1765 1507 1808 pene
1530 1752 1682 1799 silvam

1759 360 1852 396 1007

1705 410 1777 448 post
1793 409 1871 440 Nov.
1886 410 1900 439 1

1710 1446 1803 1482 1006

110 1833 235 1883 esse3.
266 1828 438 1874 Sclavos
469 1829 528 1874 ibi
566 1829 777 1883 habitare3
817 1832 860 1873 te
897 1830 943 1872 in
980 1829 1055 1872 illa
1090 1829 1322 1885 longinqua
1359 1830 1425 1874 vel
1465 1844 1723 1887 nunquam

96 1906 178 1952 ,vel
207 1920 304 1951 raro
336 1908 514 1952 venisse.
566 1907 736 1963 Nonne,
772 1907 875 1951 haec
905 1908 949 1951 in
981 1907 1293 1971 hunc‘modum
1327 1908 1438 1951 dicta
1471 1923 1584 1964 esse,
1618 1923 1683 1952 re-

110 1985 241 2031 colis?
293 1985 380 2030 Cur
410 1985 535 2029 modo
569 1985 739 2029 difficile
770 1986 948 2041 videtur,
988 1986 1099 2041 quod
1136 1989 1237 2029 tunc
1268 1986 1391 2029 facile
1423 1986 1557 2030 visum
1592 1987 1683 2030 est?

173 2101 190 2107 .,
229 2062 339 2108 Ecce
369 2063 469 2119 iam,
503 2067 550 2107 ut
571 2063 747 2119 confido,
780 2077 1031 2118 cognoscere
1061 2067 1195 2120 poteS,
1227 2077 1295 2107 me
1318 2064 1394 2107 tibi
1420 2064 1578 2108 iniusta
1598 2079 1681 2108 non

110 2155 335 2197 suggerere
366 2155 444 2185 nec
474 2142 655 2185 hortari:
696 2146 743 2185 ut
773 2142 867 2198 plus
900 2155 1040 2197 regem
1072 2142 1223 2186 timeas
1257 2156 1381 2198 quam
1415 2142 1572 2196 Deum;
1610 2143 1683 2187 sed

110 2223 160 2264 ut
187 2219 308 2276 illum
347 2223 522 2277 propter
552 2220 664 2263 hunc
700 2223 742 2263 et
779 2219 930 2274 diligas
963 2223 1005 2263 et
1041 2220 1261 2275 formides,
1304 2220 1561 2276 honestaque
1599 2235 1682 2264 non

110 2298 388 2355 praecipienti
419 2298 493 2342 sed
524 2298 779 2355 supplicanti
813 2311 861 2341 ac
891 2297 1123 2342 retribuere
1151 2298 1307 2341 volenti
1339 2298 1555 2342 concedas,
1603 2297 1684 2343 Le-

112 2375 288 2432 viusque
314 2376 396 2420 tibi
425 2376 521 2431 erit,
554 2376 710 2433 partito
733 2376 778 2419 in
799 2376 926 2419 alium
955 2390 1100 2430 oncre3
1133 2376 1298 2419 facilius
1321 2390 1486 2431 quoque
1506 2376 1557 2419 de
1579 2390 1683 2433 pau—

111 2452 294 2497 cioribus
326 2453 546 2497 animabus
577 2454 852 2511 procurandis
884 2454 1088 2497 rationem
1122 2454 1212 2497 Deo
1243 2454 1418 2497 reddere
1449 2455 1622 2510 poteris.

232 2530 389 2584 Quodsi
421 2532 557 2576 adhuc
587 2532 734 2576 cedere
764 2547 849 2576 non
870 2533 933 2576 vis
966 2535 1020 2587 et,
1054 2532 1153 2588 quia
1172 2532 1327 2587 legitur
1348 2531 1484 2576 Deum
1507 2546 1683 2597 regnare

111 2608 250 2653 facere
279 2608 532 2667 hipocritam
554 2613 726 2667 propter
748 2610 1067 2667 perversitatem
1090 2609 1235 2666 populi
1250 2607 1272 2665 ¹,
1301 2610 1583 2654 resistendum
1606 2625 1683 2668 pu-

95 2690 193 2742 tas,
223 2687 306 2730 nisi
339 2687 477 2743 aliquo
511 2691 757 2743 argumento
789 2688 1036 2742 subruatur,
1069 2688 1228 2742 dicam,
1260 2688 1358 2731 inde
1390 2689 1500 2744 quod
1532 2689 1681 2732 sentio.

97 2763 363 2821 Apostolus,
402 2778 604 2820 organum
638 2765 815 2820 Christi,
855 2765 1045 2809 inflatum
1080 2780 1104 2808 a
1138 2765 1299 2822 Spiritu
1329 2769 1496 2821 sancto,
1537 2766 1683 2810 fallere

112 2855 377 2898 nequaquam
399 2846 550 2899 potest.
589 2843 794 2899 Quicquid
818 2848 953 2898 sonat,
976 2858 1120 2886 verum
1143 2848 1226 2897 est;
1257 2845 1330 2887 sed
1350 2845 1684 2900 intellegentiam

211 2948 242 2983 1.
268 2947 344 2983 Iob.
364 2948 421 2994 34,
448 2949 512 2984 30:
549 2949 638 2994 „Qui
664 2926 817 2994 regnare
843 2949 931 2984 facit
958 2948 1138 2985 hominem
1165 2948 1393 2996 hypocritam
1426 2952 1575 2996 propter
1598 2960 1682 2996 pec-

113 3010 196 3043 cata
219 3007 343 3053 populi
354 3007 383 3042 “.

1760 1991 1850 2026 1007

1704 2042 1776 2079 post
1792 2040 1869 2071 Nov.
1883 2041 1899 2070 1
