2028 3438
384 266 443 310 50
873 278 1092 310 nmmum
1122 277 1289 309 connx.
1336 276 1393 309 24.
1411 275 1456 308 25

242 392 360 429 1063?
382 383 552 438 ligiosos
593 383 783 439 clericOS‚
824 383 950 427 simul
979 384 1232 427 manducent
1261 387 1304 427 et
1334 383 1545 426 dormiam:
1573 384 1629 437 et,
1660 381 1862 438 quiequid
1877 380 1937 426 eis

383 460 436 504 ab
474 460 661 507 ecclesiis
699 461 920 517 competit,
961 460 1238 505 communiter
1275 460 1468 504 habeant.
1522 458 1580 503 Et
1615 460 1827 514 rogantes
1837 463 1938 503 nlo·

382 550 544 592 nemus,
575 541 623 581 ut
652 538 706 581 ad
743 537 1014 594 apostolicam
1054 537 1281 581 secundum
1318 536 1653 580 communionem
1682 535 1831 580 vitam
1843 547 1940 592 per-

383 614 526 658 venire
563 614 778 670 studeant,
818 615 1013 670 quatinus
1052 615 1376 672 perfectionem
1387 627 1482 657 cum
1507 613 1608 657 his
1614 611 1855 668 consequi,
1865 611 1940 669 qui

383 691 610 735 centesimo
630 692 770 736 fructu
790 691 990 747 ditantur,
1014 693 1086 736 et
1074 706 1120 736 m
1140 691 1309 736 caelesti
1330 691 1469 748 patria
1490 693 1730 736 mereantur
1742 687 1937 743 ·meribii

428 793 431 795 -
500 766 687 812 Deinde¹
718 772 761 812 et
788 769 1001 825 primitiae
1033 782 1105 812 seu
1136 769 1366 813 oblationes
1387 769 1579 812 vivorum
1606 771 1652 811 ct
1678 769 1940 811 mortuorum

385 845 569 889 ecclesiis
609 845 690 889 Dei
719 844 897 890 fideliter
926 846 1156 889 reddantur
1187 860 1212 889 3
1241 845 1374 900 laicis,
1404 847 1452 888 ut
1481 845 1527 888 in
1547 843 1836 902 dispositione
1851 842 1940 900 epti}

385 935 605 979 scoporum
637 923 733 966 sint
780 922 860 974 Qui
897 936 967 967 eas
998 923 1247 967 retinuerint
1257 930 1284 978 ⁰,
1324 937 1349 967 3
1386 926 1555 966 sanctae
1592 921 1794 969 ecclesiae
1820 923 1941 967 :oum

384 1000 582 1046 munione
613 1003 872 1056 separentur.
1932 1028 1933 1033 ,

501 1077 559 1119 Et
594 1091 670 1133 per
699 1074 852 1120 laicos²
891 1077 1004 1119 nullo
1041 1077 1164 1120 modo
1203 1076 1378 1132 quilibet
1407 1075 1584 1120 clericus
1623 1078 1699 1119 aut
1733 1030 1942 1133 pnmbiter

388 1153 574 1197 obtineat
605 1153 836 1209 ecclesiam,
867 1167 944 1197 nec
973 1154 1104 1209 gratis
1134 1167 1212 1197 nec
1241 1153 1394 1210 precio.
1810 1162 1813 1171 ¹

505 1231 592 1274 Nec
623 1231 773 1287 aliquis
804 1228 1032 1287 presbiter³
1063 1231 1166 1273 duas
1184 1230 1392 1275 ‚ecclesias
1423 1230 1622 1274 obtineat.

504 1307 562 1351 Ut
597 1322 675 1364 per
712 1308 996 1364 symoniacam
1034 1307 1215 1351 heresim
1257 1321 1380 1351 nemo
1416 1307 1633 1351 ordinetur
1671 1305 1739 1351 vel
1769 1318 1942 1363 promo—

387 1388 533 1428 veatur
580 1385 632 1428 ad
681 1386 893 1441 quodlibet
937 1384 1120 1429 officium
1165 1384 1511 1438 ecclesiasticum3
1562 1397 1616 1428 ne
1657 1384 1718 1428 Q
1749 1382 1941 1428 aedoniis

388 1462 572 1505 eiciatur.
1644 1499 1646 1502 .
1769 1469 1788 1502 ἶ.
1831 1499 1833 1503 ,

504 1538 584 1582 Etb
622 1543 670 1582 ut
706 1537 871 1582 nullus⁴
908 1538 1182 1582 monachilem
1221 1538 1408 1582 habitum
1450 1538 1671 1594 suscipiat,
1680 1559 1681 1562 ¹
1715 1546 1831 1594 spem
1872 1539 1945 1580 aut

387 1616 708 1672 promissionem
738 1615 895 1659 habens
926 1619 974 1658 ut
1003 1615 1131 1659 abbas
1161 1614 1248 1658 fiat.

505 1692 562 1735 Ut
580 1692 720 1745 nullus
740 1692 872 1736 laicus
895 1692 948 1736 ad
968 1692 1195 1748 quemlibet
1215 1692 1391 1747 gradum
1417 1691 1741 1735 ecclesiasticum
1770 1643 1943 1748 repente

387 1773 696 1826 promoveatur,
728 1769 811 1812 nisi
842 1773 938 1825 post
957 1772 1166 1812 mutatum
1185 1769 1375 1813 habitum
1395 1769 1625 1812 secularem
1653 1767 1817 1812 diutina
1843 1780 1942 1812 oon·-

387 1847 624 1890 versatione
653 1846 764 1890 inter
795 1846 965 1890 clericos
996 1847 1124 1890 fuerit
1153 1846 1460 1902 comprobatus.
1798 1852 1801 1854 '

506 1923 591 1967 Vos
630 1937 726 1978 ergo
765 1923 867 1966 haec
905 1927 946 1966 et
983 1923 1066 1966 alia
1103 1926 1343 1966 sanctorum
1378 1926 1548 1979 patrum
1578 1925 1736 1967 statuta
1764 1921 1943 1966 fideliter

390 2001 617 2044 christiana
630 2001 864 2044 reverentia
880 2001 1110 2055 observate,
1128 2000 1164 2042 si
1180 2000 1306 2043 vultis
1323 2002 1491 2043 sanctae
1499 1998 1711 2044 Romanae
1721 1999 1941 2043 eeclesiae*

390 2081 432 2121 et
461 2078 714 2135 apostolicae
745 2077 856 2121 sedis
888 2090 990 2134 paee
1022 2081 1063 2121 et
1092 2077 1383 2120 communione
1414 2080 1537 2132 atque
1574 2076 1865 2121 benedictione
1901 2079 1943 2120 et

390 2154 649 2198 absolutione
681 2155 874 2209 gaudere.
1706 2163 1708 2166 ·
1822 2159 1826 2164 ’

393 2295 474 2342 25.
505 2297 749 2339 Fridericus
788 2296 979 2339 ecclesiae
1018 2297 1319 2351 Bamberqensi
1355 2296 1539 2351 praedia
1578 2304 1616 2338 et
1651 2295 1941 2341 mimate-iales

509 2373 652 2430 leqatd.
1764 2370 1816 2425 (E
1841 2372 1941 2426 113)

168 2474 369 2509 1057-1064
507 2461 663 2504 Notum
703 2462 758 2504 sit
796 2461 986 2505 omnibus
1026 2460 1182 2503 Christi
1227 2459 1418 2503 fidelibus
1456 2463 1544 2503 tam
1585 2460 1769 2516 'posteris
1815 2474 1942 2517 quam

484 2559 511 2579 a.
543 2550 717 2580 rennuerint
734 2549 765 2585 V,
787 2548 842 2579 ubi
863 2548 930 2579 alia
943 2558 1053 2579 manus
1075 2548 1214 2580 addendo
1235 2547 1456 2587 superscripsit
1475 2548 1619 2585 reddere3
1642 2548 1816 2580 rennuerint
1831 2548 1872 2586 Z;
1894 2558 1941 2579 re-

391 2603 536 2632 tinuerint
557 2603 595 2632 B.
678 2603 707 2631 b.
741 2604 774 2632 ut
795 2602 894 2632 nullus
915 2618 942 2622 -
966 2602 1057 2631 abbas
1080 2602 1133 2631 fiat
1154 2611 1209 2631 om.
1224 2602 1261 2631 B.
1345 2610 1371 2631 c.
1404 2601 1550 2631 ecclesiae
1573 2603 1603 2631 et
1624 2611 1680 2632 om.
1695 2602 1733 2638 B.
1817 2602 1847 2632 d.
1878 2601 1941 2632 Dc-

391 2654 505 2694 scripsi
526 2665 563 2684 ex
585 2654 649 2684 cod.
662 2654 731 2684 bibl.
744 2654 907 2694 Bambery.
920 2655 951 2684 D
964 2654 1000 2684 II
1012 2655 1055 2683 16·
1076 2653 1197 2683 membr.
1210 2652 1339 2693 formae
1353 2653 1508 2684 maaeimae
1523 2663 1604 2684 saec.
1615 2654 1684 2684 XII
1689 2653 1752 2694 fol.
1764 2655 1842 2684 28v.
1875 2643 1941 2684 Ha-

393 2707 479 2737 betur
499 2707 534 2737 in
560 2707 703 2737 Udalrici
724 2707 879 2737 codicibus
900 2707 927 2737 V
944 2708 1115 2743 43-43υ,
1138 2708 1168 2737 Ζ
1180 2716 1213 2746 p.
1231 2707 1317 2737 67-
1328 2708 1381 2743 68,
1404 2716 1473 2737 cum
1493 2706 1549 2737 hoc
1571 2706 1725 2737 Zommato:
1749 2706 1941 2744 Privilugium

393 2760 429 2789 de
451 2760 572 2790 iusticia
593 2759 832 2789 ministerialium
853 2759 1110 2798 Babenbergensis
1133 2759 1292 2796 ecclesiae;
1319 2758 1345 2789 0
1362 2760 1538 2790 19v—20.

487 2830 518 2864 1.
548 2828 710 2874 „Deinde
725 2848 766 2853 —-
781 2828 1013 2873 separentur“
1039 2832 1124 2864 sunt
1140 2839 1197 2874 ap.
1210 2827 1421 2864 Gratianum
1445 2828 1468 2864 1.
1486 2829 1508 2863 l.
1605 2829 1638 2864 2.
1667 2828 1757 2874 „Per
1771 2827 1882 2863 laicos
1897 2847 1940 2853 —

392 2897 460 2923 nec
489 2888 631 2933 precio“
658 2889 743 2923 sunt
766 2887 804 2922 in
829 2887 992 2923 Gratiani
1017 2888 1113 2923 decr.
1138 2888 1178 2923 P.
1196 2888 1230 2923 Π
1255 2887 1294 2923 O.
1312 2887 1401 2923 XVI
1424 2897 1458 2932 q.
1475 2888 1494 2922 7
1521 2897 1551 2922 c.
1570 2887 1627 2922 20.
1730 2887 1764 2923 3.
1793 2886 1941 2932 „Nullus

391 2946 582 2991 presbyter
597 2946 688 2982 duas
713 2946 844 2982 habeat
868 2946 1061 2982 ecclesias“
1079 2947 1248 2991 leguntur
1264 2956 1321 2990 ap.
1336 2945 1548 2981 Gratianum
1572 2946 1595 2981 l.
1610 2946 1634 2982 1.
1728 2946 1764 2980 4.
1792 2945 1940 2990 „Nullus

392 3004 553 3039 habitum
579 3003 814 3039 monachilem
836 3025 876 3031 -—
896 3004 1009 3040 abbas
1033 3004 1117 3040 fiat“
1145 3007 1230 3040 sunt
1254 3014 1310 3049 ap.
1329 3003 1541 3039 Gratianum
1567 3004 1632 3039 1.1.
