<?xml version="1.0" encoding="UTF-8"?>
<!DOCTYPE html PUBLIC "-//W3C//DTD XHTML 1.0 Transitional//EN"
    "http://www.w3.org/TR/xhtml1/DTD/xhtml1-transitional.dtd">
<html xmlns="http://www.w3.org/1999/xhtml" xml:lang="en" lang="en">
 <head>
  <title>
</title>
<meta http-equiv="Content-Type" content="text/html;charset=utf-8" />
  <meta name='ocr-system' content='tesseract 3.04.00' />
  <meta name='ocr-capabilities' content='ocr_page ocr_carea ocr_par ocr_line ocrx_word'/>
</head>
<body>
  <div class='ocr_page' id='page_1' title='image "bibliothecarerum05wattuoft_0186.png"; bbox 0 0 2028 3438; ppageno 0'>
   <div class='ocr_carea' id='block_1_1' title="bbox 372 254 1440 298">
    <p class='ocr_par' dir='ltr' id='par_1_1' title="bbox 372 254 1440 298">
     <span class='ocr_line' id='line_1_1' title="bbox 372 254 1440 298; baseline 0.001 -2"><span class='ocrx_word' id='word_1_1' title='bbox 372 254 455 296; x_wconf 84' lang='grc'><strong>170</strong></span> <span class='ocrx_word' id='word_1_2' title='bbox 855 266 1076 297; x_wconf 71' lang='lat' dir='ltr'><strong>nmmum</strong></span> <span class='ocrx_word' id='word_1_3' title='bbox 1106 266 1273 297; x_wconf 70' lang='lat' dir='ltr'><strong>connx.</strong></span> <span class='ocrx_word' id='word_1_4' title='bbox 1315 264 1377 298; x_wconf 72' lang='grc'><strong>86.</strong></span> <span class='ocrx_word' id='word_1_5' title='bbox 1395 263 1440 297; x_wconf 84' lang='grc'><strong>87</strong></span> 
     </span>
    </p>
   </div>
   <div class='ocr_carea' id='block_1_2' title="bbox 146 371 1921 1432">
    <p class='ocr_par' dir='ltr' id='par_1_2' title="bbox 146 371 1921 1432">
     <span class='ocr_line' id='line_1_2' title="bbox 146 371 1920 429; baseline 0 -13"><span class='ocrx_word' id='word_1_6' title='bbox 146 381 347 417; x_wconf 84' lang='grc'>1093-1096</span> <span class='ocrx_word' id='word_1_7' title='bbox 369 375 558 429; x_wconf 90' lang='lat' dir='ltr'><strong>tempore</strong></span> <span class='ocrx_word' id='word_1_8' title='bbox 596 375 639 416; x_wconf 93' lang='lat' dir='ltr'><strong>et</strong></span> <span class='ocrx_word' id='word_1_9' title='bbox 675 372 766 416; x_wconf 91' lang='lat' dir='ltr'><strong>loco</strong></span> <span class='ocrx_word' id='word_1_10' title='bbox 806 372 1025 416; x_wconf 85' lang='lat' dir='ltr'><strong>convenire</strong></span> <span class='ocrx_word' id='word_1_11' title='bbox 1064 372 1262 427; x_wconf 84' lang='lat' dir='ltr'><strong>velimus3</strong></span> <span class='ocrx_word' id='word_1_12' title='bbox 1300 373 1496 429; x_wconf 77' lang='lat' dir='ltr'><strong>quatinus</strong></span> <span class='ocrx_word' id='word_1_13' title='bbox 1529 371 1580 415; x_wconf 93' lang='lat' dir='ltr'><strong>de</strong></span> <span class='ocrx_word' id='word_1_14' title='bbox 1609 371 1675 415; x_wconf 89' lang='lat' dir='ltr'><strong>his</strong></span> <span class='ocrx_word' id='word_1_15' title='bbox 1704 371 1920 417; x_wconf 81' lang='lat' dir='ltr'><strong>nobiscum</strong></span> 
     </span>
     <span class='ocr_line' id='line_1_3' title="bbox 369 448 1878 506; baseline 0.002 -14"><span class='ocrx_word' id='word_1_16' title='bbox 369 449 556 493; x_wconf 88' lang='lat' dir='ltr'><strong>conferre</strong></span> <span class='ocrx_word' id='word_1_17' title='bbox 588 452 672 505; x_wconf 85' lang='lat' dir='ltr'><strong>aut,</strong></span> <span class='ocrx_word' id='word_1_18' title='bbox 706 450 806 506; x_wconf 66' lang='lat' dir='ltr'><strong>qmd</strong></span> <span class='ocrx_word' id='word_1_19' title='bbox 837 450 918 493; x_wconf 88' lang='lat' dir='ltr'><strong>sibi</strong></span> <span class='ocrx_word' id='word_1_20' title='bbox 949 450 1152 505; x_wconf 87' lang='lat' dir='ltr'><strong>agendum</strong></span> <span class='ocrx_word' id='word_1_21' title='bbox 1187 450 1254 505; x_wconf 85' lang='lat' dir='ltr'><strong>sit,</strong></span> <span class='ocrx_word' id='word_1_22' title='bbox 1286 449 1450 493; x_wconf 85' lang='lat' dir='ltr'><strong>naviter</strong></span> <span class='ocrx_word' id='word_1_23' title='bbox 1480 448 1709 493; x_wconf 82' lang='lat' dir='ltr'><strong>deliberare</strong></span> <span class='ocrx_word' id='word_1_24' title='bbox 1740 452 1878 505; x_wconf 65' lang='lat' dir='ltr'><strong>queat.-</strong></span> 
     </span>
     <span class='ocr_line' id='line_1_4' title="bbox 486 525 1921 584; baseline 0.002 -15"><span class='ocrx_word' id='word_1_25' title='bbox 486 526 594 569; x_wconf 89' lang='lat' dir='ltr'><strong>Huic</strong></span> <span class='ocrx_word' id='word_1_26' title='bbox 630 527 773 582; x_wconf 87' lang='lat' dir='ltr'><strong>itaque</strong></span> <span class='ocrx_word' id='word_1_27' title='bbox 811 530 898 570; x_wconf 86' lang='lat' dir='ltr'><strong>tam</strong></span> <span class='ocrx_word' id='word_1_28' title='bbox 928 527 1063 570; x_wconf 86' lang='lat' dir='ltr'><strong>iustae</strong></span> <span class='ocrx_word' id='word_1_29' title='bbox 1092 527 1286 584; x_wconf 90' lang='lat' dir='ltr'><strong>petitioni</strong></span> <span class='ocrx_word' id='word_1_30' title='bbox 1317 539 1533 570; x_wconf 86' lang='lat' dir='ltr'><strong>occurrere</strong></span> <span class='ocrx_word' id='word_1_31' title='bbox 1563 528 1687 582; x_wconf 86' lang='lat' dir='ltr'><strong>atque</strong></span> <span class='ocrx_word' id='word_1_32' title='bbox 1717 525 1761 570; x_wconf 84' lang='lat' dir='ltr'><strong>in</strong></span> <span class='ocrx_word' id='word_1_33' title='bbox 1788 532 1921 572; x_wconf 60' lang='lat' dir='ltr'><strong>mum</strong></span> 
     </span>
     <span class='ocr_line' id='line_1_5' title="bbox 368 602 1921 661; baseline 0.001 -15"><span class='ocrx_word' id='word_1_34' title='bbox 368 604 603 659; x_wconf 85' lang='lat' dir='ltr'><strong>convenire,</strong></span> <span class='ocrx_word' id='word_1_35' title='bbox 635 604 740 646; x_wconf 90' lang='lat' dir='ltr'><strong>mihi</strong></span> <span class='ocrx_word' id='word_1_36' title='bbox 761 604 928 659; x_wconf 89' lang='lat' dir='ltr'><strong>quidem</strong></span> <span class='ocrx_word' id='word_1_37' title='bbox 948 617 1033 647; x_wconf 92' lang='lat' dir='ltr'><strong>non</strong></span> <span class='ocrx_word' id='word_1_38' title='bbox 1054 604 1234 661; x_wconf 84' lang='lat' dir='ltr'><strong>pigrum,</strong></span> <span class='ocrx_word' id='word_1_39' title='bbox 1262 603 1383 647; x_wconf 91' lang='lat' dir='ltr'><strong>nobis</strong></span> <span class='ocrx_word' id='word_1_40' title='bbox 1403 607 1544 647; x_wconf 86' lang='lat' dir='ltr'><strong>autem</strong></span> <span class='ocrx_word' id='word_1_41' title='bbox 1565 603 1757 647; x_wconf 82' lang='lat' dir='ltr'><strong>omn-ibus</strong></span> <span class='ocrx_word' id='word_1_42' title='bbox 1777 602 1921 650; x_wconf 75' lang='lat' dir='ltr'><strong>multis</strong></span> 
     </span>
     <span class='ocr_line' id='line_1_6' title="bbox 369 680 1921 736; baseline 0.001 -13"><span class='ocrx_word' id='word_1_43' title='bbox 369 680 420 724; x_wconf 91' lang='lat' dir='ltr'><strong>de</strong></span> <span class='ocrx_word' id='word_1_44' title='bbox 451 681 589 726; x_wconf 89' lang='lat' dir='ltr'><strong>causis</strong></span> <span class='ocrx_word' id='word_1_45' title='bbox 621 684 731 724; x_wconf 86' lang='lat' dir='ltr'><strong>esset</strong></span> <span class='ocrx_word' id='word_1_46' title='bbox 761 681 882 724; x_wconf 88' lang='lat' dir='ltr'><strong>valde</strong></span> <span class='ocrx_word' id='word_1_47' title='bbox 911 681 1214 735; x_wconf 83' lang='lat' dir='ltr'><strong>necessarium3</strong></span> <span class='ocrx_word' id='word_1_48' title='bbox 1247 681 1329 724; x_wconf 89' lang='lat' dir='ltr'><strong>nisi</strong></span> <span class='ocrx_word' id='word_1_49' title='bbox 1360 681 1483 736; x_wconf 87' lang='lat' dir='ltr'><strong>quod,</strong></span> <span class='ocrx_word' id='word_1_50' title='bbox 1513 680 1819 725; x_wconf 75' lang='lat' dir='ltr'><strong>fraternitatem</strong></span> <span class='ocrx_word' id='word_1_51' title='bbox 1850 693 1921 724; x_wconf 90' lang='lat' dir='ltr'><strong>ve-</strong></span> 
     </span>
     <span class='ocr_line' id='line_1_7' title="bbox 369 757 1920 814; baseline 0.001 -15"><span class='ocrx_word' id='word_1_52' title='bbox 369 759 500 799; x_wconf 81' lang='lat' dir='ltr'><strong>stram</strong></span> <span class='ocrx_word' id='word_1_53' title='bbox 531 771 607 813; x_wconf 88' lang='lat' dir='ltr'><strong>pro</strong></span> <span class='ocrx_word' id='word_1_54' title='bbox 639 758 840 814; x_wconf 88' lang='lat' dir='ltr'><strong>temporis</strong></span> <span class='ocrx_word' id='word_1_55' title='bbox 873 757 995 801; x_wconf 85' lang='lat' dir='ltr'><strong>huius</strong></span> <span class='ocrx_word' id='word_1_56' title='bbox 1018 758 1194 801; x_wconf 88' lang='lat' dir='ltr'><strong>instanti</strong></span> <span class='ocrx_word' id='word_1_57' title='bbox 1215 758 1397 814; x_wconf 76' lang='lat' dir='ltr'><strong>periculo</strong></span> <span class='ocrx_word' id='word_1_58' title='bbox 1419 758 1530 801; x_wconf 90' lang='lat' dir='ltr'><strong>circa</strong></span> <span class='ocrx_word' id='word_1_59' title='bbox 1550 757 1762 801; x_wconf 80' lang='lat' dir='ltr'><strong>commissi</strong></span> <span class='ocrx_word' id='word_1_60' title='bbox 1781 757 1920 813; x_wconf 71' lang='lat' dir='ltr'><strong>gregis</strong></span> 
     </span>
     <span class='ocr_line' id='line_1_8' title="bbox 367 833 1921 892; baseline 0.001 -16"><span class='ocrx_word' id='word_1_61' title='bbox 367 833 542 877; x_wconf 88' lang='lat' dir='ltr'><strong>tutelam</strong></span> <span class='ocrx_word' id='word_1_62' title='bbox 573 834 820 878; x_wconf 79' lang='lat' dir='ltr'><strong>multimode</strong></span> <span class='ocrx_word' id='word_1_63' title='bbox 850 838 1094 892; x_wconf 76' lang='lat' dir='ltr'>occupatam</span> <span class='ocrx_word' id='word_1_64' title='bbox 1127 848 1239 890; x_wconf 85' lang='lat' dir='ltr'><strong>esse,</strong></span> <span class='ocrx_word' id='word_1_65' title='bbox 1271 849 1355 878; x_wconf 89' lang='lat' dir='ltr'><strong>non</strong></span> <span class='ocrx_word' id='word_1_66' title='bbox 1386 835 1542 878; x_wconf 84' lang='lat' dir='ltr'><strong>dubito.</strong></span> <span class='ocrx_word' id='word_1_67' title='bbox 1663 833 1921 883; x_wconf 74' lang='lat' dir='ltr'><strong>Moneo-ita·-</strong></span> 
     </span>
     <span class='ocr_line' id='line_1_9' title="bbox 369 910 1921 968; baseline 0.001 -14"><span class='ocrx_word' id='word_1_68' title='bbox 369 924 448 966; x_wconf 89' lang='lat' dir='ltr'><strong>que</strong></span> <span class='ocrx_word' id='word_1_69' title='bbox 486 914 528 954; x_wconf 89' lang='lat' dir='ltr'><strong>et</strong></span> <span class='ocrx_word' id='word_1_70' title='bbox 559 911 744 955; x_wconf 89' lang='lat' dir='ltr'><strong>obtestor</strong></span> <span class='ocrx_word' id='word_1_71' title='bbox 774 925 868 955; x_wconf 87' lang='lat' dir='ltr'><strong>vos:</strong></span> <span class='ocrx_word' id='word_1_72' title='bbox 910 915 957 955; x_wconf 92' lang='lat' dir='ltr'><strong>ut</strong></span> <span class='ocrx_word' id='word_1_73' title='bbox 987 925 1155 955; x_wconf 87' lang='lat' dir='ltr'><strong>eausam</strong></span> <span class='ocrx_word' id='word_1_74' title='bbox 1186 912 1333 967; x_wconf 81' lang='lat' dir='ltr'><strong>istam,</strong></span> <span class='ocrx_word' id='word_1_75' title='bbox 1373 925 1449 968; x_wconf 91' lang='lat' dir='ltr'><strong>pro</strong></span> <span class='ocrx_word' id='word_1_76' title='bbox 1481 925 1564 967; x_wconf 88' lang='lat' dir='ltr'><strong>qua</strong></span> <span class='ocrx_word' id='word_1_77' title='bbox 1592 910 1761 955; x_wconf 85' lang='lat' dir='ltr'><strong>inclitus</strong></span> <span class='ocrx_word' id='word_1_78' title='bbox 1790 911 1921 956; x_wconf 73' lang='lat' dir='ltr'><strong>frater</strong></span> 
     </span>
     <span class='ocr_line' id='line_1_10' title="bbox 367 988 1921 1046; baseline 0.001 -15"><span class='ocrx_word' id='word_1_79' title='bbox 367 992 509 1031; x_wconf 88' lang='lat' dir='ltr'><strong>noster</strong></span> <span class='ocrx_word' id='word_1_80' title='bbox 530 988 798 1031; x_wconf 89' lang='lat' dir='ltr'><strong>Treverensis</strong></span> <span class='ocrx_word' id='word_1_81' title='bbox 829 989 998 1046; x_wconf 88' lang='lat' dir='ltr'><strong>praesul</strong></span> <span class='ocrx_word' id='word_1_82' title='bbox 1027 1003 1103 1032; x_wconf 89' lang='lat' dir='ltr'><strong>nos</strong></span> <span class='ocrx_word' id='word_1_83' title='bbox 1124 989 1345 1032; x_wconf 89' lang='lat' dir='ltr'><strong>convenire</strong></span> <span class='ocrx_word' id='word_1_84' title='bbox 1365 989 1509 1044; x_wconf 80' lang='lat' dir='ltr'><strong>voluit,</strong></span> <span class='ocrx_word' id='word_1_85' title='bbox 1541 988 1755 1032; x_wconf 81' lang='lat' dir='ltr'><strong>vobiscum</strong></span> <span class='ocrx_word' id='word_1_86' title='bbox 1776 990 1818 1032; x_wconf 80' lang='lat' dir='ltr'><strong>et</strong></span> <span class='ocrx_word' id='word_1_87' title='bbox 1836 1001 1921 1033; x_wconf 77' lang='lat' dir='ltr'><strong>una</strong></span> 
     </span>
     <span class='ocr_line' id='line_1_11' title="bbox 368 1065 1919 1123; baseline 0.001 -15"><span class='ocrx_word' id='word_1_88' title='bbox 368 1078 464 1108; x_wconf 89' lang='lat' dir='ltr'><strong>cum</strong></span> <span class='ocrx_word' id='word_1_89' title='bbox 493 1068 658 1108; x_wconf 86' lang='lat' dir='ltr'><strong>vestrae</strong></span> <span class='ocrx_word' id='word_1_90' title='bbox 690 1066 889 1110; x_wconf 86' lang='lat' dir='ltr'><strong>ecclesiae</strong></span> <span class='ocrx_word' id='word_1_91' title='bbox 925 1067 1264 1123; x_wconf 77' lang='lat' dir='ltr'><strong>prudentioribus</strong></span> <span class='ocrx_word' id='word_1_92' title='bbox 1297 1066 1538 1121; x_wconf 87' lang='lat' dir='ltr'><strong>diligenter·</strong></span> <span class='ocrx_word' id='word_1_93' title='bbox 1569 1065 1919 1123; x_wconf 55' lang='lat' dir='ltr'><strong>pertractetis-vet,</strong></span> 
     </span>
     <span class='ocr_line' id='line_1_12' title="bbox 369 1142 1920 1200; baseline 0.001 -16"><span class='ocrx_word' id='word_1_94' title='bbox 369 1142 479 1198; x_wconf 89' lang='lat' dir='ltr'><strong>quod</strong></span> <span class='ocrx_word' id='word_1_95' title='bbox 508 1143 662 1185; x_wconf 86' lang='lat' dir='ltr'><strong>rectius</strong></span> <span class='ocrx_word' id='word_1_96' title='bbox 696 1156 743 1186; x_wconf 88' lang='lat' dir='ltr'><strong>ac</strong></span> <span class='ocrx_word' id='word_1_97' title='bbox 774 1143 922 1187; x_wconf 89' lang='lat' dir='ltr'><strong>melius</strong></span> <span class='ocrx_word' id='word_1_98' title='bbox 956 1144 1098 1187; x_wconf 85' lang='lat' dir='ltr'><strong>divina</strong></span> <span class='ocrx_word' id='word_1_99' title='bbox 1127 1143 1263 1198; x_wconf 79' lang='lat' dir='ltr'><strong>gratia</strong></span> <span class='ocrx_word' id='word_1_100' title='bbox 1293 1143 1411 1186; x_wconf 86' lang='lat' dir='ltr'><strong>vobis</strong></span> <span class='ocrx_word' id='word_1_101' title='bbox 1441 1143 1724 1200; x_wconf 83' lang='lat' dir='ltr'><strong>inspiraverit,</strong></span> <span class='ocrx_word' id='word_1_102' title='bbox 1755 1156 1832 1200; x_wconf 87' lang='lat' dir='ltr'><strong>per</strong></span> <span class='ocrx_word' id='word_1_103' title='bbox 1850 1142 1920 1187; x_wconf 83' lang='lat' dir='ltr'><strong>lit-</strong></span> 
     </span>
     <span class='ocr_line' id='line_1_13' title="bbox 368 1220 1919 1278; baseline 0.001 -16"><span class='ocrx_word' id='word_1_104' title='bbox 368 1223 479 1263; x_wconf 86' lang='lat' dir='ltr'><strong>teras</strong></span> <span class='ocrx_word' id='word_1_105' title='bbox 501 1223 661 1263; x_wconf 90' lang='lat' dir='ltr'><strong>vestras</strong></span> <span class='ocrx_word' id='word_1_106' title='bbox 693 1220 796 1262; x_wconf 86' lang='lat' dir='ltr'><strong>mihi</strong></span> <span class='ocrx_word' id='word_1_107' title='bbox 826 1221 1022 1264; x_wconf 87' lang='lat' dir='ltr'><strong>intimare</strong></span> <span class='ocrx_word' id='word_1_108' title='bbox 1050 1221 1207 1274; x_wconf 82' lang='lat' dir='ltr'><strong>velitis3</strong></span> <span class='ocrx_word' id='word_1_109' title='bbox 1242 1221 1436 1276; x_wconf 84' lang='lat' dir='ltr'><strong>quatinus</strong></span> <span class='ocrx_word' id='word_1_110' title='bbox 1466 1220 1713 1278; x_wconf 87' lang='lat' dir='ltr'><strong>prudentiae</strong></span> <span class='ocrx_word' id='word_1_111' title='bbox 1734 1223 1919 1264; x_wconf 83' lang='lat' dir='ltr'><strong>vestrae·</strong></span> 
     </span>
     <span class='ocr_line' id='line_1_14' title="bbox 369 1297 1920 1355; baseline 0.002 -16"><span class='ocrx_word' id='word_1_112' title='bbox 369 1297 525 1340; x_wconf 87' lang='lat' dir='ltr'><strong>salubri</strong></span> <span class='ocrx_word' id='word_1_113' title='bbox 564 1297 737 1340; x_wconf 88' lang='lat' dir='ltr'><strong>consilio</strong></span> <span class='ocrx_word' id='word_1_114' title='bbox 777 1298 923 1353; x_wconf 90' lang='lat' dir='ltr'><strong>quovis</strong></span> <span class='ocrx_word' id='word_1_115' title='bbox 961 1298 1084 1340; x_wconf 89' lang='lat' dir='ltr'><strong>modo</strong></span> <span class='ocrx_word' id='word_1_116' title='bbox 1124 1299 1314 1341; x_wconf 83' lang='lat' dir='ltr'><strong>enervari</strong></span> <span class='ocrx_word' id='word_1_117' title='bbox 1351 1300 1476 1354; x_wconf 86' lang='lat' dir='ltr'><strong>queat</strong></span> <span class='ocrx_word' id='word_1_118' title='bbox 1510 1300 1628 1342; x_wconf 84' lang='lat' dir='ltr'><strong>tanta</strong></span> <span class='ocrx_word' id='word_1_119' title='bbox 1657 1301 1827 1355; x_wconf 75' lang='lat' dir='ltr'><strong>tamque</strong></span> <span class='ocrx_word' id='word_1_120' title='bbox 1855 1297 1920 1342; x_wconf 82' lang='lat' dir='ltr'><strong>in-</strong></span> 
     </span>
     <span class='ocr_line' id='line_1_15' title="bbox 367 1373 1277 1432; baseline 0.001 -15"><span class='ocrx_word' id='word_1_121' title='bbox 367 1373 596 1418; x_wconf 89' lang='lat' dir='ltr'><strong>tolerabilis</strong></span> <span class='ocrx_word' id='word_1_122' title='bbox 627 1374 947 1429; x_wconf 85' lang='lat' dir='ltr'><strong>malignantium</strong></span> <span class='ocrx_word' id='word_1_123' title='bbox 978 1376 1277 1432; x_wconf 88' lang='lat' dir='ltr'><strong>praesumptio.</strong></span> 
     </span>
    </p>
   </div>
   <div class='ocr_carea' id='block_1_3' title="bbox 371 1515 1926 1650">
    <p class='ocr_par' dir='ltr' id='par_1_3' title="bbox 371 1515 1926 1650">
     <span class='ocr_line' id='line_1_16' title="bbox 371 1515 1926 1574; baseline -0.001 -13"><span class='ocrx_word' id='word_1_124' title='bbox 371 1515 452 1562; x_wconf 87' lang='grc'><strong>87.</strong></span> <span class='ocrx_word' id='word_1_125' title='bbox 487 1517 697 1573; x_wconf 72' lang='lat' dir='ltr'><strong>Rupertus</strong></span> <span class='ocrx_word' id='word_1_126' title='bbox 720 1518 936 1574; x_wconf 75' lang='lat' dir='ltr'><strong>episcopus</strong></span> <span class='ocrx_word' id='word_1_127' title='bbox 953 1518 1273 1573; x_wconf 69' lang='lat' dir='ltr'><strong>Bamberqensis</strong></span> <span class='ocrx_word' id='word_1_128' title='bbox 1295 1526 1418 1573; x_wconf 77' lang='lat' dir='ltr'><strong>atque</strong></span> <span class='ocrx_word' id='word_1_129' title='bbox 1436 1515 1487 1561; x_wconf 60' lang='grc' dir='ltr'><strong>(ἕ.</strong></span> <span class='ocrx_word' id='word_1_130' title='bbox 1506 1526 1544 1560; x_wconf 74' lang='lat' dir='ltr'><strong>et</strong></span> <span class='ocrx_word' id='word_1_131' title='bbox 1563 1518 1617 1560; x_wconf 82' lang='lat' dir='ltr'><strong>E.</strong></span> <span class='ocrx_word' id='word_1_132' title='bbox 1636 1517 1836 1560; x_wconf 75' lang='lat' dir='ltr'><strong>Heinrico</strong></span> <span class='ocrx_word' id='word_1_133' title='bbox 1852 1517 1926 1561; x_wconf 87' lang='lat' dir='ltr'><strong>IV</strong></span> 
     </span>
     <span class='ocr_line' id='line_1_17' title="bbox 486 1592 1918 1650; baseline 0.001 -15"><span class='ocrx_word' id='word_1_134' title='bbox 486 1595 734 1650; x_wconf 74' lang='lat' dir='ltr'><strong>imperatori</strong></span> <span class='ocrx_word' id='word_1_135' title='bbox 762 1595 812 1636; x_wconf 82' lang='lat' dir='ltr'><strong>de</strong></span> <span class='ocrx_word' id='word_1_136' title='bbox 846 1592 1098 1638; x_wconf 76' lang='lat' dir='ltr'><strong>Germaniae</strong></span> <span class='ocrx_word' id='word_1_137' title='bbox 1126 1595 1247 1637; x_wconf 69' lang='lat' dir='ltr'><strong>rebus</strong></span> <span class='ocrx_word' id='word_1_138' title='bbox 1277 1593 1500 1650; x_wconf 61' lang='lat' dir='ltr'><strong>referuntb.</strong></span> <span class='ocrx_word' id='word_1_139' title='bbox 1741 1593 1793 1647; x_wconf 92' lang='lat' dir='ltr'><strong>(E</strong></span> <span class='ocrx_word' id='word_1_140' title='bbox 1815 1593 1918 1648; x_wconf 88' lang='grc'>201)</span> 
     </span>
    </p>
   </div>
   <div class='ocr_carea' id='block_1_4' title="bbox 145 1681 1933 2804">
    <p class='ocr_par' dir='ltr' id='par_1_4' title="bbox 145 1681 1933 1969">
     <span class='ocr_line' id='line_1_18' title="bbox 145 1681 1933 1742; baseline -0.001 -14"><span class='ocrx_word' id='word_1_141' title='bbox 145 1692 346 1728; x_wconf 84' lang='grc'><strong>1093-1096</strong></span> <span class='ocrx_word' id='word_1_142' title='bbox 485 1681 881 1725; x_wconf 88' lang='lat' dir='ltr'><strong>Desiderantissimo</strong></span> <span class='ocrx_word' id='word_1_143' title='bbox 914 1683 1080 1725; x_wconf 88' lang='lat' dir='ltr'><strong>domino</strong></span> <span class='ocrx_word' id='word_1_144' title='bbox 1113 1696 1186 1725; x_wconf 88' lang='lat' dir='ltr'><strong>suo</strong></span> <span class='ocrx_word' id='word_1_145' title='bbox 1217 1682 1447 1735; x_wconf 89' lang='lat' dir='ltr'><strong>H(einrico)</strong></span> <span class='ocrx_word' id='word_1_146' title='bbox 1479 1682 1746 1726; x_wconf 87' lang='lat' dir='ltr'><strong>serenissimo</strong></span> <span class='ocrx_word' id='word_1_147' title='bbox 1768 1681 1933 1742; x_wconf 69' lang='lat' dir='ltr'><strong>Roma-v</strong></span> 
     </span>
     <span class='ocr_line' id='line_1_19' title="bbox 367 1759 1919 1816; baseline 0.001 -14"><span class='ocrx_word' id='word_1_148' title='bbox 367 1773 517 1802; x_wconf 90' lang='lat' dir='ltr'><strong>norum</strong></span> <span class='ocrx_word' id='word_1_149' title='bbox 547 1759 792 1815; x_wconf 89' lang='lat' dir='ltr'><strong>imperatori</strong></span> <span class='ocrx_word' id='word_1_150' title='bbox 807 1763 1000 1814; x_wconf 62' lang='lat' dir='ltr'><strong>:augusto</strong></span> <span class='ocrx_word' id='word_1_151' title='bbox 1030 1759 1274 1816; x_wconf 89' lang='lat' dir='ltr'><strong>R(upertus)</strong></span> <span class='ocrx_word' id='word_1_152' title='bbox 1305 1759 1385 1802; x_wconf 91' lang='lat' dir='ltr'><strong>Dei</strong></span> <span class='ocrx_word' id='word_1_153' title='bbox 1409 1760 1544 1814; x_wconf 84' lang='lat' dir='ltr'><strong>gratia</strong></span> <span class='ocrx_word' id='word_1_154' title='bbox 1562 1759 1919 1814; x_wconf 83' lang='lat' dir='ltr'><strong>Babenbergensis</strong></span> 
     </span>
     <span class='ocr_line' id='line_1_20' title="bbox 367 1835 1919 1893; baseline 0 -13"><span class='ocrx_word' id='word_1_155' title='bbox 367 1837 588 1893; x_wconf 89' lang='lat' dir='ltr'><strong>episcopus</strong></span> <span class='ocrx_word' id='word_1_156' title='bbox 622 1837 830 1892; x_wconf 91' lang='lat' dir='ltr'><strong>ceterique</strong></span> <span class='ocrx_word' id='word_1_157' title='bbox 862 1837 926 1879; x_wconf 89' lang='lat' dir='ltr'><strong>sui</strong></span> <span class='ocrx_word' id='word_1_158' title='bbox 955 1835 1119 1880; x_wconf 86' lang='lat' dir='ltr'><strong>fideles⁰</strong></span> <span class='ocrx_word' id='word_1_159' title='bbox 1150 1836 1542 1892; x_wconf 84' lang='lat' dir='ltr'><strong>Nurenbergenses‘¹</strong></span> <span class='ocrx_word' id='word_1_160' title='bbox 1572 1850 1664 1880; x_wconf 89' lang='lat' dir='ltr'><strong>cum</strong></span> <span class='ocrx_word' id='word_1_161' title='bbox 1695 1836 1919 1880; x_wconf 78' lang='lat' dir='ltr'><strong>instantia⁹</strong></span> 
     </span>
     <span class='ocr_line' id='line_1_21' title="bbox 368 1913 1367 1969; baseline 0.001 -13"><span class='ocrx_word' id='word_1_162' title='bbox 368 1914 602 1957; x_wconf 90' lang='lat' dir='ltr'><strong>orationum</strong></span> <span class='ocrx_word' id='word_1_163' title='bbox 633 1913 783 1957; x_wconf 88' lang='lat' dir='ltr'><strong>servile</strong></span> <span class='ocrx_word' id='word_1_164' title='bbox 813 1914 858 1956; x_wconf 91' lang='lat' dir='ltr'><strong>in</strong></span> <span class='ocrx_word' id='word_1_165' title='bbox 890 1914 1080 1957; x_wconf 90' lang='lat' dir='ltr'><strong>omnibus</strong></span> <span class='ocrx_word' id='word_1_166' title='bbox 1112 1914 1367 1969; x_wconf 87' lang='lat' dir='ltr'><strong>obsequium.</strong></span> 
     </span>
    </p>

    <p class='ocr_par' dir='ltr' id='par_1_5' title="bbox 366 1990 1919 2804">
     <span class='ocr_line' id='line_1_22' title="bbox 487 1990 1919 2048; baseline 0.001 -15"><span class='ocrx_word' id='word_1_167' title='bbox 487 1991 603 2034; x_wconf 85' lang='lat' dir='ltr'><strong>Sicut</strong></span> <span class='ocrx_word' id='word_1_168' title='bbox 632 1991 677 2033; x_wconf 91' lang='lat' dir='ltr'><strong>in</strong></span> <span class='ocrx_word' id='word_1_169' title='bbox 708 1991 899 2034; x_wconf 91' lang='lat' dir='ltr'><strong>omnibus</strong></span> <span class='ocrx_word' id='word_1_170' title='bbox 930 1991 1081 2034; x_wconf 90' lang='lat' dir='ltr'><strong>vestris</strong></span> <span class='ocrx_word' id='word_1_171' title='bbox 1111 1992 1294 2046; x_wconf 83' lang='lat' dir='ltr'><strong>negociis</strong></span> <span class='ocrx_word' id='word_1_172' title='bbox 1325 2005 1400 2046; x_wconf 88' lang='lat' dir='ltr'><strong>ego</strong></span> <span class='ocrx_word' id='word_1_173' title='bbox 1431 1990 1673 2048; x_wconf 86' lang='lat' dir='ltr'><strong>R(upertus)</strong></span> <span class='ocrx_word' id='word_1_174' title='bbox 1701 1990 1919 2035; x_wconf 80' lang='lat' dir='ltr'><strong>devotissi-</strong></span> 
     </span>
     <span class='ocr_line' id='line_1_23' title="bbox 367 2067 1918 2124; baseline -0.001 -13"><span class='ocrx_word' id='word_1_175' title='bbox 367 2082 484 2111; x_wconf 92' lang='lat' dir='ltr'><strong>mum</strong></span> <span class='ocrx_word' id='word_1_176' title='bbox 514 2082 580 2111; x_wconf 92' lang='lat' dir='ltr'><strong>me</strong></span> <span class='ocrx_word' id='word_1_177' title='bbox 612 2082 776 2124; x_wconf 85' lang='lat' dir='ltr'><strong>semper</strong></span> <span class='ocrx_word' id='word_1_178' title='bbox 807 2068 990 2123; x_wconf 78' lang='lat' dir='ltr'><strong>exhibui,</strong></span> <span class='ocrx_word' id='word_1_179' title='bbox 1022 2068 1101 2111; x_wconf 78' lang='lat' dir='ltr'><strong>sics</strong></span> <span class='ocrx_word' id='word_1_180' title='bbox 1131 2069 1256 2112; x_wconf 91' lang='lat' dir='ltr'><strong>etiam</strong></span> <span class='ocrx_word' id='word_1_181' title='bbox 1280 2082 1410 2124; x_wconf 91' lang='lat' dir='ltr'><strong>usque</strong></span> <span class='ocrx_word' id='word_1_182' title='bbox 1437 2069 1481 2111; x_wconf 92' lang='lat' dir='ltr'><strong>in</strong></span> <span class='ocrx_word' id='word_1_183' title='bbox 1501 2067 1626 2111; x_wconf 88' lang='lat' dir='ltr'><strong>finem</strong></span> <span class='ocrx_word' id='word_1_184' title='bbox 1646 2067 1797 2111; x_wconf 89' lang='lat' dir='ltr'><strong>maiori</strong></span> <span class='ocrx_word' id='word_1_185' title='bbox 1816 2080 1918 2123; x_wconf 86' lang='lat' dir='ltr'><strong>quo-</strong></span> 
     </span>
     <span class='ocr_line' id='line_1_24' title="bbox 369 2143 1918 2202; baseline -0.001 -14"><span class='ocrx_word' id='word_1_186' title='bbox 369 2160 448 2202; x_wconf 92' lang='lat' dir='ltr'><strong>que</strong></span> <span class='ocrx_word' id='word_1_187' title='bbox 480 2146 617 2189; x_wconf 89' lang='lat' dir='ltr'><strong>studio</strong></span> <span class='ocrx_word' id='word_1_188' title='bbox 648 2146 692 2187; x_wconf 92' lang='lat' dir='ltr'><strong>in</strong></span> <span class='ocrx_word' id='word_1_189' title='bbox 724 2146 915 2188; x_wconf 90' lang='lat' dir='ltr'><strong>omnibus</strong></span> <span class='ocrx_word' id='word_1_190' title='bbox 947 2149 1111 2188; x_wconf 86' lang='lat' dir='ltr'><strong>vestrae</strong></span> <span class='ocrx_word' id='word_1_191' title='bbox 1142 2145 1332 2188; x_wconf 88' lang='lat' dir='ltr'><strong>obediam</strong></span> <span class='ocrx_word' id='word_1_192' title='bbox 1362 2145 1580 2189; x_wconf 88' lang='lat' dir='ltr'><strong>voluntati.</strong></span> <span class='ocrx_word' id='word_1_193' title='bbox 1635 2144 1692 2188; x_wconf 93' lang='lat' dir='ltr'><strong>Et</strong></span> <span class='ocrx_word' id='word_1_194' title='bbox 1722 2143 1918 2201; x_wconf 85' lang='lat' dir='ltr'><strong>&#39;quicquid</strong></span> 
     </span>
     <span class='ocr_line' id='line_1_25' title="bbox 367 2221 1918 2279; baseline -0.001 -13"><span class='ocrx_word' id='word_1_195' title='bbox 367 2237 442 2279; x_wconf 89' lang='lat' dir='ltr'><strong>per</strong></span> <span class='ocrx_word' id='word_1_196' title='bbox 482 2223 680 2265; x_wconf 91' lang='lat' dir='ltr'><strong>domnum</strong></span> <span class='ocrx_word' id='word_1_197' title='bbox 719 2221 767 2265; x_wconf 89' lang='lat' dir='ltr'><strong>G.</strong></span> <span class='ocrx_word' id='word_1_198' title='bbox 801 2222 903 2264; x_wconf 91' lang='lat' dir='ltr'><strong>mihi</strong></span> <span class='ocrx_word' id='word_1_199' title='bbox 942 2223 1204 2277; x_wconf 81' lang='lat' dir='ltr'><strong>iniunxistis,</strong></span> <span class='ocrx_word' id='word_1_200' title='bbox 1251 2223 1365 2266; x_wconf 91' lang='lat' dir='ltr'><strong>omni</strong></span> <span class='ocrx_word' id='word_1_201' title='bbox 1401 2221 1784 2278; x_wconf 80' lang='lat' dir='ltr'><strong>circumspectionis</strong></span> <span class='ocrx_word' id='word_1_202' title='bbox 1823 2221 1918 2265; x_wconf 89' lang='lat' dir='ltr'><strong>dili-</strong></span> 
     </span>
     <span class='ocr_line' id='line_1_26' title="bbox 367 2298 1916 2356; baseline -0.001 -14"><span class='ocrx_word' id='word_1_203' title='bbox 367 2300 508 2354; x_wconf 87' lang='lat' dir='ltr'><strong>gentia</strong></span> <span class='ocrx_word' id='word_1_204' title='bbox 539 2300 593 2342; x_wconf 89' lang='lat' dir='ltr'><strong>ad</strong></span> <span class='ocrx_word' id='word_1_205' title='bbox 622 2301 803 2342; x_wconf 88' lang='lat' dir='ltr'><strong>vestram</strong></span> <span class='ocrx_word' id='word_1_206' title='bbox 835 2299 1094 2343; x_wconf 88' lang='lat' dir='ltr'><strong>voluntatem</strong></span> <span class='ocrx_word' id='word_1_207' title='bbox 1124 2300 1323 2356; x_wconf 89' lang='lat' dir='ltr'><strong>perficere</strong></span> <span class='ocrx_word' id='word_1_208' title='bbox 1354 2300 1512 2343; x_wconf 87' lang='lat' dir='ltr'><strong>studeo.</strong></span> <span class='ocrx_word' id='word_1_209' title='bbox 1574 2298 1788 2342; x_wconf 84' lang='lat' dir='ltr'><strong>Perfectae</strong></span> <span class='ocrx_word' id='word_1_210' title='bbox 1817 2311 1916 2342; x_wconf 83' lang='lat' dir='ltr'><strong>vero</strong></span> 
     </span>
     <span class='ocr_line' id='line_1_27' title="bbox 367 2376 1916 2431; baseline -0.001 -12"><span class='ocrx_word' id='word_1_211' title='bbox 367 2377 599 2420; x_wconf 90' lang='lat' dir='ltr'><strong>dilectionis</strong></span> <span class='ocrx_word' id='word_1_212' title='bbox 633 2376 779 2419; x_wconf 90' lang='lat' dir='ltr'><strong>ardore</strong></span> <span class='ocrx_word' id='word_1_213' title='bbox 810 2376 1047 2419; x_wconf 85' lang='lat' dir='ltr'><strong>nullatenus</strong></span> <span class='ocrx_word' id='word_1_214' title='bbox 1079 2376 1214 2419; x_wconf 86' lang='lat' dir='ltr'><strong>celare</strong></span> <span class='ocrx_word' id='word_1_215' title='bbox 1234 2389 1308 2420; x_wconf 88' lang='lat' dir='ltr'><strong>vos</strong></span> <span class='ocrx_word' id='word_1_216' title='bbox 1329 2376 1475 2431; x_wconf 85' lang='lat' dir='ltr'><strong>audeo,</strong></span> <span class='ocrx_word' id='word_1_217' title='bbox 1506 2378 1594 2419; x_wconf 91' lang='lat' dir='ltr'><strong>tam</strong></span> <span class='ocrx_word' id='word_1_218' title='bbox 1617 2376 1769 2420; x_wconf 88' lang='lat' dir='ltr'><strong>amicos</strong></span> <span class='ocrx_word' id='word_1_219' title='bbox 1792 2388 1916 2430; x_wconf 88' lang='lat' dir='ltr'><strong>quam</strong></span> 
     </span>
     <span class='ocr_line' id='line_1_28' title="bbox 366 2451 1917 2508; baseline -0.001 -13"><span class='ocrx_word' id='word_1_220' title='bbox 366 2454 557 2496; x_wconf 90' lang='lat' dir='ltr'><strong>inimicos</strong></span> <span class='ocrx_word' id='word_1_221' title='bbox 595 2467 704 2496; x_wconf 88' lang='lat' dir='ltr'><strong>nova</strong></span> <span class='ocrx_word' id='word_1_222' title='bbox 734 2454 938 2508; x_wconf 89' lang='lat' dir='ltr'><strong>quaedam</strong></span> <span class='ocrx_word' id='word_1_223' title='bbox 970 2454 1245 2496; x_wconf 88' lang='lat' dir='ltr'><strong>machinando</strong></span> <span class='ocrx_word' id='word_1_224' title='bbox 1277 2453 1546 2496; x_wconf 87' lang='lat' dir='ltr'><strong>confederari.</strong></span> <span class='ocrx_word' id='word_1_225' title='bbox 1607 2453 1664 2496; x_wconf 91' lang='lat' dir='ltr'><strong>Et</strong></span> <span class='ocrx_word' id='word_1_226' title='bbox 1694 2451 1814 2496; x_wconf 87' lang='lat' dir='ltr'><strong>valde</strong></span> <span class='ocrx_word' id='word_1_227' title='bbox 1844 2464 1917 2494; x_wconf 89' lang='lat' dir='ltr'><strong>ne-</strong></span> 
     </span>
     <span class='ocr_line' id='line_1_29' title="bbox 368 2520 1916 2586; baseline 0 -14"><span class='ocrx_word' id='word_1_228' title='bbox 368 2531 594 2573; x_wconf 87' lang='lat' dir='ltr'><strong>cessarium</strong></span> <span class='ocrx_word' id='word_1_229' title='bbox 627 2534 702 2584; x_wconf 83' lang='lat' dir='ltr'><strong>est,</strong></span> <span class='ocrx_word' id='word_1_230' title='bbox 735 2533 781 2572; x_wconf 91' lang='lat' dir='ltr'><strong>ut</strong></span> <span class='ocrx_word' id='word_1_231' title='bbox 813 2531 1057 2585; x_wconf 90' lang='lat' dir='ltr'><strong>quantocius</strong></span> <span class='ocrx_word' id='word_1_232' title='bbox 1090 2531 1142 2574; x_wconf 90' lang='lat' dir='ltr'><strong>ad</strong></span> <span class='ocrx_word' id='word_1_233' title='bbox 1171 2544 1247 2573; x_wconf 89' lang='lat' dir='ltr'><strong>nos</strong></span> <span class='ocrx_word' id='word_1_234' title='bbox 1268 2530 1468 2584; x_wconf 84' lang='lat' dir='ltr'><strong>redeatis3</strong></span> <span class='ocrx_word' id='word_1_235' title='bbox 1503 2520 1701 2586; x_wconf 87' lang='lat' dir='ltr'><strong>quoniam</strong></span> <span class='ocrx_word' id='word_1_236' title='bbox 1719 2542 1916 2586; x_wconf 89' lang='lat' dir='ltr'><strong>praesens</strong></span> 
     </span>
     <span class='ocr_line' id='line_1_30' title="bbox 367 2606 1916 2664; baseline 0 -15"><span class='ocrx_word' id='word_1_237' title='bbox 367 2620 540 2663; x_wconf 90' lang='lat' dir='ltr'><strong>corpore</strong></span> <span class='ocrx_word' id='word_1_238' title='bbox 570 2607 768 2650; x_wconf 87' lang='lat' dir='ltr'><strong>facillime</strong></span> <span class='ocrx_word' id='word_1_239' title='bbox 799 2608 973 2664; x_wconf 88' lang='lat' dir='ltr'><strong>potestis</strong></span> <span class='ocrx_word' id='word_1_240' title='bbox 1004 2608 1200 2650; x_wconf 88' lang='lat' dir='ltr'><strong>universa</strong></span> <span class='ocrx_word' id='word_1_241' title='bbox 1231 2607 1282 2650; x_wconf 91' lang='lat' dir='ltr'><strong>ad</strong></span> <span class='ocrx_word' id='word_1_242' title='bbox 1316 2610 1495 2650; x_wconf 86' lang='lat' dir='ltr'><strong>vestram</strong></span> <span class='ocrx_word' id='word_1_243' title='bbox 1527 2606 1784 2650; x_wconf 88' lang='lat' dir='ltr'><strong>voluntatem</strong></span> <span class='ocrx_word' id='word_1_244' title='bbox 1805 2619 1916 2649; x_wconf 90' lang='lat' dir='ltr'><strong>com-</strong></span> 
     </span>
     <span class='ocr_line' id='line_1_31' title="bbox 366 2683 1915 2740; baseline 0 -14"><span class='ocrx_word' id='word_1_245' title='bbox 366 2697 534 2740; x_wconf 78' lang='lat' dir='ltr'><strong>ponere,</strong></span> <span class='ocrx_word' id='word_1_246' title='bbox 567 2698 672 2739; x_wconf 87' lang='lat' dir='ltr'><strong>quae</strong></span> <span class='ocrx_word' id='word_1_247' title='bbox 703 2685 832 2727; x_wconf 87' lang='lat' dir='ltr'><strong>vestri</strong></span> <span class='ocrx_word' id='word_1_248' title='bbox 863 2684 1050 2728; x_wconf 87' lang='lat' dir='ltr'><strong>absentia</strong></span> <span class='ocrx_word' id='word_1_249' title='bbox 1080 2685 1124 2727; x_wconf 92' lang='lat' dir='ltr'><strong>in</strong></span> <span class='ocrx_word' id='word_1_250' title='bbox 1154 2683 1434 2738; x_wconf 85' lang='lat' dir='ltr'><strong>incorrigibile</strong></span> <span class='ocrx_word' id='word_1_251' title='bbox 1465 2683 1621 2726; x_wconf 92' lang='lat' dir='ltr'><strong>malum</strong></span> <span class='ocrx_word' id='word_1_252' title='bbox 1643 2683 1915 2727; x_wconf 87' lang='lat' dir='ltr'><strong>formidamus</strong></span> 
     </span>
     <span class='ocr_line' id='line_1_32' title="bbox 368 2761 846 2804; baseline 0.004 -2"><span class='ocrx_word' id='word_1_253' title='bbox 368 2767 642 2803; x_wconf 60' lang='lat' dir='ltr'><strong>excrescereff.</strong></span> <span class='ocrx_word' id='word_1_254' title='bbox 687 2761 846 2804; x_wconf 87' lang='lat' dir='ltr'><strong>Valete.</strong></span> 
     </span>
    </p>
   </div>
   <div class='ocr_carea' id='block_1_5' title="bbox 369 2899 1915 3046">
    <p class='ocr_par' dir='ltr' id='par_1_6' title="bbox 369 2899 1915 3046">
     <span class='ocr_line' id='line_1_33' title="bbox 461 2899 1915 2941; baseline 0.001 -12"><span class='ocrx_word' id='word_1_255' title='bbox 461 2909 486 2929; x_wconf 85' lang='lat' dir='ltr'><strong>a.</strong></span> <span class='ocrx_word' id='word_1_256' title='bbox 519 2909 574 2930; x_wconf 86' lang='lat' dir='ltr'><strong>om.</strong></span> <span class='ocrx_word' id='word_1_257' title='bbox 594 2901 624 2930; x_wconf 87' lang='lat' dir='ltr'><strong>V.</strong></span> <span class='ocrx_word' id='word_1_258' title='bbox 748 2901 778 2931; x_wconf 86' lang='lat' dir='ltr'><strong>b.</strong></span> <span class='ocrx_word' id='word_1_259' title='bbox 810 2911 848 2931; x_wconf 76' lang='lat' dir='ltr'><strong>ex</strong></span> <span class='ocrx_word' id='word_1_260' title='bbox 870 2903 898 2931; x_wconf 94' lang='lat' dir='ltr'><em>V</em></span> <span class='ocrx_word' id='word_1_261' title='bbox 915 2903 966 2939; x_wconf 85' lang='grc'><strong>88,</strong></span> <span class='ocrx_word' id='word_1_262' title='bbox 991 2902 1021 2931; x_wconf 93' lang='grc' dir='ltr'><em>Ζ</em></span> <span class='ocrx_word' id='word_1_263' title='bbox 1036 2901 1273 2941; x_wconf 79' lang='lat' dir='ltr'><strong>p.185—-186·,</strong></span> <span class='ocrx_word' id='word_1_264' title='bbox 1300 2899 1326 2931; x_wconf 83' lang='lat' dir='ltr'><em>C</em></span> <span class='ocrx_word' id='word_1_265' title='bbox 1344 2901 1517 2937; x_wconf 81' lang='grc' dir='ltr'><em>42-42υ,</em></span> <span class='ocrx_word' id='word_1_266' title='bbox 1540 2901 1571 2930; x_wconf 90' lang='grc' dir='ltr'><em>Β</em></span> <span class='ocrx_word' id='word_1_267' title='bbox 1592 2902 1643 2931; x_wconf 81' lang='lat'><strong>34.</strong></span> <span class='ocrx_word' id='word_1_268' title='bbox 1751 2909 1777 2931; x_wconf 84' lang='lat' dir='ltr'><strong>c.</strong></span> <span class='ocrx_word' id='word_1_269' title='bbox 1809 2901 1915 2931; x_wconf 84' lang='lat' dir='ltr'><strong>fideles</strong></span> 
     </span>
     <span class='ocr_line' id='line_1_34' title="bbox 370 2952 1914 2992; baseline 0 -9"><span class='ocrx_word' id='word_1_270' title='bbox 370 2954 417 2983; x_wconf 88' lang='lat' dir='ltr'><strong>sui</strong></span> <span class='ocrx_word' id='word_1_271' title='bbox 438 2953 476 2983; x_wconf 92' lang='lat' dir='ltr'><strong>B.</strong></span> <span class='ocrx_word' id='word_1_272' title='bbox 601 2953 630 2983; x_wconf 92' lang='lat' dir='ltr'><strong>d.</strong></span> <span class='ocrx_word' id='word_1_273' title='bbox 662 2953 888 2992; x_wconf 88' lang='lat' dir='ltr'><strong>Nurbergenses</strong></span> <span class='ocrx_word' id='word_1_274' title='bbox 909 2955 939 2985; x_wconf 82' lang='lat' dir='ltr'><strong>V.</strong></span> <span class='ocrx_word' id='word_1_275' title='bbox 1049 2965 1074 2984; x_wconf 92' lang='lat' dir='ltr'><strong>e.</strong></span> <span class='ocrx_word' id='word_1_276' title='bbox 1107 2954 1276 2984; x_wconf 82' lang='lat' dir='ltr'><strong>constantia</strong></span> <span class='ocrx_word' id='word_1_277' title='bbox 1296 2955 1335 2984; x_wconf 89' lang='lat' dir='ltr'><strong>B.</strong></span> <span class='ocrx_word' id='word_1_278' title='bbox 1442 2954 1462 2983; x_wconf 82' lang='lat' dir='ltr'><strong>f.</strong></span> <span class='ocrx_word' id='word_1_279' title='bbox 1496 2954 1540 2984; x_wconf 63' lang='lat' dir='ltr'><strong>sifi</strong></span> <span class='ocrx_word' id='word_1_280' title='bbox 1560 2953 1625 2983; x_wconf 89' lang='lat' dir='ltr'><strong>ZB.</strong></span> <span class='ocrx_word' id='word_1_281' title='bbox 1734 2962 1762 2991; x_wconf 85' lang='lat' dir='ltr'><strong>g.</strong></span> <span class='ocrx_word' id='word_1_282' title='bbox 1793 2952 1843 2984; x_wconf 77' lang='lat' dir='ltr'><strong>hic</strong></span> <span class='ocrx_word' id='word_1_283' title='bbox 1864 2952 1914 2983; x_wconf 76' lang='lat' dir='ltr'><strong>de-</strong></span> 
     </span>
     <span class='ocr_line' id='line_1_35' title="bbox 369 3006 801 3046; baseline 0 -9"><span class='ocrx_word' id='word_1_284' title='bbox 369 3006 443 3037; x_wconf 79' lang='lat' dir='ltr'><strong>sinit</strong></span> <span class='ocrx_word' id='word_1_285' title='bbox 463 3006 592 3046; x_wconf 79' lang='lat' dir='ltr'><strong>epistola</strong></span> <span class='ocrx_word' id='word_1_286' title='bbox 613 3006 646 3036; x_wconf 80' lang='lat' dir='ltr'><strong>in</strong></span> <span class='ocrx_word' id='word_1_287' title='bbox 672 3006 697 3036; x_wconf 83' lang='lat' dir='ltr'><em>C</em></span> <span class='ocrx_word' id='word_1_288' title='bbox 715 3011 743 3036; x_wconf 81' lang='lat' dir='ltr'><strong>ct</strong></span> <span class='ocrx_word' id='word_1_289' title='bbox 763 3007 801 3037; x_wconf 90' lang='grc' dir='ltr'><strong>Β.</strong></span> 
     </span>
    </p>
   </div>
  </div>
 </body>
</html>
