2028 3438
375 247 461 290 344
886 259 1110 292 nmmum.
1136 259 1310 290 comm.v
1355 257 1421 291 190

152 374 353 411 1081-1085
373 369 467 424 ipso
489 368 666 423 denique
687 375 869 410 creatore
888 368 1064 419 veniam,
1085 368 1184 408 nisi
1205 367 1503 423 corriqentibue
1519 366 1666 422 fuisse
1681 380 1930 415 comeam

373 442 478 486 Item
509 443 622 486 idem
651 443 712 486 ita
733 442 964 497 subiungit:
999 444 1172 486 Remini
1190 444 1315 500 culpa
1337 445 1387 486 de
1404 446 1650 500 praeterito
1660 452 1819 503 potem.
1828 455 1929 490 cor-

372 523 552 563 rectione
583 522 748 577 quidem
778 522 867 562 sine
889 520 1014 562 dubio
1046 521 1322 576 subsequente.
1372 520 1458 564 Sed
1479 522 1518 563 ⁸2·
1537 522 1728 579 deinceps
1747 521 1933 582 fiosyitw

373 612 574 640 mansura
592 600 857 654 perversitw,
876 612 960 639 non
977 605 1036 640 est
1051 598 1282 653 beniqm'tas
1297 599 1538 640 remittentis
1554 599 1628 640 ced
1641 600 1928 646 censeamus

373 676 650 717 annuntiatio.
704 673 762 716 Et
799 673 1062 727 Augustinus
1101 673 1221 716 dicit:
1269 673 1465 729 Quisquis
1505 673 1711 718 malorum
1754 684 1931 732 operum

374 750 463 793 sine
501 750 708 805 condigna
752 750 984 806 penitentia
1028 763 1279 805 quemquam
1318 750 1479 794 veniam
1520 764 1545 793 a
1583 750 1672 794 Deo
1714 751 1931 808 percipere

373 839 496 882 posse
521 826 689 881 dixerit,
719 827 887 883 penitus
919 830 1052 880 errat3
1085 830 1128 870 et
1159 840 1252 870 cum
1285 827 1482 884 deceptus
1514 826 1618 871 alios
1646 827 1838 885 decipere
1858 828 1929 876 fe-

373 903 522 958 stinat,
570 903 725 959 duplici
763 917 876 946 noxa
913 903 1232 958 constringitur,
1280 903 1358 946 hoc
1395 906 1460 947 est
1496 904 1657 961 proprii
1694 905 1861 954 erroris·
1885 908 1930 954 et

374 979 533 1023 alienae
554 980 821 1036 deceptionis.
869 979 1048 1023 Periurii
1079 983 1216 1023 autem
1249 981 1502 1036 perversitas
1524 981 1810 1030 indubitanter
1827 990 1931 1030 ,om-

372 1056 496 1099 nibus
533 1060 736 1113 perpetua
773 1060 933 1111 manet,
981 1071 1083 1112 quos
1124 1058 1355 1114 penitentia
1392 1058 1660 1102 correctionis
1697 1072 1724 1103 a
1753 1058 1929 1116 perfidia

372 1146 586 1189 nunquam
618 1133 807 1177 retrahit.
864 1133 958 1176 Non
990 1147 1087 1188 ergo
1118 1134 1163 1176 in
1194 1134 1421 1190 pertinatia
1450 1135 1625 1191 periurii
1662 1136 1928 1189 manentibus

374 1210 594 1266 quisquam
627 1210 793 1267 culpam
829 1211 1043 1254 remittere
1076 1211 1249 1267 poterit3
1291 1211 1364 1254 sed
1402 1212 1472 1267 q'ui
1511 1225 1555 1255 se
1592 1211 1678 1256 illis
1714 1214 1929 1259 remittere

373 1286 547 1342 dixerit,
588 1301 632 1330 se
672 1288 732 1330 eis
771 1289 1099 1331 consentientem
1138 1302 1229 1332 esse
1267 1288 1356 1331 sine
1395 1288 1520 1331 dubio
1553 1290 1829 1346 annuntianti,
1855 1293 1930 1335 tot

372 1364 652 1420 periuriorum
673 1378 769 1407 reus
791 1365 948 1419 existit,
978 1368 1079 1420 quot
1098 1365 1189 1421 ipse
1210 1365 1476 1408 fraudulenta
1497 1368 1539 1409 et
1557 1366 1664 1410 falsa
1683 1367 1928 1413 remsion‘e

371 1441 562 1497 periuros
584 1455 675 1484 esse
697 1441 970 1484 substituerit.
1019 1441 1124 1492 Quia
1145 1443 1180 1484 si
1202 1442 1287 1498 ille,
1320 1444 1392 1498 qui
1419 1443 1686 1501 peccantibus
1708 1444 1929 1500 consentit,-

371 1518 491 1561 iuxta
521 1518 754 1574 apostolum
788 1531 838 1561 ex
870 1518 948 1561 hoc
978 1532 1073 1562 reus
1105 1533 1197 1562 esse
1227 1520 1438 1574 statuitur,
1469 1523 1569 1563 tunc
1600 1521 1671 1575 qui
1701 1521 1928 1578 aliosxquav

371 1594 474 1638 libet
505 1598 594 1637 arte
625 1608 798 1651 peccare
828 1595 1008 1650 inducit,
1049 1597 1209 1651 peccati
1240 1600 1385 1640 auctor
1416 1600 1458 1640 et
1488 1597 1624 1640 socius
1653 1598 1928 1653 factus,<evi'-

372 1671 518 1714 denter
550 1675 591 1714 et
620 1672 710 1727 ipse
741 1685 835 1715 reus
868 1686 958 1715 esse
989 1673 1261 1715 convincitur.
1316 1673 1424 1724 Quid
1456 1674 1566 1716 enim
1597 1673 1676 1717 hoc
1705 1673 1819 1719 aliud
1850 1678 1926 1731 est,

373 1761 497 1803 quam
530 1748 666 1791 cordis
703 1749 1022 1805 inpenitentiam
1055 1749 1133 1792 hoc
1168 1750 1359 1806 exemplo
1391 1739 1558 1804 docere3
1600 1754 1642 1795 et
1677 1751 1846 1808 culpam
1876 1752 1928 1797 de

372 1826 546 1868 crimine
579 1825 746 1881 absque
767 1826 1024 1869 correctione
1056 1826 1157 1869 solvi
1191 1840 1327 1883 posse,
1359 1828 1550 1871 mendaci
1579 1828 1838 1872 absolutione
1861 1842 1927 1875 as-

372 1915 531 1955 serere3
566 1906 608 1945 et
638 1902 833 1945 simulato
865 1916 935 1945 ore
967 1903 1156 1946 homines
1179 1904 1399 1960 decipere?
1436 1904 1499 1948 De
1522 1905 1600 1948 hoc
1622 1918 1785 1961 quoque
1815 1920 1927 1979 papa

374 1977 613 2035 Simplicius
631 1979 751 2022 dicit:
780 1980 903 2022 Recte
924 1981 995 2022 ille
1012 1982 1281 2038 privzleqium
1297 1983 1513 2038 diqnitatis
1533 1991 1710 2026 meretur
1724 1985 1924 2038 amittere,

373 2059 450 2113 qui
481 2057 687 2113 permissa
717 2058 801 2099 sibi
839 2058 1025 2100 abutitur
1048 2055 1286 2114 potestate&
1408 2058 1516 2102 Nam
1556 2059 1593 2102 si
1630 2059 1927 2117 iuramentum,

373 2133 483 2188 quod
513 2133 602 2187 regi
632 2134 722 2176 iure
744 2133 883 2176 debito
907 2134 1118 2193 principes
1141 2135 1338 2191 fecerant,
1367 2136 1651 2192 postposuisse
1671 2140 1812 2180 reatus
1830 2138 1925 2193 fuit,

371 2210 515 2265 utique
546 2213 587 2253 et
617 2211 870 2254 correctione
900 2211 1081 2265 indiguit
1111 2214 1153 2255 et
1184 2212 1343 2255 absolvi
1374 2212 1528 2268 absque
1557 2214 1812 2258 correctione
1841 2228 1927 2260 non

371 2287 520 2343 potuit.
565 2286 671 2337 Quia
702 2287 813 2342 quod
843 2288 1099 2331 correctione
1129 2302 1212 2331 non
1245 2292 1350 2344 eget,
1381 2292 1522 2332 reatus
1550 2303 1702 2333 nomen
1721 2294 1835 2335 recte
1852 2291 1925 2335 ha-

374 2363 470 2406 bere
500 2377 583 2406 non
615 2367 764 2420 potest.
814 2363 859 2406 Si
880 2378 979 2407 vero
1004 2365 1252 2408 medicinam
1279 2366 1545 2409 correctionis
1577 2367 1760 2423 periurio
1782 2368 1925 2413 vulne-

372 2441 475 2482 ratis
497 2440 694 2483 adhibere
715 2441 807 2483 ideo
829 2441 984 2496 noluit,
1014 2442 1111 2497 quia
1139 2442 1368 2499 periculum
1395 2443 1542 2485 mortis
1570 2443 1614 2485 in
1639 2443 1811 2498 periurii
1835 2445 1925 2488 vul-

373 2529 472 2559 nere
503 2517 610 2559 forte
641 2531 724 2560 non
760 2518 986 2573 intellexit,
1025 2519 1230 2562 fallaciter
1261 2523 1303 2562 et
1340 2517 1546 2575 superflue
1586 2519 1783 2576 absolvit,
1822 2534 1924 2577 quos

373 2593 486 2635 nullo
520 2593 683 2636 vinculo
715 2594 862 2651 culpae
894 2595 1084 2638 astrictos
1117 2609 1207 2639 esse
1239 2593 1536 2638 existimavit“,

494 2669 670 2724 „Merito
701 2671 829 2725 igitur
864 2672 1127 2727 privilegium
1160 2671 1395 2729 pontificale
1427 2672 1619 2715 exclusus
1651 2673 1813 2730 amisit,
1854 2675 1924 2730 qui

374 2745 640 2802 pontificatus
677 2750 884 2803 potestate
914 2748 958 2790 in
989 2748 1136 2791 horum
1173 2749 1371 2792 alterutro
1404 2748 1519 2791 abuti
1548 2762 1633 2791 non
1669 2750 1923 2807 formidavit,

375 2825 416 2865 et
447 2835 499 2864 ex
529 2822 607 2865 hoc
636 2823 823 2867 infinitae
854 2824 1069 2867 hominum
1100 2825 1359 2868 multitudini
1387 2824 1524 2867 lacum
1546 2812 1692 2870 mortis
1714 2827 1856 2877 effodit
1878 2832 1925 2871 et

373 2898 568 2954 laqueum
599 2900 850 2955 perdicionis
872 2902 1115 2959 decipiendo
1148 2902 1375 2946 abscondit.
1424 2901 1482 2945 Et
1502 2903 1599 2958 quia
1628 2903 1747 2947 iuxta
1766 2904 1923 2948 dictum

470 2985 502 3020 1.
529 2984 582 3020 cf.
600 2985 730 3021 Burch.
750 2987 845 3022 decr.
863 2987 879 3022 I
904 2989 960 3023 29.
