2028 3438
392 227 478 270 680
764 239 927 270 nnoms
957 240 1061 270 vrrA
1094 239 1301 271 orror-us.
1350 241 1435 271 Lm.
1457 240 1508 270 111
1539 236 1585 272 20

276 356 366 391 1127
390 348 492 406 ,dum
511 348 731 390 intimavit.
780 346 966 402 Cumque
988 345 1064 389 hec
1082 346 1307 397 furibunda
1330 349 1372 388 et
1392 345 1943 405 kachiunantiffivoceupromff

393 423 528 478 sisset,
560 417 706 467 statim
734 436 758 466 a
787 422 951 467 diabolo
984 423 1207 466 confractis
1239 422 1481 477 cervicibus,
1514 426 1651 479 caput,
1670 423 1944 476 eiuststrob

394 512 485 541 sum
518 503 582 542 est
610 499 816 543 horrendo
848 503 890 543 et
920 499 1173 542 miserabili³
1202 499 1348 542 ordine
1378 502 1678 555 transversum,
1707 499 1944 552 cerebrum-

393 589 473 630 que
503 575 593 619 loco
626 589 701 619 suo
724 575 898 620 exiliens
920 575 1078 619 crudeli
1112 575 1270 632 impetu
1301 575 1452 632 parieti
1483 579 1548 619 est
1578 575 1822 633 appulsum-2
1842 575 1943 641 -Que

392 652 483 695 viso
522 652 644 695 amici
683 653 771 696 eius
801 648 1067 696 vehementer
1099 651 1376 708 obstupefacti
1414 665 1583 696 causam
1619 652 1944 711 inselite2÷huius

393 727 643 771 calamitatis
675 728 726 772 ab
759 742 806 772 eo
832 729 1110 772 sciscitantur.
1158 728 1217 771 At
1246 727 1330 783 ille,
1363 728 1433 771 diu
1464 728 1682 772 horrisono
1712 728 1863 774 sonitw
1879 729 1945 781 in·

393 805 624 860 crepitans,
664 806 834 848 tandem
872 805 1029 861 erupit:
1075 805 1187 858 Quia
1223 805 1282 847 ait
1312 820 1427 848 servo
1459 806 1546 849 Dei
1581 807 1758 851 insidiae
1794 807 1948 858 tetendi

395 890 432 924 et
461 897 532 924 vos
564 898 590 924 a
619 885 690 924 via
720 884 905 925 veritatis
936 897 1134 939 separare
1165 884 1357 938 ooyitavi,
1400 883 1639 930 terribiliter
1668 899 1707 933 ᾳ.
1715 882 1835 934 11930,
1844 896 1945 940 W·

394 973 535 1000 cussus
566 972 669 1000 sum.
716 958 773 1001 Et
803 958 868 1000 his
900 958 1022 1001 dictis
1054 958 1302 1014 exspiravit3
1339 961 1539 1014 tantoque
1568 957 1946 1014 fetore‹locus÷i;lle

394 1034 578 1090 repletus
611 1038 686 1089 est,
722 1038 770 1077 ut
799 1048 921 1078 nemo
952 1034 1039 1077 illic
1069 1035 1274 1078 moriente
1305 1048 1352 1077 eo
1384 1048 1459 1090 pre
1490 1034 1946 1090 intollerantiaqfetoris

394 1111 620 1154 consistere
650 1111 819 1154 valeret.
874 1111 930 1153 Et
968 1114 1015 1154 ut
1053 1112 1255 1167 scriptum
1295 1114 1377 1154 est:
1416 1112 1630 1168 pestilente
1666 1111 1944 1163 mulbacensi«-

389 1190 575 1245 pientior
596 1190 674 1230 erit
702 1191 870 1245 sapiens
883 1185 906 1241 ¹,
941 1188 1075 1230 omnis
1097 1187 1289 1244 populus,
1323 1187 1463 1230 audito
1485 1187 1573 1230 eius
1594 1188 1781 1244 interitu,
1811 1187 1946 1243 magis

396 1277 444 1307 ac
475 1264 608 1319 magis
647 1264 688 1306 in
721 1264 818 1307 fidei
856 1265 1170 1321 perseverantia
1209 1268 1272 1307 est
1310 1264 1578 1308 confortatus.
1698 1256 1819 1308 Alter
1839 1277 1946 1308 ,vero

395 1341 621 1395 sacrilegus
653 1341 842 1397 pontifex
873 1354 949 1384 nec
979 1341 1039 1384 sic
1069 1344 1341 1397 compunctus
1374 1344 1448 1384 est.
1499 1341 1579 1385 Sed
1611 1341 1710 1385 viro
1731 1340 1811 1386 Dei
1849 1354 1946 1385 con-

394 1417 503 1460 vicia
532 1418 736 1473 irrogans,
771 1418 909 1461 aiebat
939 1418 1170 1460 doctrinam
1203 1419 1291 1461 eius
1323 1419 1405 1461 cito
1440 1418 1485 1461 in
1512 1418 1597 1461 illis
1629 1418 1818 1475 partibus
1847 1417 1946 1470 abo-

394 1494 573 1537 lendam.
636 1494 693 1537 Et
731 1508 832 1550 quos
863 1497 1048 1551 poterat,
1089 1508 1112 1537 a
1143 1507 1241 1537 vero
1272 1495 1441 1538 tramite
1480 1495 1707 1541 conabatur
1738 1498 1944 1548 avertere3

394 1571 504 1614 unde
547 1574 589 1614 et
632 1571 723 1627 ipse
760 1571 913 1614 iudicio
945 1571 1023 1613 Dei
1070 1574 1165 1627 post
1203 1572 1411 1614 modicum
1453 1571 1623 1614 interiit.
1685 1571 1794 1614 Nam
1817 1571 1945 1626 dum,

394 1660 520 1690 causa
551 1648 728 1703 quadam
760 1648 1001 1703 ingruente,
1033 1649 1198 1702 navigio
1231 1662 1345 1691 mare
1376 1648 1595 1703 transiret,
1635 1661 1710 1704 pro
1741 1647 1947 1704 corporali

394 1724 642 1767 necessitate
675 1738 887 1779 egressus,
927 1725 1061 1767 vicine
1092 1725 1196 1768 silve
1226 1724 1401 1768 latibula
1440 1724 1578 1781 peciit.
1634 1723 1814 1780 Moxque
1843 1738 1946 1769 non-

394 1800 498 1843 nulli
539 1814 590 1843 ex
622 1801 843 1843 comitibus
885 1802 993 1856 suis,
1034 1804 1138 1844 nutu
1170 1801 1248 1844 Dei
1281 1801 1369 1844 zelo
1402 1801 1564 1844 iusticie
1590 1801 1768 1856 armati,
1807 1801 1946 1858 ipsum

395 1877 501 1920 clam
531 1877 774 1920 insecuntur
805 1880 846 1920 et
878 1878 1183 1934 apprehensum
1216 1878 1372 1921 crudeli
1411 1878 1559 1933 laqueo
1598 1878 1643 1920 in
1680 1878 1946 1934 spissioribus

394 1954 496 1997 locis
542 1954 814 2009 suspendunt.
883 1954 1032 2010 Sicque
1072 1955 1190 1998 dolor
1228 1954 1316 1997 eius
1357 1957 1398 1997 et
1439 1954 1638 2010 iniquitas
1676 1955 1720 1997 in
1750 1939 1945 2003 verticem

395 2031 527 2087 ipsius
566 2028 813 2073 descendit².
935 2031 1037 2074 Cum
1089 2045 1185 2086 ergo
1223 2031 1376 2074 milites
1422 2031 1655 2086 octogintab
1695 2035 1882 2087 quatuor,
1922 2045 1947 2074 a

396 2108 570 2164 profano
593 2107 663 2150 illo
687 2108 901 2151 sacerdote
922 2108 1138 2164 ydolorum
1164 2112 1209 2151 ut
1230 2122 1357 2164 supra
1378 2108 1561 2151 diximus
1582 2108 1788 2164 premissi,
1810 2109 1944 2151 virum

396 2184 476 2227 Dei
508 2185 774 2238 navigantem
806 2185 1090 2241 aspexissent,
1132 2199 1183 2228 ex
1214 2185 1378 2227 insidiis
1411 2188 1694 2241 erumpentes,
1735 2199 1816 2241 quo
1855 2188 1946 2228 ten-

397 2261 525 2315 deret,
558 2261 742 2304 clamosa
771 2275 870 2304 voce
900 2262 1129 2317 requirunt.
1176 2261 1488 2317 Respondentes
1518 2261 1645 2316 legati
1676 2261 1944 2317 Stetinenses,

397 2351 469 2380 cur
489 2338 567 2380 hoc
587 2338 858 2392 inquirerent,
890 2338 1073 2381 vicissim
1095 2341 1429 2394 percunctantur.
1475 2338 1535 2381 At
1555 2338 1630 2392 illi,
1651 2351 1772 2382 voces
1792 2338 1944 2381 civium

397 2418 438 2457 et
469 2415 696 2457 amicorum
729 2426 898 2457 suorum
931 2418 1213 2475 agnoscentes,
1245 2414 1419 2469 gradum
1451 2415 1605 2458 sistunt
1625 2428 1750 2471 seque
1775 2428 1945 2472 presen-

397 2491 498 2533 tiam
532 2504 671 2533 eorum
705 2491 791 2534 illic
827 2491 1007 2534 nescisse
1037 2491 1232 2534 fatentur.
1285 2491 1350 2533 Illi
1380 2505 1477 2534 vero
1509 2505 1531 2534 e
1563 2495 1728 2534 contra:
1760 2493 1944 2536 Antiates

396 2568 592 2622 inquiunt
628 2569 808 2610 Domini
851 2570 1106 2611 discordiam
1150 2571 1258 2611 inter
1295 2570 1437 2610 ducem
1479 2577 1517 2611 et
1559 2584 1635 2611 nos
1677 2571 1945 2612 inveteratam

397 2645 619 2686 dissolvere
649 2646 848 2694 intendit,·
883 2646 1056 2700 ideoque
1087 2660 1170 2687 non
1197 2647 1413 2701 paciemur
1444 2660 1532 2688 eum
1565 2648 1789 2702 quicquam
1817 2646 1943 2688 mole-

397 2723 472 2762 stie
508 2723 553 2762 in
590 2721 667 2762 Ιιασ
704 2723 773 2763 via
811 2723 1034 2763 incurrere.
1100 2721 1186 2764 Sed
1222 2731 1392 2764 mortem
1426 2737 1506 2777 pro
1546 2737 1590 2764 eo
1628 2723 1766 2765 subire
1795 2725 1946 2779 parati

493 2839 519 2859 a.
551 2831 680 2860 mirabili
707 2830 737 2867 C,
760 2831 923 2860 miserabili
946 2832 983 2861 E.
1127 2832 1156 2860 b.
1190 2833 1361 2870 octuaginta
1385 2831 1415 2862 C.

494 2900 525 2933 1.
553 2897 606 2933 Cf.
625 2899 731 2934 Prov.
747 2901 801 2944 19,
823 2901 868 2934 25
894 2903 930 2935 et
954 2901 1010 2945 21,
1030 2901 1084 2935 11.
1183 2902 1215 2935 2.
1242 2901 1299 2935 Ps.
1315 2902 1346 2945 7,
1367 2901 1427 2935 17:
1455 2899 1717 2946 „Convertetur
1741 2901 1842 2937 dolor
1866 2901 1943 2937 eius

397 2957 431 2993 in
460 2959 569 3004 caput
595 2958 671 2992 eius
697 2960 734 2993 et
759 2958 794 2993 in
819 2959 990 2994 verticem
1016 2959 1130 3004 ipsius
1154 2959 1324 3003 iniquitas
1349 2959 1426 2994 eius
1451 2958 1681 2995 descendet“.
