2028 3438
640 217 864 250 uvantum
892 215 1065 248 connx.
1113 213 1159 248 ⁷9
1600 199 1685 243 159

215 339 256 371 ao
287 326 506 384 Dmpnat
534 339 653 380 eum.;
683 324 920 381 dampnant
948 322 1048 366 fidei
1078 321 1442 379 periuria-[fracte.
1713 328 1806 364 1090

290 404 362 449 Sic
390 404 444 448 ab
472 403 717 448 Alexandro
747 414 924 446 vacuam
954 400 1222 445 decernimus
1255 412 1348 443 esse
1377 448 1379 451 .

288 482 525 527 Romanam
553 481 712 537 sedem,
743 480 882 524 donec.
906 478 1185 523 successimus
1215 476 1292 520 illi.

720 558 765 602 U
784 572 808 602 r
826 557 854 602 b
877 571 951 601 an
970 571 1000 600 u
1021 569 1061 600 s.
1375 603 1379 608 .

290 637 410 691 Quod
440 637 559 694 dicis,
593 642 723 681 sonus
751 639 830 692 est,
858 649 991 680 *sonus
1023 638 1066 679 et
1096 634 1188 678 sine
1219 632 1411 690 pondere·
1426 630 1578 674 ³verba.

289 715 400 761 Nam
430 715 534 760 satis
566 718 630 759 est
658 718 821 770 notum,
853 716 1036 758 testatur
1067 711 1255 757 circulus·
1268 710 1414 754 orbis:

219 807 260 838 2⁵
291 793 542 850 Gregorium
573 793 666 837 sine
695 793 820 836 sorde
851 792 988 836 virum
1023 793 1299 845 sanctumque
1329 788 1460 832 fuisse

290 871 551 918 Pontificem.
600 870 697 927 Sed,
727 870 942 928 pestiferis
973 869 1137 913 imbuta
1165 867 1353 922 venenis,

291 951 388 996 Non
418 954 494 995 tua
520 949 668 1005 lingua
696 949 834 992 virum
864 947 1009 992 timuit
1038 947 1232 990 mordere
1260 945 1445 989 beatum.

398 1028 510 1073 Ecce
537 1028 804 1072 revolvamus
834 1038 1018 1070 canones
1047 1025 1300 1080 decretaque
1315 1024 1516 1080 patrum.

295 1105 380 1151 Sed
409 1107 529 1165 prius
559 1106 774 1161 accedant,
807 1105 879 1162 qui
909 1107 1030 1148 tanta
1059 1102 1235 1158 negocia
1266 1101 1422 1145 debent

224 1197 265 1228 so
295 1183 466 1229 Iudiciis
496 1187 682 1229 tractare
713 1183 815 1239 suis,
848 1182 1060 1227 sententia
1081 1193 1260 1237 quorum

292 1262 381 1308 Nec
411 1276 537 1320 prece
564 1275 644 1307 nec
674 1262 818 1320 precio
849 1263 1069 1304 moveatur
1101 1259 1153 1302 ab
1183 1256 1442 1312 integritate.

294 1340 373 1385 His
405 1340 634 1396 accersitis,
665 1340 712 1383 in
741 1340 807 1383 ius
837 1341 1020 1396 ponatur
1049 1337 1274 1392 utrimque.

401 1417 525 1474 Eligo
554 1417 810 1473 Lugdunum
822 1414 848 1472 ¹,
879 1416 1030 1460 fultam
1060 1414 1225 1458 ratione
1256 1412 1540 1469 columpnam,

295 1496 427 1541 Cuius
455 1497 502 1540 in
532 1495 699 1552 eloquio
729 1495 879 1539 statuit
909 1494 992 1538 sibi
1021 1492 1170 1549 regula
1199 1491 1355 1535 sedem.

223 1587 264 1619 35
295 1574 442 1620 Clamo
472 1570 778 1629 Bisontinum²,
811 1573 968 1617 donum
999 1570 1191 1616 Danielis
1221 1569 1469 1622 habentem3

296 1652 377 1706 Qui
405 1651 517 1697 nova
545 1652 753 1711 processit
779 1647 1020 1709 plantacio³
1049 1663 1128 1694 nec
1159 1649 1250 1692 sine
1278 1648 1432 1691 fructu.

295 1727 524 1787 Lingonis⁴
554 1730 740 1786 accedat,
770 1731 884 1774 vitae
914 1742 1097 1787 persona
1127 1726 1293 1785 pudice,

296 1809 554 1867 Exemplum
582 1807 696 1864 fidei,
727 1808 911 1852 mundae
940 1808 1010 1851 via
1040 1806 1271 1862 religionis.

296 1887 439 1932 Remis
471 1887 584 1932 erat⁸
614 1886 770 1931 Remus
780 1884 808 1930 ⁵.
855 1886 938 1930 Per
969 1881 1111 1929 cuius⁶
1144 1881 1438 1933 strennuitatis

225 1979 266 2010 40
295 1965 535 2021 Remigium
567 1968 708 2009 curret
737 1965 858 2008 navis
888 1967 1142 2022 portumque
1172 1960 1346 2006 tenebit.

299 2040 500 2088 Senonis⁷
531 2046 736 2099 accurrat,
769 2043 888 2086 cuius
919 2041 1116 2085 discretio
1148 2053 1304 2095 magna

299 2121 401 2166 Plus
433 2121 572 2166 aliena
602 2122 689 2165 suis
720 2134 974 2178 componere
1002 2119 1142 2174 iurgia
1170 2117 1303 2161 novit.

298 2196 655 2245 Parisiacensem⁸
687 2213 830 2256 quero,
862 2199 935 2255 qui
966 2210 1134 2253 semper
1165 2195 1326 2239 amavit

302 2278 474 2323 Solvere
503 2278 701 2334 litigium,
734 2277 947 2321 discordes
979 2274 1215 2333 pacificare.

228 2370 269 2401 45
299 2356 424 2412 Eligo
453 2353 764 2412 Bremensem⁹‚
796 2356 870 2412 qui
900 2368 985 2398 non
1014 2353 1186 2397 levitate
1217 2354 1430 2404 movetur-3

301 2434 360 2480 Et
387 2434 489 2479 licet
516 2435 610 2492 ipse
638 2437 751 2490 tuus,
782 2433 886 2477 iuris
917 2436 1060 2476 tamen
1092 2443 1199 2487 equa
1229 2428 1402 2473 tenebit.

303 2512 449 2557 Clamo
481 2509 855 2556 Traiectensemblo
887 2510 1026 2554 dubiis
1057 2510 1102 2552 in
1132 2507 1258 2552 rebus
1291 2509 1482 2560 acutum3

220 2630 247 2652 a.
282 2620 341 2652 erit
357 2620 389 2651 V.
555 2624 560 2629 '
604 2619 636 2650 b.
668 2619 894 2650 Treiectensem
912 2618 942 2648 V.

222 2692 255 2728 1.
279 2691 474 2736 Hugonem
493 2688 807 2735 archiepiscopum
824 2687 1123 2734 Lugdunensem.
1221 2685 1255 2719 2.
1281 2684 1476 2730 Hugonem
1488 2682 1523 2719 II
1540 2680 1698 2727 archiep'.

125 2751 371 2787 Bisuntinum.
515 2750 549 2785 3.
581 2747 635 2785 Cf.
653 2749 712 2784 Ps.
732 2749 812 2795 143,
838 2749 893 2784 12.
1038 2747 1074 2782 4.
1107 2744 1289 2782 Robertus
1311 2743 1329 2779 I
1361 2753 1418 2789 ep.
1444 2741 1699 2787 Lingonensis.

127 2810 162 2846 5.
193 2808 249 2846 Of.
276 2819 387 2855 supra
410 2809 454 2845 T.
472 2809 524 2844 111
547 2819 584 2854 p.
603 2808 674 2844 575
698 2819 733 2844 n.
754 2809 786 2844 1.
908 2808 942 2843 6.
975 2804 1143 2842 Reinaldi
1164 2804 1181 2840 Ι
1210 2802 1474 2849 archiepiscopi
1497 2801 1700 2838 Remensis.

129 2871 163 2907 7.
194 2869 385 2906 Richerius
410 2868 708 2914 archiepiscopus
732 2865 967 2903 Senonensis.
1079 2865 1114 2900 8.
1145 2862 1362 2900 Gaufridum
1387 2861 1701 2907 archiepiscopum

128 2929 382 2965 Parisiensem.
486 2929 520 2964 9.
550 2927 758 2963 Liemarum
784 2926 1098 2972 archiepiscopum
1124 2924 1372 2960 Bremensem.
1482 2922 1539 2957 10.
1566 2921 1700 2957 Conra-

129 2987 217 3025 dum
241 2988 454 3034 episcopum
479 2987 765 3024 Traiectensem.
