2028 3438
440 308 441 311 =
465 292 716 329 mueronem
747 291 1122 324 mueneenusus.
1170 290 1193 323 9
1528 279 1612 323 501

47 398 242 449 stodierit
261 412 297 443 -a
327 397 604 460 Hildebrandi
637 398 823 454 eiusque*
841 398 1051 443 fautorum
1083 397 1263 442 insidiis.
1320 397 1472 441 Adhuc
1504 399 1613 441 enim
1632 410 1841 464 iomar.-

45 476 296 534 ipsoinvito
313 486 552 531 regnamus.
599 475 656 519 Et
676 475 855 520 militem
876 478 1068 519 nostrum
1081 472 1103 530 ¹,
1131 489 1255 533 quem
1275 475 1368 532 ipse
1399 467 1623 532 periurum*
1657 457 1747 492 1082
1770 467 1817 491 ¹¹¹·

46 565 175 612 super
203 566 281 597 nos
311 565 455 608 regem
486 552 710 608 ordinavit,
742 552 951 596 destruxit
982 549 1224 596 Dominus².

0 676 5 679 ,
61 641 65 645 ’
165 628 387 687 Rogamus
408 642 507 685 ergo
530 638 604 672 vos
634 643 711 687 pro
732 629 828 685 fide,
861 643 987 686 quam
1021 642 1098 673 avo
1131 632 1174 672 et
1202 629 1317 686 patri
1337 632 1482 673 nostro
1503 629 1617 673 Hen—

46 708 142 756 rico
170 698 499 770 imperatoribus
534 706 735 750 servastis
784 710 826 751 et
862 707 983 750 nobis
1022 715 1189 750 servare
1228 707 1390 751 debetis
1429 710 1473 750 et
1510 707 1617 751 bene

46 789 179 842 usque
199 783 602 831 aleildobrandum
623 785 846 828 servastis:
876 787 923 828 ut
943 786 1166 842 paternum
1186 784 1388 828 honorem
1410 789 1615 841 nostrum,

46 860 167 906 nobis
206 874 232 905 a
266 860 386 905 vobis
422 861 719 905 transmissum
766 875 844 918 per
881 862 1015 918 patris
1055 858 1263 916 manum³,
1311 875 1395 905 non
1433 863 1614 918 negetis3

46 941 142 994 aut,
179 939 216 982 si
251 951 406 994 negare
436 938 597 993 velitis,
639 952 712 982 eur
743 939 904 994 negetis
936 939 1106 992 dieati83
1149 952 1242 982 cum
1282 939 1421 996 parati
1460 940 1613 983 simus:

47 1029 213 1060 omnem
251 1015 458 1060 iustitiam
496 1016 615 1059 vobis
653 1016 811 1072 faeere,
858 1030 1024 1059 omnem
1064 1016 1266 1060 honorem
1306 1020 1450 1060 saneto
1489 1017 1615 1061 Petro

47 1092 508 1149 sei-zareaeteuoslibet
527 1097 815 1151 promerentes
835 1107 1120 1138 remunerare.
1168 1094 1263 1138 Non
1283 1095 1475 1138 venimus
1497 1095 1614 1139 vobis

45 1170 388 1229 repugnaresed
417 1177 492 1216 vos
522 1171 821 1228 impugnantes
851 1172 1113 1228 impugnare.

58 1283 59 1287 ,
87 1255 128 1293 ¹11
164 1247 494 1309 Nolitediutius
525 1248 744 1303 ecelesiam
777 1263 853 1306 per
884 1248 1217 1292 Hildebrandum
1248 1249 1507 1307 opprimere,
1540 1264 1615 1294 no-

44 1325 288 1372 lite-eontra
306 1325 510 1370 iustitiam
534 1339 676 1370 seeum
704 1340 906 1383 pugnare.
954 1326 1050 1370 Fiat
1080 1327 1283 1370 discussio
1315 1327 1360 1370 in
1389 1331 1616 1385 conspectu

47 1402 259 1460 ecelesiae.
302 1402 350 1447 Si
378 1395 536 1447 iustum
568 1403 644 1459 sit,
676 1407 724 1447 ut
755 1403 1030 1461 apostolieum
1065 1418 1161 1448 eum
1192 1404 1404 1461 habeatis,
1435 1409 1483 1448 ut
1513 1419 1616 1463 apo-

46 1480 240 1540 stolieum
273 1480 511 1525 defendite.'
552 1479 610 1524 Ut
639 1481 776 1525 furem
808 1485 850 1525 et
880 1481 1064 1526 latebras
1104 1485 1350 1539 querentem
1382 1483 1513 1526 nolite
1543 1483 1615 1527 de-

45 1557 230 1605 fendere.
284 1557 395 1610 Quid
425 1561 490 1603 est
519 1564 597 1616 per
626 1559 860 1616 potentiam
893 1560 1087 1603 amittere
1117 1559 1351 1603 iustitiam?
1401 1560 1616 1617 Numquid

45 1635 142 1694 ideo
172 1635 276 1682 vult
293 1648 388 1681 esse
415 1636 626 1692 iniustior,
660 1637 759 1693 quia
789 1636 1038 1680 sublimior?

163 1712 280 1774 Ηᾳοο
309 1713 422 1758 'enim
453 1716 553 1758 sunt
584 1714 712 1758 verba
745 1714 856 1758 eius:
900 1728 945 1758 se
978 1728 1002 1758 a
1032 1715 1201 1758 nemine
1239 1715 1417 1759 iudicari
1449 1715 1613 1760 debere.

44 1790 103 1835 Et
133 1794 198 1836 est
226 1804 304 1835 sua
342 1791 573 1847 sententia,
615 1792 735 1848 quasi
775 1792 907 1835 dieat:
952 1792 1168 1850 Quicquid
1203 1793 1320 1847 libet,
1363 1794 1469 1837 licet.
1533 1792 1616 1837 Sed

45 1868 157 1917 hoee-
177 1876 274 1915 non
295 1872 360 1913 est
380 1868 539 1913 Christi
569 1869 728 1925 regula,
760 1870 832 1913 ubi
865 1869 1039 1913 dieiturt
1076 1870 1164 1925 Qui
1181 1873 1320 1914 maior
1342 1880 1400 1915 est
1420 1880 1614 1926 vestrum,

46 1948 289 1993 “imvm
315 1943 495 2005 amice‘.

128 2059 129 2062 η
158 2023 367 2080 Ideoque,
406 2023 478 2080 qui
517 2037 563 2068 se
599 2040 763 2068 servum
793 2040 1008 2068 servorum
1039 2026 1129 2068 Dei
1162 2025 1375 2081 nominat,
1412 2026 1615 2070 iniustum

47 2103 126 2159 est,
154 2105 217 2161 ut.
235 2115 379 2146 servos
408 2101 492 2146 Dei
521 2115 599 2159 per
629 2103 864 2159 potentiam
897 2102 1122 2159 opprimat.
1178 2103 1273 2146 Non
1309 2104 1467 2161 pudeat
1497 2103 1616 2147 illum

45 2174 123 2237 pro¹
168 2179 379 2223 communi
419 2179 608 2222 omnium
647 2178 835 2223 fidelium
875 2180 1100 2224 auferendo
1142 2181 1339 2224 seandalo
1380 2181 1614 2235 humiliari;

47 2270 223 2314 qnorum
240 2256 469 2301 ‹eommuni
500 2256 737 2311 obedientia
768 2257 892 2301 debet
922 2258 1113 2301 exaltari.

78 2344 81 2346 '
167 2334 257 2389 Qui
284 2337 395 2378 enim
423 2336 778 2378 scandalizaverit
806 2335 946 2390 inquit
966 2335 1173 2378 Dominus
1204 2351 1334 2378 unum
1357 2338 1408 2379 de
1427 2337 1612 2393 pusillis,

47 2414 126 2470 qui
151 2414 198 2455 in
228 2427 292 2456 me
313 2413 500 2467 credunt,
534 2414 701 2470 expedit
731 2415 782 2466 ei,
815 2422 861 2456 ut
891 2415 1174 2470 suspendatur
1203 2414 1317 2456 mola
1346 2415 1539 2457 asinaria
1569 2416 1616 2457 in

47 2490 152 2536 colle
179 2487 302 2535 eiice‘.
350 2489 460 2534 Eece
491 2489 634 2546 pusilli
665 2492 708 2533 et
737 2490 882 2545 magni
914 2490 965 2533 de
998 2490 1087 2534 eius
1118 2490 1316 2533 seandalo
1347 2489 1532 2533 clamant
1561 2494 1614 2545 et,

47 2570 96 2613 ut
115 2566 339 2613 ⁴auferatur
364 2567 422 2611 ab
453 2567 528 2623 eis,
559 2571 722 2623 rogant.

128 2643 322 2689 »Veniat
352 2657 450 2701 ergo
481 2645 731 2702 intrepidus.
786 2644 831 2688 Si
863 2658 970 2702 pura
1000 2648 1065 2689 est
1096 2645 1184 2688 eius
1218 2644 1494 2700 conscientia,
1534 2646 1616 2688 uti-

47 2735 129 2778 que
165 2721 365 2777 gaudebit
399 2722 444 2764 in
483 2722 668 2765 omnium
709 2723 968 2779 praesentia3
1009 2723 1125 2778 quia,
1166 2723 1367 2766 convictis
1407 2723 1614 2778 omnibus,

48 2799 127 2844 sibi
160 2799 242 2844 erit
262 2798 408 2854 gloria.
457 2798 606 2843 Certus
629 2800 703 2843 sit:
738 2801 836 2857 quia
856 2800 1018 2843 nullum
1041 2800 1152 2843 vitae
1173 2799 1344 2844 habebit
1366 2800 1614 2858 perieulum,

49 2876 216 2921 etiamsi
247 2879 385 2920 vestro
417 2876 571 2920 iudicio
603 2881 646 2922 et
677 2891 883 2922 canonum
920 2877 1168 2921 auctoritate
1204 2878 1366 2934 privari
1397 2877 1521 2922 debet
1551 2879 1616 2922 in-

145 2983 178 3018 1.
202 2980 411 3027 Rudolfum,
437 2981 567 3018 ducem
593 2981 761 3019 Sueviae.
859 2983 892 3018 2.
920 2983 1013 3018 1080
1038 2982 1116 3019 Oct,
1137 2982 1191 3019 15.
1290 2984 1324 3020 3.
1354 2983 1455 3019 Haeo
1481 2982 1527 3018 ad
1553 2994 1615 3019 an-

26 3050 136 3081 'num
162 3040 256 3077 1055
281 3043 447 3087 spectare
471 3041 597 3086 liquet.
693 3041 727 3077 4.
756 3040 810 3078 Cf.
832 3041 960 3077 Matth.
978 3042 1035 3088 20,
1061 3043 1118 3078 26.
1138 3043 1196 3078 27.
1293 3042 1326 3078 5.
1353 3041 1478 3078 Matth.
1499 3043 1554 3088 18,
1581 3044 1614 3078 6.
