2028 3438
218 387 311 422 1074

203 445 229 466 c.
242 436 329 467 Febr.

352 252 409 300 86
840 269 842 271 ·
873 267 1094 299 nmmum
1125 267 1293 298 coonx.
1340 266 1388 299 40

352 387 509 419 nonum
541 374 594 418 ad
623 388 699 417 nos
725 374 914 430 'primum
945 387 1072 418 eausa
1102 372 1254 416 deferri
1286 376 1331 416 et·
1356 372 1463 428 ille⁸‚
1501 373 1552 417 ad
1584 371 1908 422 concilium-ww·-

353 452 489 507 catus'‚
534 451 647 495 intra
684 451 943 508 provinciam
982 451 1092 494 inter
1130 450 1281 494 fratres
1317 463 1415 495 suos
1455 450 1592 495 audiri
1602 447 1626 493 ¹.
1665 449 1775 504 ‚Ego
1809 461 1908 499 uero

353 531 396 572 et
423 528 575 572 fratres
605 528 689 571 mei
719 528 962 572 deberemus
995 527 1048 571 ad
1077 527 1349 584 apostolicam
1381 527 1523 571 sedem
1559 526 1673 571 velut
1701 526 1755 573 ad
1784 530 1911 583 ceput

353 608 543 648 nostrum
572 605 742 659 referre,
778 605 814 647 si
843 607 964 647 tanta
991 617 1058 647 res
1090 606 1214 658 esset,
1243 607 1291 646 ut
1319 617 1397 660 per
1433 617 1510 646 nos
1546 616 1624 647 nec
1660 606 1809 660 posset
1832 615 1910 650 nee

353 681 524 725 deberet
552 681 782 725 terminari.
902 681 1024 724 Nunc
1054 683 1195 724 autem
1223 681 1354 724 frater
1389 683 1532 724 noster
1563 683 1605 724 et
1639 679 1909 737 coepiscopus

354 782 410 788 -
443 772 468 801 a
498 758 595 802 sede
626 772 702 801 sua
730 771 862 812 vagus
893 760 935 801 et
964 757 1165 813 profugus
1197 760 1260 812 et,
1299 759 1347 800 ut
1377 756 1580 812 diximus,
1618 756 1745 805 rebus
1772 759 1825 805 et„
1842 767 1910 804 rer

353 835 508 878 ditibus
541 835 739 879 ecclesiae
770 848 869 878 suae
899 834 1054 877 iniuste
1075 833 1278 890 spoliatus
1310 837 1352 877 et
1376 836 1592 877 exstrusus
1614 857 1661 874 —-,
1689 833 1908 888 indignum

353 912 513 969 patitur
533 911 849 968 praeiudicium.
901 910 958 954 Et
979 911 1171 954 omnibus
1191 910 1390 953 fratribus
1416 913 1458 954 et
1478 909 1735 967 coepiscopis
1755 909 1910 959 nostris

353 1002 554 1043 magnum
598 988 696 1031 inde
741 988 937 1044 provenit
986 987 1250 1041 scandalum3
1304 990 1346 1030 et
1391 987 1627 1044 episcopale
1670 989 1912 1036 nomemet

355 1064 552 1120 officium,
584 1064 695 1120 quod
727 1064 838 1120 apud
868 1064 1005 1108 Deum
1036 1068 1077 1108 et
1105 1064 1294 1108 homines
1326 1067 1515 1107 sanctum
1541 1067 1618 1119 est,
1649 1062 1911 1112 intolerabile

353 1141 514 1199 patitur
553 1141 834 1197 obprobrium.
955 1140 1086 1184 Porro
1125 1141 1300 1185 ecclesia
1335 1140 1410 1184 illa
1454 1141 1540 1184 iam
1583 1140 1729 1189 multis
1765 1140 1911 1189 diebus

355 1218 559 1275 pastorali
590 1221 705 1261 caret
736 1217 1112 1262 amministratione
1150 1221 1211 1273 et,
1242 1218 1409 1262 vivente
1439 1220 1607 1274 pastore
1637 1217 1783 1272 vidua,
1800 1237 1805 1253 τ
1823 1217 1911 1274 epif-

356 1294 515 1351 scopali
545 1297 666 1338 vacat
703 1294 1013 1348 benedictione3
1052 1294 1135 1338 nisi
1173 1294 1285 1350 quod
1323 1294 1542 1351 episeopus
1580 1291 1701 1348 ille²‚v
1726 1294 1798 1350 qui
1839 1307 1912 1338 ex-

355 1372 559 1430 pulsionis
598 1375 641 1415 et
678 1371 1006 1427 perturbationis
1045 1371 1168 1414 huius
1207 1374 1351 1414 auctor
1382 1374 1466 1426 est,
1507 1370 1596 1414 eius
1626 1370 1707 1414 sibi
1737 1373 1913 1427 usurpat

356 1449 539 1494 officium
571 1453 624 1504 et,
658 1448 769 1504 quod
800 1448 992 1492 omnibus
1023 1447 1210 1491 conciliis
1249 1451 1290 1491 et
1324 1447 1500 1491 decretis
1530 1448 1713 1492 maxime
1743 1450 1912 1492 cautum

357 1530 440 1582 est,
480 1526 759 1570 consecrando
799 1528 841 1568 et
879 1524 1162 1568 confirmando
1202 1525 1378 1568 eundem
1426 1524 1574 1568 circuit
1610 1525 1910 1582 episcopatum.

355 1603 474 1655 Quod
504 1604 688 1647 maxime
720 1602 771 1646 ob
803 1602 881 1645 hoc
911 1601 1192 1658 periculosum
1223 1605 1299 1657 est,
1332 1601 1443 1657 quod
1469 1615 1570 1656 gens
1591 1601 1666 1644 illa
1685 1601 1913 1647 catholicae

354 1679 453 1724 fidei
490 1679 656 1724 novella
697 1682 760 1723 est
797 1679 1003 1735 plantatio
1041 1682 1083 1722 et
1113 1679 1298 1723 nondum
1343 1678 1532 1722 radicata
1570 1681 1613 1722 et
1649 1678 1826 1727 fundata
1867 1678 1912 1723 in

323 1752 327 1758 ’
356 1757 686 1810 christianism03
719 1759 761 1799 et
780 1756 901 1799 facile
923 1754 976 1798 ad
997 1755 1215 1811 antiquum
1234 1755 1471 1812 paganismi
1490 1755 1695 1799 revolabit
1715 1768 1911 1811 errorem,

358 1835 395 1878 si
444 1834 555 1877 inter
604 1837 794 1890 pastores
842 1846 938 1875 suos
990 1835 1151 1876 tantam
1197 1831 1350 1876 viderit
1395 1833 1546 1876 durare
1595 1831 1910 1878 dissensionem.

357 1911 619 1967 Quapropter
650 1923 726 1965 ego
767 1913 809 1953 et
839 1922 982 1952 omnes
1019 1909 1171 1952 fratres
1208 1909 1310 1964 mei,
1347 1909 1534 1963 vestigiis
1565 1912 1729 1955 vestrae
1759 1909 1912 1955 sancti-

356 1988 456 2031 tatis
488 1986 622 2042 affusi,
654 2000 822 2030 oramus
853 1989 896 2029 et
925 1986 1213 2030 obsecramusb
1238 2018 1365 2029 .....

477 2097 575 2108 .....
598 2065 784 2121 primum
806 2063 1004 2107 ecclesiae
1021 2063 1203 2107 rationes
1224 2076 1302 2107 nee
1317 2076 1401 2106 non
1420 2062 1596 2118 maligni
1609 2062 1732 2107 huius
1752 2065 1913 2120 tempo-
1975 2057 1979 2061 ’

356 2143 416 2186 ris
431 2142 659 2187 inclamare
676 2140 1014 2198 inportunitates.
1047 2140 1264 2183 Habebam
1282 2153 1444 2196 quoque
1460 2140 1511 2183 de
1527 2139 1773 2195 quibusdam
1790 2153 1913 2195 agere

359 2219 571 2263 vobiscum
600 2220 692 2276 ipse
723 2231 944 2275 praesens,
978 2231 1084 2273 quae
1120 2230 1197 2260 nec
1233 2217 1384 2261 litteris
1423 2217 1611 2260 intexere
1647 2229 1725 2260 nec
1759 2217 1911 2261 nuncio

358 2296 483 2340 etiam
515 2296 644 2339 alicui
671 2295 915 2339 fidelissimo
945 2294 1076 2337 habeo
1110 2294 1284 2350 aperire.
1391 2294 1653 2351 Quapropter
1671 2297 1912 2350 praesentes

357 2374 509 2416 fratres
541 2387 636 2416 cum
665 2372 820 2416 litteris
851 2385 969 2415 meae
1001 2371 1280 2414 excusationis
1312 2371 1364 2414 ad
1396 2384 1468 2415 vos
1499 2371 1655 2426 dirig03
1694 2371 1766 2426 qui
1794 2370 1912 2416 vobis

359 2453 603 2505 suggerant:
638 2450 748 2505 quod
780 2449 833 2492 ad
863 2462 935 2492 vos
967 2461 1050 2491 non
1080 2448 1196 2502 veni,
1232 2461 1317 2491 non
1347 2461 1438 2491 esse
1467 2448 1715 2492 temeritatis
1746 2447 1820 2492 sed
1847 2447 1912 2491 in-

359 2526 566 2571 evitabilis
598 2529 641 2570 et
671 2539 891 2582 supremae
921 2525 1194 2569 necessitatis
1237 2524 1411 2568 Noverit
1441 2528 1581 2568 autem
1602 2527 1746 2568 sancta
1774 2526 1912 2580 pater·-

358 2604 469 2647 nitas
500 2606 662 2658 vestra,
702 2603 810 2658 quod
848 2616 931 2646 non
972 2605 1036 2645 est
1064 2601 1187 2645 homo
1217 2601 1262 2643 in
1291 2604 1405 2644 terra
1435 2615 1504 2644 me
1532 2602 1650 2645 vobis
1681 2600 1841 2645 fidelior
1871 2603 1913 2645 et

361 2679 414 2723 ad
453 2693 574 2722 omne
619 2682 889 2735 praeceptum
933 2681 1118 2722 vestrum
1161 2677 1419 2733 implendum
1465 2678 1663 2721 devotior.
1716 2677 1802 2720 Nec
1839 2677 1912 2720 ad-

452 2806 479 2828 a.
511 2806 566 2838 οη]-
581 2797 612 2826 V.
694 2796 725 2825 b.
757 2796 899 2836 sequitur
914 2795 1056 2826 continuo
1078 2795 1111 2825 in
1133 2795 1217 2826 codd.
1235 2794 1322 2832 (VZ)
1345 2795 1474 2834 primum
1489 2795 1633 2825 ecclesiae
1649 2796 1722 2832 cet-3
1744 2794 1799 2825 sed
1818 2803 1911 2834 quae-

363 2849 435 2880 dam
456 2848 505 2880 hic
526 2848 685 2885 excidisse,
708 2848 771 2879 sole
794 2848 915 2879 clarius
936 2853 989 2879 est.
1027 2849 1131 2883 Quare
1145 2852 1266 2887 puncta
1287 2847 1466 2887 interposui.

458 2937 489 2972 1.
516 2934 570 2972 Cf.
589 2934 754 2980 Gregorii
766 2935 836 2971 VII
861 2944 1077 2980 responsum
1101 2934 1160 2970 die
1178 2934 1222 2971 18
1238 2934 1342 2970 Mart.
1361 2933 1453 2970 1074
1477 2933 1612 2979 datum,
1637 2932 1829 2978 Registr.1
1854 2932 1910 2978 60,

361 3004 471 3040 supra
495 2994 539 3030 T.
556 2994 591 3029 ΙΙ
617 2994 673 3029 78.
794 2994 827 3029 2.
853 2993 1032 3029 Iohannes
1057 3003 1113 3039 ep.
1130 2992 1377 3029 Moraviensis.
