2028 3438
437 223 678 255 nunnonm
707 222 951 255 omos-ns.
999 223 1088 254 Lm.
1110 223 1144 253 11
1175 221 1208 255 7.
1227 221 1250 254 s
1540 209 1623 253 751

55 331 174 374 retur
200 328 452 374 ministerio.
499 329 654 374 Habito
685 329 814 385 igitur
835 329 952 373 chori
983 332 1026 373 et
1047 328 1149 372 cleri
1176 328 1242 372 sui
1263 328 1451 384 consilio,
1483 328 1625 372 missis
1652 347 1683 373 c.
1706 337 1798 373 1123

57 407 112 451 ad
142 406 415 466 apostolicam
447 407 588 451 sedem
610 406 775 463 legatis,
807 420 902 451 cum
923 406 1095 450 licentia
1116 409 1157 450 et
1177 406 1469 450 benedictione
1501 409 1626 462 atque

56 483 296 534 obedientia
323 485 562 528 venerande
600 484 802 529 memorie
839 484 984 528 domni
1014 480 1214 527 Honorii¹
1245 497 1355 540 pape
1394 483 1492 527 huic
1531 498 1625 539 gra-

55 561 219 607 tissime
244 561 414 606 sarcine
442 561 664 606 humerum
686 561 836 606 devote
867 561 1083 619 applicuit.
1134 561 1216 604 Sed
1239 561 1337 617 quia
1366 564 1524 604 terram
1546 560 1625 603 Po-

55 652 340 695 meranorum,
370 639 486 683 fama
515 639 688 695 ferente,
722 639 962 696 opulentam
993 638 1212 682 audiverat
1244 641 1286 682 et
1316 652 1469 693 egenos
1501 641 1625 693 atque

57 715 274 762 mendicos
304 715 473 774 penitus
503 729 587 760 non
619 716 774 761 habere
805 717 878 760 sed
900 716 1169 760 vehementer
1201 716 1434 772 aspernari,
1467 719 1508 760 et
1539 716 1623 759 iam

57 793 214 839 dudum
237 793 442 851 quosdam
464 807 606 838 servos
628 793 709 838 Dei
739 794 1023 851 predicatores
1055 807 1207 849 egenos
1241 807 1289 837 ac
1320 785 1448 837 censu
1478 796 1624 836 tenues

57 874 232 930 propter
259 871 447 929 inopiam
479 872 804 929 contempsisse,
846 871 966 927 quasi
1001 885 1086 914 non
1125 884 1202 928 pro
1235 870 1369 914 salute
1405 871 1623 913 hominum

57 948 132 993 sed
160 947 241 1006 pro
271 962 348 992 sua
379 949 629 993 necessitate
658 949 886 993 relevanda
916 947 1053 992 officio
1083 949 1328 992 insisterent
1357 948 1623 1005 predicandi3

55 1025 242 1071 studiose
270 1026 536 1084 procuravit:
571 1029 617 1070 ut
637 1040 721 1070 non
744 1027 879 1071 solum
899 1028 983 1071 illis
1005 1040 1088 1070 non
1110 1026 1304 1081 indigens
1327 1041 1472 1070 verum
1496 1027 1622 1070 etiam

56 1102 280 1161 opulentus
311 1107 550 1161 appareret,
582 1117 660 1148 nec
691 1118 791 1161 opes
818 1119 961 1149 eorum
994 1105 1074 1148 sibi
1105 1104 1179 1147 sed
1209 1104 1323 1160 ipsos
1355 1104 1496 1161 potius
1519 1103 1625 1147 velle

55 1180 145 1224 Deo
176 1180 345 1225 lucrari.
392 1180 638 1239 Assumptis
669 1182 798 1236 igitur
820 1181 982 1225 clericis
1012 1181 1174 1225 idoneis
1207 1184 1249 1224 et
1270 1181 1426 1224 eisdem
1462 1181 1514 1224 ad
1545 1181 1626 1224 iter
1654 1193 1745 1228 1124

56 1257 221 1303 abunde
251 1251 503 1315 procuratis,
535 1258 727 1302 missales
750 1259 936 1316 aliosque
956 1259 1086 1302 libros
1119 1261 1161 1302 et
1192 1258 1342 1301 calices
1375 1271 1469 1301 cum
1501 1258 1624 1301 indu-

55 1335 211 1380 mentis
248 1335 579 1380 sacerdotalibus
618 1339 660 1379 et
699 1336 783 1379 alia
820 1349 982 1392 queque
1022 1336 1166 1379 altaris
1205 1334 1421 1389 utensilia‚
1463 1342 1542 1390 que
1580 1335 1625 1378 in

55 1416 180 1468 gente
208 1425 375 1472 pagana
405 1413 543 1457 subito
575 1413 756 1458 inveniri
787 1427 872 1456 non
903 1427 1027 1470 posse
1058 1413 1230 1468 sciebat,
1265 1412 1442 1469 provida
1470 1412 1625 1456 libera-

54 1490 175 1535 litate
205 1503 347 1535 secum
377 1490 478 1534 fecit
507 1493 690 1548 portare,
724 1504 777 1534 ne
799 1491 889 1534 sine
910 1490 1202 1534 instrumentis
1225 1489 1410 1545 agricola
1440 1488 1548 1533 fidus
1579 1490 1624 1533 in

56 1580 203 1624 agrum
223 1564 397 1612 Domini
418 1568 483 1612 sui
505 1568 621 1612 exire
641 1569 867 1612 videretur.
908 1567 1056 1612 Vestes
1079 1581 1242 1624 quoque
1265 1570 1306 1610 et
1333 1580 1496 1624 pannos
1530 1581 1624 1624 pre-

55 1645 190 1689 ciosos
221 1645 388 1702 aliaque
419 1645 616 1702 donaria,
649 1645 859 1689 nobilibus
892 1659 940 1688 ac
971 1646 1170 1689 divitibus
1203 1648 1322 1701 apta,
1363 1644 1624 1700 euangelista

55 1721 237 1780 simplex
275 1725 318 1766 et
355 1722 541 1780 prudens
575 1723 619 1766 in
651 1723 765 1766 viam
805 1722 992 1779 portavit
1022 1722 1249 1777 euangelii3
1290 1735 1343 1765 ne
1373 1722 1482 1765 forte
1514 1722 1624 1765 indi·

55 1799 195 1855 gentie
225 1812 353 1844 causa
381 1800 559 1856 paganis
580 1800 793 1844 videretur
822 1799 1127 1855 euangelizare,
1159 1799 1232 1843 sed
1264 1798 1427 1843 novelle
1458 1799 1625 1856 planta-

55 1876 161 1920 tioni
190 1890 268 1921 sua
297 1877 439 1934 potius
469 1877 659 1921 conferre
691 1891 815 1933 quam
847 1877 961 1920 illius
994 1880 1206 1934 appetere.

174 1953 372 1998 Tiemo:
403 1953 558 1998 Parum
590 1958 633 1998 te
657 1955 725 1998 hic
750 1954 999 2008 submoneo3
1031 1968 1115 1997 non
1146 1954 1224 1997 tibi
1257 1954 1312 1997 sit
1341 1954 1509 1997 iniuria.
1550 1954 1624 1998 Vi-

55 2030 134 2075 deo
165 2031 380 2088 equidem,
416 2032 567 2088 quibus
599 2045 820 2076 causarum
853 2032 1070 2075 eventibus
1104 2032 1155 2074 ad
1186 2031 1303 2074 illam
1336 2035 1503 2086 gentem
1535 2035 1623 2075 tam

53 2108 325 2165 longinquam
359 2109 556 2154 Ottonem
588 2113 780 2153 nostrum
811 2110 874 2153 ire
905 2109 1141 2164 contigerit.
1198 2108 1281 2152 Sed
1314 2122 1396 2164 qua
1425 2108 1513 2152 illic
1542 2109 1624 2152 iter

55 2185 188 2241 egerit
223 2188 274 2230 et·
296 2200 379 2243 quo
410 2190 600 2244 tempore
637 2187 683 2230 in
714 2187 825 2230 viam
866 2187 984 2242 ierit,
1025 2186 1217 2242 leviaque
1255 2187 1342 2229 sive
1375 2199 1526 2242 aspera
1556 2187 1623 2230 vie

55 2261 193 2307 dicere
223 2276 307 2307 non
339 2264 529 2318 omittas3
562 2277 616 2308 ne
647 2278 788 2308 errare
818 2264 1033 2320 incipiam,
1066 2264 1102 2307 si
1134 2267 1176 2307 et
1207 2277 1282 2318 ego
1315 2277 1362 2307 eo
1394 2263 1456 2307 ire
1480 2263 1619 2307 velim.

174 2339 437 2384 Sesti-dus:
470 2341 528 2384 Ut
560 2341 636 2397 vis,
669 2345 712 2385 et
742 2342 787 2384 in
819 2342 896 2385 hoc
928 2355 1003 2396 ego
1036 2341 1242 2384 obediam.

176 2417 216 2461 8.
263 2417 428 2466 Paratis
460 2418 668 2474 omnibus,
701 2433 781 2475 que
812 2418 1060 2475 profectioni
1093 2421 1213 2461 erant
1243 2417 1493 2473 necessaria,
1524 2431 1622 2474 pro-

55 2493 173 2538 xima
207 2493 277 2538 die
314 2498 412 2552 post
448 2496 601 2540 festum
638 2496 752 2539 beati
784 2495 953 2551 Georgii
983 2492 1194 2538 martiris²
1225 2494 1406 2537 salutato
1438 2494 1548 2538 clero
1581 2498 1623 2538 et
1644 2514 1790 2553 Apum

54 2570 210 2628 populo
243 2584 332 2628 suo,
373 2575 588 2628 tamquam
620 2573 698 2616 hoc
729 2587 855 2630 opere
887 2573 998 2616 viam
1031 2571 1324 2626 sanctificaret,
1357 2572 1460 2615 duas
1492 2572 1623 2616 eccle-

55 2647 142 2691 sias
170 2661 298 2692 unam
330 2649 375 2692 in
395 2647 720 2705 Luckenberge³
752 2653 794 2694 et
825 2649 1000 2693 alteram
1033 2650 1078 2692 in
1099 2648 1372 2692 Vohendreze
1404 2662 1621 2693 consecra-

54 2724 128 2768 vit.
186 2724 297 2769 Hinc
332 2726 512 2771 transito
549 2740 721 2771 nemore
759 2727 975 2782 Boemico‚
1014 2740 1090 2783 per
1122 2726 1333 2769 abbatiam
1365 2726 1620 2770 Cladrunam

55 2805 227 2846 ventum
259 2805 323 2847 est
352 2802 555 2859 Bragam3
587 2804 686 2848 inde
718 2818 793 2860 per
825 2803 1150 2859 Satischam,.in
1171 2803 1280 2847 Albe
1310 2802 1495 2847 fluminis
1528 2804 1622 2861 ripa

151 2966 183 3002 1.
209 2965 283 3002 imo
308 2965 440 3003 Calixti
465 2967 510 3002 II.
632 2969 665 3003 ⁶2.
693 2966 747 3003 Cf.
771 2977 883 3013 supra
906 2978 941 3013 p.
960 2967 1030 3003 624
1055 2978 1089 3003 n.
1110 2968 1142 3004 1.
1267 2968 1301 3004 3.
1326 2966 1619 3013 Leuchtenberg.
