2028 3438
631 211 852 244 numum
884 211 1053 244 connx.
1102 210 1150 244 56
1594 200 1677 243 119

105 322 259 367 εὐωδία
285 321 489 381 habenta,
521 321 843 377 dampnamini‚·
873 320 947 362 sed
973 320 1284 376 damqonamini,
1317 320 1358 361 si
1385 320 1432 360 in
1464 320 1522 360 eis
1546 334 1679 376 prae·
1703 327 1909 365 1074-1078

105 401 295 452 matio,
326 400 569 456 cipi-apter
599 397 705 441 talia
734 398 883 453 maqni
909 396 1027 440 vobis
1057 397 1302 449 videamini,
1340 398 1381 438 si
1405 398 1571 452 qeneris
1601 397 1679 439 lcu-

105 476 559 531 maiconditionem
574 489 834 518 communem
868 482 1045 531 propter
1087 474 1345 517 excellentem
1380 473 1681 517 humanitatem

106 554 451 607 obuniaeaamini„
546 550 668 603 Quod
703 551 906 594 nimirum
951 550 1151 607 poculum
1196 549 1463 594 discretionis
1491 563 1563 593 .ex
1606 549 1680 594 illo

104 630 221 676 fonte
258 629 484 675 hauserat·
524 627 754 686 apostolice
783 627 1134 685 praedicationis,
1169 641 1257 691 *quo
1289 627 1464 671 dicitur:
1505 627 1680 672 Solutus

105 708 238 754 amab,
268 707 430 752 umore?
465 707 559 750 noli
586 721 787 763 quaerere
824 721 1035 749 uxorem..
1065 706 1282 763 Alliqatus
1322 720 1362 748 es
1401 706 1555 749 uxori?
1589 706 1683 749 noli

106 790 319 844 quaerere.
334 785 584 829 colationem
595 780 617 827 ¹.
667 782 789 827 Unde
821 783 1037 842 subditur:
1073 784 1161 838 Qui
1189 784 1340 827 habent
1368 798 1543 838 uxores,
1583 791 1678 826 tan-

105 877 241 920 quam*
267 867 357 910 mn
385 862 579 907 babentes
617 858 740 915 sint²‚
781 870 819 904 et
848 863 926 918 qui
953 870 1128 904 utuntur
1158 861 1235 904 hoc
1264 862 1438 914 mundo,
1475 869 1680 918 tanquam

103 955 191 987 mm
210 935 429 984 'uantur-⁸.
475 938 594 983 Idem
623 938 727 982 dicit
755 938 809 982 de
839 938 987 982 vidua:
1021 937 1101 982 Cui
1129 939 1231 992 vult,
1263 939 1408 991 nubat,
1441 947 1602 982 tantum
1631 941 1680 981 in

103 1016 293 1062 Domino
301 1013 330 1061 ⁴.
377 1016 546 1061 Nubere
578 1019 718 1060 autem
749 1016 794 1059 in
825 1015 1008 1059 Domino
1040 1018 1124 1059 est:
1155 1015 1287 1059 nichil
1317 1017 1363 1059 in
1393 1015 1678 1059 contrahendo

104 1093 297 1150 conubio,
328 1094 440 1151 quod
470 1094 678 1138 Dominus
709 1093 944 1151 prohibeat,
969 1096 1242 1156 attemptare.
1290 1093 1490 1138 Ieremias
1513 1106 1679 1150 quoque

102 1171 317 1230 propheta
344 1172 435 1223 anit:
482 1172 628 1217 Nolite
672 1173 877 1226 confidere
921 1174 968 1215 in
1012 1173 1149 1215 verbis
1194 1173 1425 1225 mendacii,
1475 1173 1677 1215 dicentes.-

103 1249 359 1308 „Templum
378 1250 574 1304 Domini,
607 1250 805 1307 templum
824 1250 1008 1293 Domini
1037 1246 1160 1293 est“⁵.
1208 1248 1328 1300 Quod
1350 1249 1582 1293 Ieronimus
1604 1263 1677 1293 ex-

102 1340 285 1385 ponens:
322 1328 470 1372 Potest
508 1327 648 1384 inquit
676 1328 754 1370 hoc
782 1327 872 1370 illis
902 1328 1137 1384 viminibus
1169 1330 1409 1380 convenire,
1444 1343 1553 1384 quae
1586 1330 1676 1370 iac-

103 1414 196 1450 tant
224 1406 484 1464 pudicitiam
521 1414 561 1449 et
597 1406 822 1463 inpudenti
855 1405 974 1448 vultu
1010 1405 1259 1462 praeferunt
1297 1407 1546 1460 castitatem,
1583 1420 1678 1448 cum

103 1483 226 1527 aliud
254 1483 404 1527 habeat
433 1485 686 1549 conscientia
725 1492 763 1526 et
792 1484 985 1526 nesciunt
1015 1483 1137 1525 illam
1167 1483 1353 1540 apostoli
1381 1483 1678 1539 diffinitionem

103 1561 157 1605 de
173 1562 360 1618 vimine:
392 1570 469 1614 „ut
497 1563 554 1604 cit
572 1569 719 1604 cancta
741 1575 917 1618 corpore
938 1568 975 1603 et
994 1560 1179 1617 spiram
1190 1557 1218 1603 ⁶.
1266 1560 1383 1615 Quid
1403 1563 1513 1604 enim
1542 1562 1676 1618 prod-

103 1647 172 1683 est.
199 1640 393 1697 corpora
436 1640 656 1696 pudicicia
694 1640 837 1681 animo
878 1647 1167 1695 constuprato,
1218 1641 1259 1681 si
1296 1648 1450 1682 ceteras
1486 1641 1674 1693 virtutes,

104 1731 214 1774 quaa
237 1716 508 1774 propheticus
538 1731 673 1759 serino
704 1716 914 1769 describit,
946 1731 1032 1759 non
1062 1713 1309 1759 Ιικιόιιενίεὲῑ7

223 1792 336 1845 Quas
375 1793 544 1850 quidem
583 1793 683 1849 quia
712 1796 754 1836 te
786 1793 1051 1849 aliquatenus
1083 1793 1273 1838 videmus
1312 1793 1467 1838 habere
1505 1796 1548 1838 et
1577 1793 1677 1850 quia

103 1869 422 1927 discretionem,
461 1870 562 1915 licet
600 1871 645 1914 in
682 1870 762 1914 hac
792 1884 839 1914 re
869 1870 1126 1926 neglectam,
1164 1872 1210 1915 in
1249 1871 1343 1915 aliis
1380 1875 1525 1915 tamen
1563 1871 1676 1915 vitae

101 1951 203 1992 tuae
237 1947 574 1992 institutionibus
615 1962 709 1992 eam
748 1948 922 1992 honeste
962 1951 1253 1992 conservatam
1293 1962 1378 1992 non
1413 1949 1675 2004 ignoramus,

101 2025 227 2070 huius
265 2025 514 2070 intentionis
551 2026 833 2083 pravitatemb
871 2030 914 2071 te
945 2027 1028 2070 cito
1069 2029 1377 2082 correcturum,
1409 2040 1494 2069 non
1526 2026 1675 2083 despe-

101 2112 283 2149 ramus0.
333 2104 391 2148 Et
427 2103 545 2160 ideo,
583 2117 668 2147 non
700 2106 858 2159 quanta
895 2117 1141 2161 possumus,
1179 2104 1388 2159 gravitate
1418 2104 1547 2147 istam
1576 2103 1676 2148 licet

101 2182 396 2238 gravissimam
432 2181 732 2238 negligentiam
764 2182 1014 2238 corripimus
1052 2181 1119 2225 vel
1147 2181 1394 2225 iudicamus.
1449 2180 1674 2232 Quamvis·¹

102 2259 215 2305 enim
236 2260 488 2305 secundum⁰
509 2259 726 2315 vocabula,
757 2273 865 2315 quae
885 2273 986 2302 usus
1009 2258 1204 2314 obtinuit,
1237 2259 1294 2302 sit
1314 2259 1534 2316 episcopus
1556 2272 1674 2316 pres-

100 2337 248 2395 bytero
285 2337 443 2394 maior,
483 2337 746 2392 Augustinus
783 2336 944 2380 tamen‘
983 2336 1191 2380 Ieronimo
1227 2336 1366 2380 minor
1398 2339 1480 2389 est3
1518 2335 1619 2380 licet
1648 2350 1675 2381 a

101 2415 265 2459 minore
301 2414 489 2471 quolibet
533 2428 619 2458 non
657 2415 714 2458 sit
750 2414 1000 2470 refugienda
1038 2414 1104 2458 vel
1143 2413 1410 2469 dedignanda
1447 2414 1672 2471 correptio,

101 2493 352 2551 praesertim
391 2505 488 2536 cum
523 2492 598 2548 is⁸,
638 2493 711 2549 qui
741 2493 982 2549 corripitur,
1020 2495 1062 2535 et
1092 2494 1239 2535 contra
1270 2491 1492 2535 veritatem
1522 2494 1566 2535 et
1595 2504 1672 2548 pro

100 2569 340 2615 hominibus
369 2570 451 2614 niti
479 2570 704 2614 invenitur.

219 2647 366 2704 Neque
405 2647 538 2703 enim,
583 2650 631 2690 ut
671 2647 731 2690 ait
768 2646 961 2690 sanctus¹·
999 2646 1262 2701 Augustinus
1302 2646 1356 2689 ad
1392 2646 1671 2702 Bonifacium,

195 2746 223 2768 ο.
256 2737 349 2768 sumit
369 2736 406 2768 L.
512 2736 541 2766 b.
574 2737 734 2775 pravitatis
756 2736 955 2766 intentionem
979 2735 1016 2765 L.
1114 2744 1140 2765 c.
1173 2735 1346 2766 dubitamus
1367 2735 1405 2766 L.
1499 2736 1529 2767 d.
1562 2735 1671 2774 Quam-

102 2799 192 2830 quam
213 2790 248 2821 Z.
353 2800 380 2820 e.
413 2790 498 2820 iuxta
515 2790 546 2820 V.
651 2789 671 2819 f.
704 2799 760 2819 om.
781 2789 838 2820 VZ.
944 2797 971 2826 g.
1005 2787 1053 2818 his
1073 2788 1104 2825 V,
1126 2788 1177 2818 ille
1199 2788 1237 2819 L.
1342 2788 1373 2819 h.
1405 2798 1461 2819 om.
1480 2789 1511 2819 V.

198 2848 230 2883 1.
259 2848 280 2884 1
297 2846 458 2884 Corinth.
472 2848 504 2893 7,
523 2848 581 2883 27.
734 2848 767 2882 2.
802 2848 820 2882 1
840 2845 1002 2882 Corinth.
1019 2846 1050 2891 7,
1069 2846 1127 2881 29.
1277 2846 1312 2881 3.
1346 2847 1365 2882 1
1384 2846 1546 2883 Corinth.
1562 2848 1594 2892 7,
1612 2847 1670 2883 31.

101 2907 136 2944 4.
164 2907 185 2942 1
203 2906 365 2943 Corinth.
381 2908 413 2953 7,
431 2907 490 2943 39.
588 2906 622 2942 5.
647 2906 716 2942 Ier.
732 2907 765 2950 7,
783 2906 817 2941 4.
915 2906 948 2941 6.
977 2904 996 2940 1
1015 2903 1176 2941 Corinth.
1192 2905 1224 2951 7,
1242 2905 1300 2941 34.
1399 2906 1432 2941 7.
1458 2905 1672 2952 Hieronymi

103 2969 298 3003 comment.
324 2966 361 3001 in
386 2966 576 3002 Ieremiam
601 2966 643 3002 L.
661 2966 696 3001 ΙΙ
722 2975 752 3002 c.
768 2966 800 3010 7,
827 2964 917 3010 Opp.
937 2963 995 3000 ed.
1009 2964 1210 3000 Vallarsius
1234 2964 1322 3001 T.V
1338 2965 1421 3000 891.
