2028 3438
446 237 697 271 Ensromn
726 237 1100 270 BAMBERGENSES.
1146 235 1289 270 38-40
1565 226 1653 269 535

10 374 21 376 ν»
84 345 235 392 scintis
267 343 503 403 periculum
533 344 724 390 detinent
754 344 971 389 violenter.
1026 344 1231 396 Quocirca
1268 345 1525 389 fraternitati
1555 349 1654 390 tuae
1677 355 1881 391 1184-1185

12 411 15 479 J
83 437 164 481 per
186 421 425 480 apostolica
449 423 614 480 scripta
642 422 907 479 mandamus,
939 425 1160 478 quatenus,
1193 422 1230 466 si
1259 437 1328 467 res
1359 423 1422 466 ita
1452 436 1496 466 se
1527 423 1656 467 habet
1710 405 1792 444 Μ’
1807 406 1843 434 1¹

85 503 130 546 et
156 500 363 558 praedicti
393 500 610 544 invasores
651 500 870 544 ammoniti
902 514 973 544 eas
1005 500 1282 556 monasterio,
1321 500 1441 544 iuxta
1472 500 1584 557 quod
1616 500 1655 544 ei

86 577 351 624 adiudicatae
381 581 500 633 sunt,
531 578 577 621 in
608 580 817 634 potestate
855 578 1070 622 dimittere
1099 578 1280 622 fortasse
1310 578 1542 634 noluerint,
1584 591 1654 622 eos

8 691 11 707 2
86 655 204 702 omni
230 655 370 712 gratia
400 658 444 700 et
472 655 626 700 timore
656 656 912 713 postposito,
944 655 1099 700 nullius
1132 655 1416 713 appellatione
1446 655 1654 711 obstante,

0 746 11 826 *j
80 732 252 778 'vinculo
283 733 729 778 excommunicationis
762 733 969 788 astringas
1002 737 1044 777 et
1074 746 1207 790 usque
1238 733 1294 779 ad
1324 734 1654 778 satisfactionem

85 822 315 866 congruam
343 810 475 856 facias
506 811 670 855 evitari.
716 811 830 855 Data
858 811 1024 855 Verone
1056 812 1082 854 3
1114 810 1213 854 Idus
1246 810 1520 868 Septembris.

0 905 5 1017 ἶ
89 949 171 1014 39.
204 951 424 1001 Conradua
459 962 595 998 custoe
631 955 824 998 eeclesiae
861 955 1122 998 Tremo-emis
1164 954 1574 1012 Wrzeburyensibus
1606 955 1656 997 de

0 1025 5 1067 ἕ
92 1067 110 1082 ,Δ
171 1071 187 1075 ,.
203 1031 422 1087 miraculis
454 1032 706 1089 quibusdam
738 1033 983 1090 siqm'ficat'.

205 1119 456 1175 G(onradus)
479 1121 559 1165 Dei
589 1121 728 1177 gratia
748 1122 1018 1166 Treverensis
1042 1122 1267 1166 aecclesiae
1298 1122 1471 1165 maioris
1493 1118 1657 1164 custos¹
1681 1136 1884 1172 1189-1200

85 1197 280 1249 omnibus
310 1198 471 1242 civibus
492 1190 903 1255 wirciburgensibus
926 1204 968 1244 et
988 1200 1181 1244 omnibus
1202 1200 1247 1243 in
1279 1200 1458 1243 circuitu
1483 1212 1657 1243 manen-

82 1276 199 1329 tibus
229 1275 408 1325 salutem
439 1277 485 1321 in
516 1276 698 1321 Christo.

206 1353 324 1400 Scire
344 1354 447 1399 velit
474 1355 719 1400 fraternitas
741 1359 896 1411 vestra,
929 1356 1039 1412 quod
1071 1356 1115 1399 in
1147 1355 1322 1400 sabbato
1345 1368 1514 1411 magno,
1545 1355 1658 1411 quod

86 1431 163 1478 est'
188 1435 288 1491 post
329 1445 580 1490 parasceue,
627 1432 809 1477 officium
850 1433 933 1477 diei
981 1435 1208 1490 peragente
1252 1433 1406 1477 domno
1444 1432 1656 1488 Heinrico‚

86 1504 297 1568 quondam
335 1509 592 1555 virdunensi
643 1508 877 1569 episcopo²‚
939 1525 990 1555 ea
1039 1511 1144 1555 hora
1194 1524 1288 1555 cum
1340 1511 1659 1555 benediceretur

85 1601 232 1634 cereus
277 1588 509 1646 paschalis,
559 1589 671 1644 ignis
718 1589 770 1633 de
816 1589 987 1633 sublimi
1032 1588 1155 1633 datus
1201 1593 1266 1633 est
1312 1592 1373 1644 et,
1418 1588 1657 1632 videntibus

85 1665 231 1710 multis
270 1666 343 1723 qui
380 1666 576 1722 aderant,
621 1667 788 1724 lampas
835 1667 1023 1710 extincta
1061 1667 1236 1710 caelitus
1276 1670 1340 1711 est
1380 1679 1575 1722 accensa3
1618 1669 1660 1710 et

85 1757 164 1803 per
192 1743 380 1788 triduum
418 1745 509 1788 sine
541 1744 621 1789 olei
653 1745 931 1788 diminutione
961 1745 1072 1800 ignis
1109 1745 1154 1788 in
1193 1758 1243 1788 ea
1278 1743 1523 1788 indeficiens
1561 1758 1658 1802 per-

86 1822 308 1867 severavit.
364 1822 565 1879 Sequenti
596 1837 694 1867 vero
728 1823 794 1867 die
825 1823 1027 1880 paschae,
1068 1836 1162 1865 cum
1194 1823 1416 1866 universus
1448 1822 1584 1867 clerus
1617 1826 1659 1867 et

85 1899 268 1958 populus
296 1900 349 1944 ad
370 1900 652 1945 decantandas
673 1900 762 1944 Deo
792 1901 937 1945 laudes
960 1901 1267 1957 convenissent,
1299 1914 1441 1945 coram
1464 1900 1658 1945 omnibus

0 2023 11 2031 ‚
86 1977 261 2023 claudus
301 1978 473 2034 quidam
514 1979 566 2023 ab
612 1979 793 2022 infantia
837 1982 962 2022 notus
1002 1982 1172 2022 curatus
1219 1982 1296 2022 est.
1358 1979 1474 2022 Haec
1518 1982 1657 2022 autem

85 2055 182 2100 ideo
211 2056 331 2101 vobis
371 2055 677 2112 significamus,
718 2060 766 2100 ut
803 2055 902 2100 fidei
939 2056 1194 2100 christianae
1234 2070 1287 2101 ex
1323 2056 1403 2100 hoc
1437 2057 1549 2101 facto
1590 2070 1658 2100 ro-

87 2133 167 2178 bur
197 2134 414 2192 accipiatis
453 2137 496 2179 et
533 2134 576 2178 in
617 2139 842 2190 augmento
874 2135 1108 2184 devotionis
1139 2133 1274 2190 magis
1307 2148 1356 2178 ac
1386 2135 1522 2190 magis
1559 2148 1658 2192 pro-

86 2211 251 2257 ficiatis.

88 2353 173 2402 40.
206 2356 486 2400 Ber-ahardus
525 2357 612 2399 dux
651 2355 893 2399 Carinthiae
934 2354 1187 2413 Greqorium
1211 2355 1283 2398 IX
1291 2336 1296 2339 ⁵
1316 2371 1480 2413 papam
1518 2365 1655 2414 royat,

205 2442 253 2478 ut
281 2434 454 2477 Eoberci
483 2435 672 2491 episcopi
690 2434 1015 2491 Bamberqensis
1046 2436 1092 2477 in
1121 2436 1308 2491 qratiam
1338 2449 1475 2477 secum
1502 2437 1661 2478 reversi

207 2511 420 2555 ecclesiam
449 2510 697 2567 confirmetb.

206 2600 449 2645 Reverendo
482 2600 651 2644 domino
683 2614 758 2644 suo
791 2604 832 2644 et
862 2601 907 2644 in
932 2599 1099 2644 Christo
1129 2600 1242 2657 patri
1264 2599 1500 2656 G(regorio)
1533 2615 1657 2646 vene·
1679 2614 1884 2650 1233-1235

182 2711 210 2732 a.
242 2701 407 2742 Deam-ipsi
438 2711 475 2732 ez
503 2700 606 2732 codice
635 2701 834 2732 bibliothecae
861 2701 1102 2741 Bamberqensis
1128 2701 1158 2731 B
1179 2701 1199 2731 Ι
1219 2702 1259 2731 12
1293 2701 1460 2733 membran.
1482 2712 1563 2734 saec.
1578 2702 1662 2733 XIII

79 2753 145 2796 sol.
158 2756 258 2787 1832».
382 2755 412 2785 b.
445 2754 609 2795 Decea-ipsi
629 2765 667 2786 ex
691 2755 844 2786 tabularii
866 2755 1105 2795 Bamberyensis
1127 2754 1192 2786 cod.
1214 2754 1314 2786 chart.
1335 2766 1416 2787 saec.
1432 2756 1500 2787 XV.

185 2820 217 2855 1.
242 2819 300 2855 De
325 2818 494 2855 Conrado
518 2819 672 2855 custode
696 2831 731 2855 v.
758 2820 879 2866 Beyer
904 2818 1203 2855 Urkundenbuch
1227 2820 1262 2855 II
1286 2820 1368 2856 484.
1483 2821 1517 2856 2.
1546 2820 1656 2857 Hein-

88 2877 164 2914 rico
181 2878 217 2914 Π
241 2878 320 2925 qui,
354 2888 449 2915 anno
476 2879 568 2914 1181
593 2877 713 2914 factus
739 2879 933 2924 episcopus
950 2877 1209 2925 virdunensis,
1242 2878 1428 2915 abdicavit
1452 2889 1492 2915 se
1518 2880 1657 2926 episco-

88 2939 181 2984 patu
206 2948 302 2975 anno
328 2939 432 2975 1186.
465 2938 511 2976 V.
535 2937 699 2974 Annales
724 2937 761 2974 S.
779 2938 905 2975 Vitoni
922 2937 1172 2975 Virdunenses
1198 2939 1309 2985 1186,
1333 2939 1431 2975 Mon.
1449 2938 1571 2975 Germ.
1590 2938 1656 2976 SS.

87 2995 125 3032 X
147 2996 230 3033 527.
