2028 3438
389 252 475 296 586
903 266 1065 297 Esoms
1095 266 1201 297 vrrA
1231 265 1426 297 o'r'roms

389 370 526 425 legato
557 374 644 414 tuo
666 395 720 400 -—
738 371 870 422 Quam
893 372 945 415 ob
965 385 1052 416 rem
1076 385 1146 415 ve-
1182 372 1319 426 legato
1340 375 1520 414 vestro
1542 383 1599 400 --’
1615 369 1749 422 Quam
1769 370 1822 415 ob
1846 384 1938 415 rem

389 447 524 502 stigiis
571 447 725 504 pedum
769 451 972 491 tuorum
1020 448 1145 491 advo·
1182 447 1370 502 vestigiis
1390 447 1544 504 pedum
1559 447 1939 491 vestrorumsd-

387 523 467 567 luti
488 548 543 554 -—
569 525 622 567 ad
651 527 702 567 te
732 523 894 567 olam0“
927 528 1004 567 cet.
1039 526 1041 530 '
1182 523 1314 568 voluti
1336 548 1391 555 -—
1417 524 1469 567 ad
1498 537 1586 567 vos
1617 522 1888 568 elamo“²-oet.

512 612 636 656 Tales
673 628 794 656 verae
831 615 1053 656 sententiae
1092 614 1408 670 depravationes
1446 629 1473 655 a
1511 627 1576 655 me
1612 615 1657 655 in
1694 614 1938 656 recensendo

388 690 559 744 Ebonis
580 704 701 746 opere
730 698 890 746 spretas
923 704 1019 742 esse,
1052 705 1169 732 nemo
1200 690 1434 732 mirabitur.
1485 689 1576 732 Neo
1603 691 1744 746 recepi
1771 689 1823 732 de
1849 696 1938 732 mo-

388 767 583 808 nasteriis
614 767 666 808 ab
703 766 849 808 Ottone
881 767 1057 808 conditis
1087 767 1328 808 relationem
1358 781 1385 808 a
1417 775 1644 809 correctore
1666 760 1766 822 post
1795 766 1895 809 libri
1915 765 1947 808 I

389 851 515 899 eaput
535 843 592 885 16
623 843 825 895 additam,
861 852 1035 899 propter
1064 844 1112 885 id
1142 844 1255 899 quod
1284 857 1368 885 non
1399 857 1449 884 eoe
1477 845 1611 899 ipsius
1642 834 1801 885 Ebonis
1832 841 1938 884 libro

388 920 462 961 sed
491 933 540 961 ex
560 919 774 961 Herbordi
802 920 970 975 dialoqo
1001 921 1143 962 eadem
1172 921 1347 971 ratione,
1382 933 1466 975 qua
1496 927 1676 962 mutator
1695 916 1805 961 alias
1835 927 1938 975 quo·

389 1007 467 1051 que
496 997 560 1038 uti
587 996 701 1049 solet,
734 997 968 1052 decerptam
999 1011 1084 1038 esse
1112 998 1339 1052 reperimus
1352 992 1374 1038 ¹.

506 1072 566 1115 At
595 1081 739 1115 contra
769 1081 866 1115 sunt
895 1075 940 1115 in
967 1074 1146 1115 eiusdem
1166 1074 1384 1115 mutatoris
1407 1073 1544 1115 codice
1562 1070 1599 1114 E
1621 1079 1825 1115 momenta
1852 1084 1940 1114 non

388 1149 522 1192 solum
559 1150 617 1191 ad
654 1150 878 1205 eaplendas
915 1150 1139 1192 nonnullas
1179 1151 1366 1192 codicum
1395 1150 1712 1192 Ebonianorum
1752 1148 1937 1200 lacunas,

388 1222 530 1268 oerum
551 1228 675 1268 etiam
705 1228 763 1268 ad
789 1229 1004 1282 qraviores
1026 1227 1230 1283 quasdam
1252 1226 1507 1283 corruptelas
1527 1226 1806 1268 removendas.
1824 1246 1825 1249 ¹
1854 1215 1938 1267 Re·-

390 1304 547 1359 quisivi
582 1304 691 1344 enim
732 1318 782 1345 ea:
821 1305 960 1346 eodem
996 1304 1134 1346 codice
1169 1305 1337 1345 initium
1368 1303 1652 1359 praefationis
1682 1302 1734 1344 ab
1764 1302 1941 1344 Andr-ea

387 1381 727 1436 praetermissum
764 1388 801 1422 et
837 1380 936 1423 libri
965 1380 1047 1422 III
1076 1382 1258 1436 capitum
1288 1380 1346 1422 15
1377 1388 1415 1422 et
1443 1379 1502 1422 16
1535 1387 1699 1435 partem
1738 1378 1937 1435 amplam,

391 1470 498 1512 quae
527 1457 619 1498 ideo
650 1471 735 1498 non
767 1457 916 1513 leqitur
935 1459 980 1498 in
1003 1457 1141 1499 codice
1161 1455 1206 1511 C,
1240 1457 1353 1512 quod
1376 1456 1539 1512 folium
1568 1457 1750 1498 excisum
1777 1444 1938 1498 ibi'est.

508 1533 748 1575 Invenimus
779 1535 903 1575 etiam
939 1535 985 1575 in
1016 1534 1212 1575 Andreae
1244 1529 1487 1585 codicibusffi
1531 1532 1719 1575 Ottonem
1754 1533 1941 1574 iuvenem

391 1611 586 1666 „saepius
632 1612 852 1652 transitum
891 1610 1048 1665 fecisse
1091 1625 1168 1666 per
1210 1610 1283 1652 Wi
1290 1625 1342 1652 rz
1353 1612 1506 1666 eburq
1517 1624 1631 1652 ense
1675 1609 1940 1658 cenobium&

392 1701 522 1743 quare
551 1688 638 1729 viri
670 1688 782 1729 docti
821 1688 991 1729 eundem
1027 1687 1258 1742 puerilibus
1289 1689 1412 1729 annis
1443 1686 1702 1742 Wirzeburqi
1734 1677 1940 1728 versatam

392 1778 476 1806 esse
515 1763 817 1806 existimabant.
871 1763 925 1805 In
963 1765 1253 1819 antiquissimo
1300 1771 1435 1804 autem
1479 1763 1552 1805 illo
1601 1763 1739 1805 codiee
1772 1761 1809 1805 E
1854 1752 1940 1805 non

392 1840 893 1896 „Wirzeburqense“
947 1841 1147 1896 seriptum
1199 1848 1256 1882 est
1308 1840 1380 1881 sed
1432 1831 1938 1896 „Wilzeburqens‘e“.

391 1917 517 1959 Hanc
549 1917 759 1959 lectionem
790 1919 1009 1973 assumpsi.
1058 1917 1242 1958 Prorsus
1274 1918 1382 1958 enim
1414 1917 1596 1972 quadrat
1625 1918 1749 1959 etiam
1778 1915 1941 1959 Oltonis

391 1993 674 2045 incunabulis,
715 1995 870 2049 quippe
901 2008 1008 2049 quae
1038 1995 1186 2045 „iuxta
1216 1993 1408 2035 Albueffl
1429 1993 1572 2048 fuisse
1599 1988 1817 2045 soiamus³,
1856 2005 1940 2034 non

391 2071 452 2112 ita
481 2078 637 2113 remota
670 2086 696 2112 a
727 2070 919 2112 coenobio
952 2066 1307 2125 leeburqensi⁴.

489 2221 521 2255 1.
546 2220 587 2256 L.
604 2220 622 2255 I
646 2229 676 2255 o.
699 2220 853 2265 12—-17,
879 2219 941 2255 ubi
966 2219 1125 2255 narratio
1148 2219 1209 2254 illa
1233 2219 1285 2254 sie
1308 2218 1514 2254 inchoatur:
1542 2218 1611 2264 „Et
1632 2217 1840 2263 primicie
1863 2218 1940 2263 qui-

392 2279 475 2315 dem
506 2288 655 2324 operum
686 2278 765 2314 eius
790 2278 942 2314 duorum
974 2277 1043 2313 fuit
1074 2280 1257 2313 structura
1288 2276 1520 2313 cenobiorum
1552 2278 1622 2321 (so.
1647 2276 1873 2322 Uraug-»iae
1904 2278 1942 2312 et

394 2337 551 2381 Urae)“
580 2340 649 2372 oet.
692 2336 791 2379 Quae
816 2336 961 2381 quidem
992 2335 1089 2381 apud
1114 2335 1251 2372 Ebonis
1276 2337 1493 2371 mutatorem
1523 2335 1576 2370 ita
1598 2333 1793 2370 habentur:
1821 2335 1939 2381 „Pri-

394 2396 523 2431 mioie
546 2398 715 2431 votorum
739 2395 817 2430 eius
841 2394 1023 2430 edificatio
1047 2393 1117 2430 fuit
1133 2394 1284 2430 duorum
1310 2390 1577 2430 cenobioruin“.
1614 2393 1698 2438 lpse
1723 2396 1844 2429 autem
1862 2391 1940 2429 Ebo

393 2465 465 2490 non
490 2465 512 2490 a
528 2454 670 2490 duobus
693 2454 763 2489 illis
787 2452 970 2489 coenobiis
995 2453 1061 2488 sed
1085 2452 1131 2488 ab
1156 2452 1325 2498 hospitali
1342 2450 1702 2496 Wilziburgensi
1725 2451 1939 2497 principium

394 2512 684 2549 aedificationum
710 2511 756 2547 ab
781 2511 913 2548 Ottone
944 2511 1121 2547 factarum
1147 2511 1302 2556 sumpsit
1325 2511 1400 2546 L.1
1425 2520 1456 2545 o.
1474 2511 1514 2545 2:
1551 2510 1722 2556 „Hocque
1751 2509 1940 2555 primum

394 2582 458 2607 sue
476 2571 680 2607 devotionis
697 2581 827 2606 munus
844 2570 889 2605 de
906 2570 1076 2606 thesauro
1093 2569 1187 2605 bone
1204 2569 1402 2604 voluntatis
1416 2567 1557 2604 Christo
1574 2567 1738 2603 obtulit“.
1810 2568 1843 2603 2.
1861 2567 1940 2603 Ebo

393 2631 469 2666 L.I
495 2640 525 2665 c.
543 2631 576 2664 2.
673 2630 706 2665 3.
731 2629 776 2665 V.
795 2629 835 2664 L.
854 2629 871 2664 1
896 2639 926 2664 e.
946 2630 1001 2664 17.
1096 2629 1131 2664 4.
1161 2627 1328 2672 Capitum
1352 2627 1522 2662 lemmata
1546 2626 1582 2661 in
1607 2625 1747 2661 duabus
1765 2625 1850 2662 vitis
1866 2625 1940 2661 An-

394 2688 538 2724 dreanis
562 2688 655 2723 inter
679 2698 718 2723 se
743 2687 952 2733 discrepant
974 2697 1091 2732 neque
1117 2686 1163 2721 ab
1180 2685 1305 2721 Ebone
1331 2687 1424 2720 sunt.
1463 2684 1573 2720 Cuius
1598 2686 1635 2719 et
1659 2684 1879 2720 diversitatis
1904 2687 1942 2719 et

375 2742 619 2782 ’confictionis
643 2745 851 2791 probandae
876 2756 987 2781 causa
1011 2744 1214 2781 afferendas
1239 2744 1331 2780 duco
1355 2743 1605 2788 inscriptiones
1625 2742 1753 2787 capitis
1770 2743 1793 2778 2
1815 2742 1895 2778 libri
1911 2743 1939 2787 I,

395 2805 441 2840 de
466 2805 683 2840 monasterio
701 2804 930 2840 Wilzebur
938 2803 1070 2849 gensi
1095 2803 1300 2848 aperientis.
1336 2802 1377 2837 In
1398 2803 1429 2837 Ο
1445 2802 1540 2836 enim
1558 2801 1646 2836 haee
1663 2804 1737 2836 est:
1764 2801 1840 2846 „De
1856 2810 1939 2836 eon-

395 2863 592 2899 struetione
623 2862 812 2908 hospitalis
844 2863 881 2898 in
911 2863 1058 2898 civitate
1089 2860 1418 2906 Herbipolensi
1446 2870 1510 2904 per
1539 2862 1703 2895 sanetum
1729 2858 1938 2904 Ottonem“;

395 2922 433 2957 in
457 2922 492 2956 B
518 2925 639 2957 autem
663 2920 754 2957 haec
776 2922 925 2966 legitur:
960 2921 1043 2967 „De
1066 2920 1182 2956 iniciis
1207 2929 1356 2965 operum
1388 2920 1426 2954 et
1449 2918 1618 2964 hospitali
1646 2926 1845 2963 pauperum
1874 2926 1940 2963 per

395 2979 543 3016 beatum
568 2979 735 3016 Ottonem
768 2980 805 3015 in
836 2979 983 3015 civitate
1005 2977 1326 3024 Wurtzepurgensi
1355 2979 1561 3014 constructo
1574 2975 1604 3012 “.
1647 2975 1747 3019 Quae
1777 2984 1858 3032 oum
1888 2974 1940 3011 ita
