2028 3438
457 262 711 295 asasonm.
727 261 970 294 nameus.
1002 262 1106 313 im.
1131 261 1166 292 11
1195 260 1241 294 35
1550 248 1634 291 781

0 362 4 367 ’
61 358 483 413 tanqumvbhsphemoffi
507 379 528 401 a
544 368 614 402 vita
639 379 698 402 eos
722 366 984 402 irrevocabiliter
1009 366 1114 400 sentis
1140 378 1215 400 esse
1239 365 1428 400 defunctos.
1464 365 1520 400 Sic
1546 366 1636 400 enim
1665 365 1759 401 1124

62 426 235 462 Phari-oi·
256 426 571 472 blasphemantibus
595 438 617 461 a
634 426 780 462 Domino
804 427 929 461 dictum
953 426 1089 473 recolo:>
1112 425 1261 469 „Omnis‚
1288 425 1344 468 qui
1361 425 1483 458 dixerit
1498 426 1638 458 verbum

44 484 189 522 ‘em
202 485 310 521 fflimn
331 486 496 528 hominis,
519 486 709 521 remittetur
732 487 765 520 ei
771 499 782 527 ;
809 487 866 530 qui
890 491 1003 520 autem
1028 485 1150 519 dixerit
1172 485 1311 518 verbum
1335 490 1452 518 contra
1477 485 1639 528 Spiritum

63 550 228 588 canem,
251 557 320 580 non
343 546 533 580 remittetur
556 546 589 579 ei
612 557 723 590 neque
747 546 802 580 hic
825 557 937 590 neque
961 546 996 579 in
1018 545 1131 579 futuro
1148 544 1281 578 seculo“
1296 545 1318 577 ¹.
1356 544 1486 577 Timide
1504 544 1639 587 quidem

63 611 230 643 emm
244 605 293 640 do
313 605 436 640 divinis
458 605 589 640 iudiciis
614 605 854 650 disputandum
878 611 949 646 est3
975 604 1036 639 sed
1060 604 1139 648 quia
1163 603 1248 637 fides
1274 603 1438 637 catholica
1463 603 1507 637 de
1526 604 1636 637 incre-

39 707 45 709 *
64 665 329 700 dulia-omnibus
353 664 548 709 generalem
572 670 651 698 ante
675 677 730 699 me
754 665 827 699 fixit
852 665 1071 705 sententiam,
1102 663 1252 697 eiusdem
1276 662 1420 696 orbitam
1443 674 1511 696 non
1537 674 1636 696 exce-

31 761 38 767 ,
63 724 147 761 dete
169 725 410 768 iustam-puto.
446 724 615 758 Videntur
637 724 763 758 etenim
787 725 842 765 hi,
872 724 915 758 de
940 724 1061 768 quibus
1086 734 1196 757 sermo
1221 727 1284 762 est,
1309 721 1498 765 blasphemi
1523 728 1639 755 contra

63 783 227 828 spirit-n
249 790 402 818 sanetum
425 784 573 818 sensisse
600 804 640 809 ——
668 784 758 827 quod
783 790 836 818 est
860 784 998 817 verbum
1023 783 1123 816 corde
1139 782 1284 816 formare
1291 794 1302 822 3
1326 793 1405 815 nam
1422 781 1486 815 hoc
1502 781 1638 825 proprie

64 843 132 878 did
153 849 268 888 potest
290 843 502 888 blasphemia
528 864 568 868 —
597 849 633 877 et
656 843 779 877 idcirco
804 855 872 877 non
898 854 974 876 esse
999 842 1044 876 ad
1068 842 1171 875 vitam
1196 846 1382 885 reparatos.
1431 840 1525 874 Sicut
1549 840 1638 874 enim

64 902 219 939 cubandi
242 903 295 938 his
319 903 526 938 ascensionis
551 903 596 937 ad
612 903 714 936 vitam
738 903 890 936 nituntur
915 902 1092 946 gradibus:
1118 901 1186 934 fide
1210 900 1339 934 scilicet
1359 912 1420 944 spe
1445 906 1480 934 et
1497 900 1637 934 caritate

65 981 111 995 μ-
133 974 214 997 nam
237 962 391 1007 profecto
414 963 484 996 fide
507 963 702 1006 incipimus,
727 974 789 1006 spe
814 962 1024 1006 proficimus,
1048 961 1189 994 caritate
1213 964 1499 994 consummamur⁸
1523 980 1564 986 —
1591 960 1639 993 ita

63 1032 91 1057 e}
108 1021 250 1057 diverso>
264 1021 321 1064 hi,
345 1023 410 1066 qui*
425 1028 581 1067 pereunt,
606 1034 668 1066 per
691 1022 883 1066 oppositum
908 1022 972 1055 iter
996 1020 1225 1054 descensionis
1249 1019 1390 1054 tendere
1414 1020 1570 1053 videntur
1595 1019 1639 1053 ad

63 1081 246 1117 interitum.
293 1082 435 1116 Iniciam
464 1082 554 1116 enim
585 1082 782 1126 perditionis
814 1081 959 1125 perfidia
989 1081 1038 1114 eis
1071 1086 1124 1114 est
1131 1092 1141 1120 ;
1173 1080 1343 1123 profectus
1368 1079 1568 1123 perditionis
1597 1098 1636 1103 —

64 1141 217 1186 quamvis
242 1141 377 1176 insolite
402 1142 549 1183 dicatur,
582 1142 660 1186 quia
684 1141 802 1175 melius
828 1141 979 1174 defectus
1004 1145 1143 1174 vocatur
1171 1160 1209 1164 —
1238 1139 1430 1183 desperatio
1438 1152 1448 1179 ;
1482 1150 1637 1172 consum-

63 1201 167 1236 matio
190 1206 304 1235 autem
328 1201 526 1246 perditionis
550 1201 762 1245 blasphemia
787 1201 954 1244 aliquibus
979 1199 1121 1232 videtur.
1160 1196 1275 1232 Sioutb
1301 1199 1390 1232 enim
1415 1199 1548 1239 caritas,
1575 1209 1640 1242 que

65 1266 274 1296 nommant
304 1261 473 1296 hominem
499 1273 634 1305 semper
660 1261 770 1304 diligit
793 1266 828 1294 ot
852 1260 979 1304 gratias
1005 1259 1095 1302 agit,
1128 1259 1176 1291 ita
1201 1258 1273 1292 eius
1297 1259 1518 1299 contrarium,
1551 1258 1641 1301 quod

65 1310 310 1366 blasphemiam
333 1321 460 1362 dicunt,
486 1321 640 1365 negligit,
664 1321 700 1354 id
725 1326 779 1354 est
802 1331 1014 1363 nequaquam
1039 1318 1166 1362 diligit;
1192 1318 1254 1352 sed
1278 1318 1374 1352 bonis
1400 1324 1435 1351 et
1459 1318 1556 1351 donis
1575 1317 1642 1351 Dei

65 1391 199 1426 smper
221 1381 358 1425 ingrata
381 1386 446 1422 est,
472 1381 562 1425 quod
586 1386 639 1414 est
663 1380 783 1413 iniuria
800 1379 945 1423 Spiritus
962 1378 1080 1412 sancti.
1117 1378 1217 1411 Unde
1234 1378 1281 1418 hi,
1307 1377 1380 1411 aliis
1398 1377 1639 1411 contribulibus

65 1444 106 1478 οὔ
132 1439 325 1476 oenoe‘vibus
356 1441 425 1474 suis
456 1451 531 1474 cum
562 1440 747 1484 gratiarum
779 1439 911 1473 actione
943 1439 1082 1471 verbum
1106 1437 1224 1471 salutis
1249 1437 1488 1480 recipientibus
1514 1443 1548 1470 et
1571 1437 1639 1470 fide

63 1499 314 1545 incipientibus,
339 1511 401 1544 spe
425 1500 689 1544 proficientibus,
714 1506 752 1537 ut
776 1499 820 1532 ad
845 1509 957 1532 arcem
981 1497 1197 1541 perfeetionis
1223 1508 1287 1541 que
1312 1497 1434 1530 caritas
1459 1502 1513 1530 est
1529 1508 1638 1539 quan-

65 1560 177 1605 doque
206 1559 458 1611 pertingerent,
491 1560 578 1604 proh
607 1560 702 1594 dolor
735 1559 770 1592 in
802 1558 945 1603 perfidia
977 1571 1039 1591 sua
1066 1562 1299 1598 remanentes,
1333 1556 1368 1590 in
1393 1555 1640 1599 desperationis

65 1620 238 1654 butirum
260 1625 363 1664 atque
385 1620 422 1654 in
445 1619 655 1664 blasphemie
680 1620 839 1663 abyssum
864 1623 1071 1652 corruerunt.

185 1679 405 1714 Sefridus:
438 1679 575 1723 Negare
608 1690 675 1712 non
709 1678 829 1712 audeo.
879 1678 949 1711 Sed
983 1683 1102 1721 argute
1135 1676 1216 1710 satis
1241 1675 1486 1719 blasphemiam
1510 1675 1641 1708 caritati

66 1739 151 1774 dicis
174 1739 384 1774 eontrarium.
421 1739 599 1783 Equidem,
624 1739 654 1772 si
677 1743 770 1772 recte
794 1737 971 1781 perfidiam
991 1737 1072 1770 fidei
1089 1736 1228 1769 dicimus
1245 1735 1447 1769 contrariam
1463 1740 1498 1768 et
1515 1734 1639 1778 despe-

65 1799 231 1835 rationem
261 1798 352 1843 spei,
384 1798 466 1842 quid
496 1798 604 1842 magis
637 1798 839 1832 contrarium
871 1797 915 1831 sit
945 1797 1078 1830 caritati
1104 1808 1204 1839 quam
1228 1794 1457 1838 blasphemia,
1491 1794 1526 1827 in
1551 1795 1642 1828 omni

66 1870 194 1904 genere
216 1858 372 1893 vitiorum
405 1858 561 1892 invenire
580 1870 647 1891 non
680 1869 828 1901 possum.
876 1856 946 1890 Sed
971 1855 1093 1889 caritas
1119 1861 1171 1889 est
1195 1866 1358 1888 summum
1384 1855 1526 1893 bonum3
1559 1865 1640 1897 ergo

67 1919 140 1954 eins
170 1918 390 1958 contrarium,
423 1918 513 1962 quod
544 1923 597 1951 est
628 1916 858 1960 blasphemia,
891 1922 944 1949 est
975 1927 1139 1949 summum
1166 1914 1300 1947 malum.
1351 1914 1526 1954 Quomodo
1551 1913 1641 1947 enim

66 1990 136 2014 non
159 1989 324 2013 summum
346 1976 482 2018 malum,
507 1976 597 2020 quod
621 1988 731 2020 neque
757 1975 811 2009 hie
835 1986 945 2018 neque
969 1975 1004 2008 in
1029 1975 1140 2008 futuro
1166 1974 1279 2008 seculo
1304 1973 1498 2017 predicatur
1521 1973 1639 2007 remit-

67 2038 230 2073 tendum?
276 2038 314 2072 Si
338 2043 451 2072 autem
476 2048 640 2071 summum
662 2036 787 2070 malum
812 2042 884 2076 est,
915 2046 1042 2069 summo
1068 2035 1156 2068 bono
1181 2034 1324 2067 maxime
1349 2033 1552 2067 eontrarium
1577 2039 1640 2067 est.

67 2098 192 2133 Item
217 2097 339 2133 emitas
364 2103 418 2132 est
440 2097 582 2141 diligere
599 2097 710 2130 Deum
735 2095 778 2129 de
804 2107 887 2139 puro
913 2094 1014 2128 corde
1039 2102 1074 2127 ct
1099 2093 1304 2127 conscientia
1324 2093 1413 2126 bona
1438 2098 1472 2126 et
1488 2092 1556 2126 fide
1573 2105 1641 2126 non

67 2156 180 2193 fleto.
214 2158 245 2192 Ε
261 2169 423 2193 converso
447 2156 659 2200 blasphemia
683 2161 736 2190 cst
760 2155 803 2189 de
828 2155 948 2198 inpuro
973 2153 1096 2187 corde⁰
1121 2158 1156 2186 et
1180 2152 1270 2186 mala
1293 2152 1498 2186 conscientia
1523 2157 1558 2186 et
1573 2151 1641 2186 fide

67 2217 148 2252 ficta
170 2217 284 2252 odisse
306 2217 427 2251 Deum.
471 2216 560 2250 Nam
584 2216 628 2249 de
651 2216 844 2259 impuritate
869 2214 979 2248 cordis
1004 2219 1039 2246 et
1062 2212 1152 2247 mala
1176 2212 1381 2246 conscientia
1405 2211 1552 2245 nascitur
1578 2212 1640 2245 de-

67 2277 228 2322 speratio,
252 2276 339 2310 fides
364 2281 477 2310 autem
500 2275 580 2309 ficta
604 2275 747 2319 perfidia
771 2275 866 2318 peior
890 2280 952 2308 est.
995 2274 1086 2316 Ergo
1111 2284 1153 2306 ex
1178 2271 1320 2315 perfidia
1345 2276 1380 2304 et
1404 2271 1641 2314 desperatione

67 2336 191 2381 perfidi
221 2342 258 2371 et
289 2336 460 2380 desperati
490 2335 660 2376 homines,
692 2334 781 2369 malo
809 2341 844 2367 et
868 2333 980 2367 servili
1004 2333 1122 2366 timore
1147 2331 1265 2365 timere
1289 2330 1508 2373 incipientes,
1541 2330 1641 2364 etiam

69 2396 188 2431 odiunt
212 2407 307 2438 eum,
339 2407 360 2430 a
384 2407 450 2439 quo
475 2395 547 2429 sine
572 2395 674 2428 dubio
700 2406 736 2428 se
763 2393 995 2437 dampnandos
1020 2392 1141 2426 sciunt.
1190 2391 1240 2424 Eo
1266 2390 1368 2423 etiam
1393 2389 1510 2423 ordine
1535 2390 1641 2423 hostis

69 2455 226 2500 antiquus
250 2455 286 2489 in
310 2456 470 2499 abyssum
495 2455 681 2489 descendit.
731 2453 886 2487 Perfidus
911 2453 1000 2486 enim
1025 2457 1095 2491 cst,
1128 2450 1206 2493 quia
1230 2462 1298 2483 non
1323 2449 1430 2482 credit
1455 2449 1489 2482 in
1514 2449 1641 2489 Deum;

70 2515 290 2559 desperatus,
317 2515 395 2558 quia
420 2527 487 2549 non
513 2520 646 2558 sperat;
672 2513 908 2557 blasphemus,
934 2512 1031 2555 quia,
1058 2510 1222 2544 serviliter
1245 2515 1419 2549 metuens,
1445 2509 1546 2542 etiam
1571 2509 1642 2542 odit

70 2585 158 2616 eum,
182 2587 204 2609 a
228 2570 294 2619 quo
318 2586 356 2609 se
381 2575 600 2618 dampnatum
625 2580 659 2606 et
679 2572 930 2616 dampnandum
947 2571 1048 2605 novit.
1088 2569 1238 2602 Perfidia
1254 2574 1306 2602 est
1321 2568 1471 2602 infernus
1478 2581 1489 2608 ς
1515 2568 1640 2612 despe-

70 2634 156 2668 ratio
178 2634 329 2668 infernus
353 2634 510 2673 inferior3
535 2632 745 2676 blasphemia
769 2631 919 2664 infernus
945 2630 1089 2670 infimus,
1117 2628 1205 2672 quod
1232 2634 1283 2661 est
1308 2629 1462 2671 abyssus.
1508 2628 1560 2662 Ibi
1585 2640 1640 2662 re-

69 2692 194 2738 ligatus
218 2699 352 2727 tenetur
377 2693 433 2726 ille
458 2692 573 2726 infelix
599 2704 658 2726 sue
683 2690 918 2725 obstinationis
944 2700 983 2723 ac
1009 2689 1120 2722 divine
1139 2687 1354 2721 districtionis
1371 2687 1526 2728 cathena,
1552 2699 1640 2721 nnn-

71 2762 171 2796 quam
187 2751 235 2786 ab⁰
246 2752 305 2786 illa
322 2753 470 2786 exiturus
487 2751 707 2795 blasphemia.
733 2750 909 2783 Imitantur
926 2755 1039 2782 autem
1055 2747 1159 2788 illum,
1179 2747 1234 2790 qui
1252 2753 1330 2780 sunt
1346 2747 1389 2780 de
1406 2753 1504 2791 parte
1520 2746 1608 2780 illius
1616 2746 1641 2779 ⁸.

189 2812 320 2846 Timo:
351 2813 396 2845 Et
427 2812 462 2845 in
493 2811 546 2845 his
577 2811 730 2845 omnibus
762 2815 874 2843 tecum
901 2820 975 2842 sum
1000 2814 1116 2842 contra
1140 2806 1356 2850 blasphemos
1381 2812 1417 2840 et
1441 2813 1476 2840 tu
1501 2817 1642 2840 mecum.

168 2917 196 2938 a.
229 2916 439 2938 consumamur
462 2907 533 2938 NB.
659 2906 688 2935 b.
723 2905 815 2935 Sicud
838 2904 878 2935 N.
1005 2913 1030 2933 c.
1064 2905 1095 2933 et
1116 2902 1270 2933 immundo
1294 2901 1417 2933 addidit
1442 2901 1508 2932 alia
1530 2911 1643 2932 manus

71 2960 106 2991 in
126 2960 268 3001 margine
291 2961 330 2990 N.

169 3025 200 3059 1.
227 3023 353 3060 Matth.
377 3025 430 3070 12,
458 3026 513 3060 32.
660 3025 692 3059 2.
723 3025 740 3059 1
759 3023 852 3059 Tim.
876 3023 905 3069 1,
933 3022 965 3058 5.
1110 3022 1143 3057 3.
1170 3020 1255 3067 Sap.
1276 3022 1309 3066 2,
1336 3020 1393 3055 25.
