2028 3438
412 256 499 299 632
806 267 968 298 nssoms
1000 268 1105 297 vrrA
1136 266 1344 298 o'r‘roms.
1392 267 1478 297 Lm.
1500 267 1534 296 11
1564 265 1601 298 9.

296 384 388 420 1124
413 373 640 417 christiane
671 386 766 417 cum
797 373 1042 430 propinquis
1075 374 1162 416 suis
1193 373 1419 427 subiceret,
1459 372 1594 415 omnis
1629 371 1746 429 plebs
1776 371 1968 430 exemplo

412 450 500 494 eius
533 450 834 504 attraheretur,
866 453 954 493 toto
986 451 1203 493 conamine
1232 450 1511 492 rinocerotam
1542 449 1652 492 hunc
1682 448 1747 493 ad,
1764 449 1968 493 arandum

410 528 455 570 in
501 540 599 582 agro
644 526 815 569 Domini
863 527 952 569 loro
1000 526 1297 583 predicationis
1345 523 1543 580 alligare¹
1595 525 1820 570 contendit.
1886 525 1968 570 Sed

413 603 511 659 quia
541 603 668 646 durus
700 606 791 646 erat
821 616 896 646 nec
926 602 1049 645 facile
1070 602 1299 656 constringi
1329 605 1506 659 poterat,
1538 602 1721 658 primum
1743 601 1859 646 filios
1880 602 1968 646 eius

413 680 583 723 absente
624 682 744 735 patre
775 679 871 722 fidei
903 679 1174 722 sacramentis
1206 679 1415 733 iniciavit,
1455 682 1632 722 matrem
1673 692 1836 735 quoque
1874 692 1967 724 cum

411 755 509 799 filiis
541 755 639 799 ovili
663 755 819 799 Christi
851 756 1014 799 adiecit.
1062 755 1150 806 Quo
1183 755 1337 810 audito,
1370 755 1614 798 Domizlaus
1644 756 1780 812 primo
1800 755 1970 812 quidem

412 833 596 888 graviter
634 833 899 887 indignatus,
947 832 1057 888 quod
1096 832 1186 875 sine
1216 832 1430 875 voluntate
1477 836 1518 876 et
1557 845 1728 876 assensu
1768 833 1858 876 eius
1893 832 1970 878 hcc

414 914 507 954 acta
538 914 691 964 essent,
723 908 836 953 velut
869 908 974 952 alter
997 908 1147 951 Saulus
1179 910 1480 965 persecutionis
1509 909 1970 967 crudelissimelauctcr

353 1008 362 1014 ,
411 987 546 1030 factus
579 989 662 1040 est3
696 987 756 1029 ita
787 989 847 1040 ut,
879 986 1004 1028 minis
1026 989 1068 1028 et
1088 986 1317 1029 terroribus
1340 999 1387 1029 ac
1408 986 1606 1029 conviciis
1636 987 1752 1043 pium
1773 986 1970 1031 ottonem

414 1077 657 1118 aggressus,
697 1076 789 1106 cum
822 1063 1053 1117 ignominia
1084 1063 1135 1105 de
1166 1061 1317 1106 finibus
1348 1062 1432 1105 illis
1465 1063 1681 1107 eliminare
1710 1066 1968 1120 temptasset.

415 1139 497 1184 Sed
538 1139 726 1196 apostolo
757 1139 1086 1182 Pomeranorum
1126 1152 1261 1193 genua
1301 1140 1352 1182 ad
1392 1139 1526 1183 Deum
1567 1139 1759 1184 flectente
1797 1143 1839 1184 et
1875 1153 1970 1184 cum

413 1217 598 1260 lacrimis
639 1219 804 1272 orante,
847 1220 893 1260 ut
938 1216 1009 1259 ubi
1044 1216 1303 1259 habundavit
1348 1217 1546 1272 iniquitas
1584 1217 1972 1274 superhabundaret

414 1291 588 1348 gratia²,
621 1293 879 1348 Domizlaus,
911 1294 1062 1336 timore
1093 1293 1218 1336 simul
1250 1297 1291 1336 et
1312 1307 1452 1337 amore
1474 1293 1553 1338 Dei
1576 1297 1725 1349 tactus,
1756 1298 1970 1350 tamquam

415 1374 457 1414 et
488 1371 525 1413 ei
558 1384 741 1426 superna
773 1384 870 1414 voce
902 1370 1129 1414 diceretur:
1161 1372 1404 1424 Domizlae,
1440 1373 1542 1428 quid
1571 1386 1635 1414 me
1659 1367 1970 1429 persequeris?

416 1449 514 1491 olim
547 1450 714 1504 quidem
745 1450 869 1491 debui
896 1450 1069 1505 perdere
1099 1457 1149 1500 te,
1183 1450 1255 1490 secl
1288 1448 1382 1491 Otto
1414 1463 1554 1491 servus
1584 1463 1695 1491 meus
1727 1450 1864 1492 oravit
1889 1464 1969 1505 pro

415 1534 465 1578 te,
498 1528 671 1581 repente
704 1524 755 1567 de
785 1524 885 1580 lupo
917 1526 960 1567 in
993 1538 1161 1579 agnum,
1193 1524 1270 1567 hoc
1302 1527 1365 1567 est
1395 1525 1445 1567 de
1468 1525 1593 1568 Saulo
1618 1527 1802 1569 mutatus
1833 1526 1971 1569 estin

414 1601 612 1655 Paulum3
647 1605 688 1644 et
718 1605 830 1645 totus
862 1602 1045 1645 lacrimis
1078 1602 1253 1655 infusus,
1294 1602 1363 1658 pio
1395 1601 1538 1645 Ottoni
1569 1602 1718 1645 humili
1749 1602 1970 1657 adgenicu-

414 1677 569 1721 latione
616 1679 917 1734 prosternitur,
961 1678 1264 1732 indulgentiam
1305 1678 1356 1722 ab
1394 1693 1441 1722 eo
1482 1682 1524 1722 et
1567 1679 1719 1722 locum
1741 1680 1970 1736 penitentie

414 1754 621 1810 flagitans.
667 1755 706 1798 A
729 1769 808 1810 quo
829 1755 1006 1809 benigne
1037 1759 1254 1812 susceptus
1287 1758 1328 1798 et
1358 1758 1534 1812 paterna
1564 1756 1851 1800 benedictione
1871 1770 1968 1800 con-

416 1831 594 1887 solatus,
638 1836 800 1875 secreta
830 1833 1089 1876 confessione
1120 1833 1320 1875 innotuit:
1363 1846 1406 1875 se
1445 1832 1544 1875 olim
1575 1834 1619 1876 in
1654 1833 1837 1877 Saxonia
1866 1834 1968 1891 bap-

414 1909 529 1952 tismi
559 1909 737 1963 gratiam
777 1911 1014 1966 percepisse
1045 1910 1137 1965 sed,
1176 1910 1336 1953 astucia
1377 1910 1536 1953 inimici
1575 1913 1692 1953 tanta
1721 1911 1968 1955 diviciarum

414 1986 523 2029 mole
553 1986 598 2028 in
629 1986 845 2029 barbarica
876 1990 988 2029 terra
1019 1987 1098 2029 sibi
1130 1987 1363 2041 accedente,
1394 1986 1518 2030 fidem
1541 1985 1698 2031 Christi
1726 1988 1836 2031 inter
1865 1988 1967 2045 ydo-

414 2063 543 2106 latras
575 2077 742 2106 servare
773 2077 855 2106 non
888 2064 1084 2119 potuisse.
1130 2064 1196 2106 Ex
1220 2077 1266 2107 eo
1295 2064 1424 2118 igitur
1445 2064 1635 2108 abdicato
1665 2065 1833 2120 penitus
1854 2065 1967 2108 omni

414 2139 659 2194 gentilitatis
691 2154 851 2195 errore,
890 2139 1006 2195 fidei,
1047 2155 1170 2196 quam
1203 2141 1526 2197 inpugnaverat,
1559 2141 1840 2185 validissimus
1870 2156 1966 2199 pro-

414 2221 622 2272 pugnator
652 2217 788 2260 factus
830 2220 912 2272 est,
950 2218 1186 2272 mirumque
1223 2218 1267 2260 in
1299 2218 1466 2260 modum
1508 2218 1600 2274 plus
1631 2222 1840 2262 correctus
1870 2233 1967 2275 pro-

413 2294 514 2348 fuit,
557 2307 682 2349 quam
715 2307 858 2337 errans
896 2294 1060 2337 leserat.
1117 2294 1350 2350 Statimque
1383 2295 1517 2337 omnis
1554 2295 1715 2338 familia
1745 2295 1833 2339 eius
1872 2308 1966 2339 cum

413 2371 564 2425 gaudio
596 2384 702 2414 nove
739 2371 1067 2425 regenerationis
1106 2371 1271 2414 lavacro
1310 2372 1478 2427 perfusa
1509 2374 1592 2426 est,
1633 2372 1771 2415 anime
1808 2372 1967 2416 scilicet

414 2448 509 2504 plus
542 2460 667 2503 quam
699 2448 945 2503 quingente3
986 2448 1058 2491 sed
1090 2452 1131 2490 et
1168 2448 1391 2503 propinqui
1424 2448 1510 2490 eius
1543 2451 1585 2491 et
1615 2449 1738 2491 amici
1768 2462 1862 2492 cum
1893 2449 1965 2492 do-

414 2525 596 2568 mesticis
619 2525 719 2579 suis,
753 2524 942 2581 exemplo
976 2525 1062 2567 eius
1094 2525 1320 2580 provocati,
1352 2523 1476 2567 fidem
1497 2528 1756 2580 receperunt.
1877 2525 1966 2570 Sic-

415 2615 494 2656 que
524 2601 682 2644 factum
714 2605 789 2655 est,
829 2604 888 2656 ut,
928 2602 979 2644 de
1010 2602 1076 2644 die
1106 2602 1150 2644 in
1181 2601 1289 2644 diem
1322 2604 1531 2644 crescente
1563 2615 1735 2645 numero
1765 2601 1964 2658 fidelium,

414 2681 503 2719 tota
533 2677 680 2720 civitas
712 2691 803 2720 cum
838 2678 1052 2720 adiacente
1083 2678 1316 2734 provincia,
1348 2678 1501 2732 fugatis
1533 2678 1738 2734 ydolatrie
1768 2679 1964 2734 tenebriS‚

415 2753 635 2809 splendore
666 2754 762 2796 fidei
800 2754 1146 2797 illuminarentur.
1208 2754 1364 2797 Mansit
1398 2756 1538 2809 itaque
1569 2755 1655 2798 illic
1691 2756 1784 2811 pius
1825 2756 1964 2812 predi-

415 2833 529 2872 cator
560 2844 635 2886 per
666 2831 890 2874 instantem
921 2831 1115 2886 hiemem,
1148 2832 1346 2888 baptismi
1376 2832 1553 2886 gratiam
1581 2831 1881 2875 confluentibus
1911 2833 1964 2875 ad

415 2920 460 2949 se
506 2906 672 2962 populis
718 2907 910 2962 tradens,
958 2908 1152 2951 ecclesias
1197 2909 1240 2950 in
1288 2908 1389 2951 locis
1437 2909 1652 2964 oportunis
1699 2912 1961 2963 construens;

510 2994 540 3029 1.
571 2992 636 3029 Iob
661 2994 718 3040 39,
746 2995 800 3030 10.
943 2995 976 3030 2.
1002 2995 1104 3030 Rom.
1123 2995 1156 3040 5,
1182 2995 1239 3030 20.
1382 2995 1414 3030 3.
1440 2994 1521 3030 Aet.
1544 3005 1601 3041 ap.
1620 2995 1651 3039 9,
1677 2995 1712 3031 4.
