2028 3438
607 250 830 283 nmmum
859 251 1029 283 comrx.
1080 249 1147 284 109
1581 241 1664 285 197

101 355 219 404 109:
242 356 450 402 Comici
477 358 806 415 Bamberyemee
836 359 1078 403 Emehardo
1111 362 1306 417 episcopo
1335 359 1671 416 Wirzeburqemi

243 436 470 494 capo-nunt,
505 437 712 493 quomodo
743 437 898 480 Petrus
929 441 1131 494 maqister
1162 453 1189 480 a
1216 437 1494 494 qubemanda
1525 438 1668 480 schola

125 544 128 551 ,
180 535 182 537 ·
243 514 549 571 Bamberyenei
577 515 848 557 discessor-iv.
1485 512 1537 567 (E
1562 513 1665 567 220)

214 600 393 647 Sanctae
414 601 777 658 wirzeburgensis
809 603 1008 647 ecclesiae
1040 602 1223 660 praesuli
1244 602 1534 657 E(mehardo),
1567 601 1667 646 soli—

93 678 294 724 dissimae
333 681 380 724 in
418 679 542 724 domo
581 680 753 724 Domini
799 680 1037 736 columnae,
1084 679 1361 736 E(gilbertus)
1399 680 1666 737 praepositus

93 756 384 812 Afflai'beitus)
421 757 604 802 decanus
644 771 738 801 cum
777 759 974 802 universo
1011 758 1191 802 fratrum
1223 757 1420 813 collegio,
1459 771 1544 801 non
1576 757 1666 801 sine

92 834 331 892 trequentia
359 838 534 893 precum
565 849 666 879 suae
698 835 931 879 devotionis
964 835 1223 892 obsequium.

185 911 463 957 ‘sanctitatis
499 916 664 957 vestrae
711 914 872 956 monita
909 917 1028 957 tanto
1075 913 1312 968 gratantius
1358 912 1665 970 amplexamur,

95 993 250 1048 quanto
286 990 447 1048 liquido
487 991 609 1035 nobis
641 995 828 1046 constat,
871 991 921 1034 de
953 991 1116 1034 sincero
1148 990 1286 1035 cordis
1319 989 1450 1034 vestri
1482 989 1665 1034 armario

94 1067 240 1117 'cadem
279 1068 512 1126 propinari.
567 1068 790 1124 Quocirca,
829 1072 877 1112 ut
916 1072 1129 1112 taceamus
1170 1068 1222 1112 de
1251 1067 1332 1112 loci
1370 1068 1507 1111 nostri
1543 1081 1666 1124 quem

94 1135 360 1204 summopere
381 1145 595 1202 diligimus
625 1145 796 1201 honore,
829 1146 1098 1203 paternitatis
1121 1149 1285 1190 vestrae
1315 1145 1552 1189 reverentia
1582 1159 1667 1189 non

93 1222 252 1289 pigros,
282 1223 328 1268 in
359 1223 616 1281 quibuslibet
646 1224 880 1281 imperatis,
913 1237 989 1267 nos
1021 1223 1193 1267 habebit
1224 1223 1420 1267 asseclas
1457 1244 1461 1248 ·

163 1362 166 1366 ⁸
212 1301 370 1346 Verum
401 1301 501 1359 quia
530 1305 672 1345 vestra
703 1301 890 1356 dignatio
924 1302 1113 1358 scripsit,
1146 1300 1290 1344 multis
1324 1301 1478 1355 videri,
1510 1300 1667 1343 iniusta

94 1373 312 1424 occasione
353 1379 506 1423 domno
548 1378 708 1433 P(etro)
755 1378 1015 1435 praebendas
1066 1393 1091 1422 a
1129 1378 1250 1422 nobis
1294 1378 1424 1421 fuisse
1463 1377 1665 1433 sublatas,

93 1455 197 1501 fides
235 1454 278 1501 e't
314 1455 525 1501 estimatio
564 1457 687 1500 huius
727 1457 790 1500 rei
829 1457 1055 1514 praecipue
1093 1457 1150 1499 sit
1188 1455 1299 1512 apud
1333 1455 1424 1511 eos,
1465 1455 1536 1510 qui
1574 1468 1665 1499 rem

94 1534 343 1598 simpliciter
373 1534 531 1591 absque
562 1547 782 1578 causarum
815 1534 1045 1578 conexione
1084 1533 1351 1577 considerare
1383 1533 1532 1577 solent.
1580 1532 1666 1575 Vos

95 1607 255 1668 autem,
295 1598 419 1669 quem
457 1612 638 1655 divinior
679 1611 844 1655 animus
883 1611 995 1655 ultra
1034 1624 1297 1654 communem
1337 1610 1556 1653 hominum
1593 1623 1666 1653 ex-

92 1688 193 1734 tulit
217 1686 563 1746 intelligentiam,
605 1689 838 1732 accuratius
870 1689 1136 1747 perpendite,
1179 1688 1329 1744 quibus
1361 1688 1498 1732 causis
1530 1687 1666 1744 inpel—

91 1764 275 1811 lentibus
314 1767 398 1812 tale
434 1766 556 1811 nobis
595 1767 759 1810 sederet
795 1749 1030 1810 consilium.
1083 1766 1177 1810 Non
1216 1766 1328 1810 enim
1360 1790 1416 1796 ——
1450 1768 1497 1808 ut
1536 1765 1667 1821 aliqui

91 1844 285 1901 fortasse,
315 1845 460 1889 fratris
490 1845 674 1888 eiusdem
699 1844 962 1888 sermonibus
986 1843 1130 1899 illecti,
1164 1844 1423 1887 arbitrantur
1444 1870 1498 1875 —
1526 1843 1666 1899 pueri-

91 1921 190 1966 liter
220 1925 263 1966 et
292 1923 473 1980 quodam
503 1922 724 1980 repentino
756 1922 888 1965 animi
919 1921 1104 1978 impulsu
1134 1921 1386 1978 praebendis
1407 1921 1547 1978 ipsum
1578 1920 1666 1977 pri-

93 1998 284 2044 vavimus
323 2000 397 2044 sed
444 2000 753 2057 suspendimus.
807 1998 936 2043 Cuius
983 1999 1189 2043 rationem
1240 1998 1455 2055 suspendii
1502 2000 1666 2042 vestrae

94 2077 346 2134 audientiae,
378 2078 416 2121 si
446 2081 580 2133 vacat,
613 2077 798 2122 breviter
830 2090 1099 2133 exponemus.

213 2154 320 2199 Cum
352 2155 530 2199 eundem
560 2155 750 2209 fratrem,
781 2155 896 2197 fama
927 2154 1127 2198 scientiae
1157 2154 1290 2211 ipsius
1321 2153 1504 2208 adducti,
1534 2166 1666 2196 unum

93 2246 147 2278 ex
185 2233 307 2277 nobis
344 2233 590 2277 fecissemus
633 2235 674 2275 et
713 2232 920 2275 scolarum
964 2231 1099 2274 officio
1138 2232 1504 2286 subrogassemuS,
1553 2230 1666 2286 cepit

92 2311 138 2354 in
176 2310 271 2368 ipso
311 2310 708 2354 amministracionis
750 2323 850 2353 suae
896 2309 1068 2352 exordio
1116 2308 1368 2364 quibusdam
1407 2306 1664 2350 novitatibus

91 2386 378 2432 indesinenter
410 2388 538 2431 abuti.
587 2387 701 2438 Quae
731 2387 830 2431 licet
858 2386 1114 2430 alienissime
1134 2389 1304 2428 nostrae
1326 2384 1570 2428 viderentur
1599 2384 1664 2428 in-

93 2465 316 2521 stitutioni,
347 2469 491 2509 tamen
514 2489 568 2495 —
592 2465 702 2520 quod
734 2464 904 2508 tandem
938 2463 1090 2517 evenit,
1124 2477 1176 2507 ne
1199 2462 1419 2518 accideret,
1451 2461 1574 2505 veriti
1606 2486 1660 2491 -

94 2557 192 2600 sepe
214 2543 265 2586 de
288 2542 543 2599 quibuslibet
572 2542 757 2586 fraterne
779 2543 1000 2596 monitum,
1034 2540 1108 2584 sed
1131 2553 1213 2582 non
1238 2539 1520 2594 emendatum,
1551 2539 1662 2583 ultro

93 2620 281 2676 citroque
312 2620 666 2677 subportavimus.
721 2619 907 2663 Tandem
949 2619 1158 2661 nescimus
1199 2630 1282 2673 qua
1318 2618 1663 2674 praesumptione

93 2698 268 2755 spiritus
307 2711 356 2741 eo
394 2697 619 2753 processit,
659 2701 706 2740 ut
743 2696 944 2754 praelatis
983 2695 1070 2738 suis
1109 2694 1268 2737 nullam
1309 2694 1507 2738 exhibere
1539 2693 1664 2738 vellet

44 2772 48 2775 ’
95 2774 396 2828 obedientiam3
430 2775 503 2818 sed
535 2788 609 2818 suo
643 2774 864 2829 arbitratu,
898 2772 1095 2829 quicquid
1128 2775 1219 2816 erat
1248 2772 1429 2827 libitum,
1463 2771 1544 2815 sibi
1564 2771 1664 2815 fecit

93 2852 269 2896 licitum.
324 2852 443 2904 Quod
480 2852 717 2895 inauditum
756 2850 1006 2895 insolentiae
1043 2863 1174 2905 genus
1198 2873 1253 2879 -—
1284 2848 1420 2905 quodb
1452 2862 1535 2892 non
1574 2851 1660 2892 tam

95 2929 176 2974 sibi
208 2943 333 2986 quam
364 2930 514 2973 ceteris
545 2929 825 2973 confratribus
856 2928 1012 2971 nostris
1044 2927 1326 2984 perniciosum
1359 2930 1462 2982 erat,
1498 2926 1567 2982 qui
1599 2926 1662 2969 fa-

189 3021 216 3043 a.
248 3022 287 3044 cx
305 3013 333 3043 V
350 3013 524 3049 94—94v,
549 3012 577 3042 Ζ
591 3022 623 3052 ρ.
641 3012 842 3043 200—201.
990 3011 1019 3040 b.
1052 3010 1133 3050 quod
1155 3008 1271 3040 addidi.

1690 618 1723 644 c.
1742 609 1880 644 1101—

1741 656 1834 691 1102
