2028 3438
253 406 345 442 1094

226 456 323 495 (Febr.
339 456 369 495 6)

231 1942 370 1977 1091—

242 1990 331 2024 1096
341 1989 360 2024 ‘?

397 277 481 319 166
880 286 1098 317 UDALRIOI
1129 285 1298 317 connx.
1321 287 1323 289 ’
1347 283 1404 317 83.
1422 283 1469 316 84

512 394 631 437 Illum
671 393 895 448 nimirum,
938 392 1010 448 qui
1049 406 1093 435 se
1130 392 1176 435 in
1214 394 1398 435 vestram
1439 390 1659 435 ecclesiam
1693 394 1790 448 post
1808 416 1814 435 ς,
1826 390 1950 437 huius

394 471 588 516 catholici
617 470 800 528 pastoris
833 469 1077 513 electionem
1108 472 1454 526 praesumptuose
1485 482 1534 512 ac
1569 467 1950 513 inreverentsrrim

394 549 537 604 gessit,
570 562 646 592 nos
669 561 762 592 eum
785 561 861 604 pro
883 559 1088 603 personae
1113 546 1341 590 inutilitate
1361 549 1451 589 tum
1470 559 1547 603 pro
1570 533 1950 591 vestraaeoel'esiae

393 626 642 670 necessitate
681 625 732 668 ab
771 624 1043 681 usurpatione
1081 623 1269 667 indebita
1305 637 1381 680 per
1418 623 1651 680 praesentis
1669 622 1951 679 zfleeretifpaff

394 703 536 759 ginam
576 701 768 746 omnibus
807 701 943 744 modis
983 703 1315 756 sequestramus;
1356 703 1398 743 et
1437 713 1602 754 omnes,
1641 699 1713 756 qui
1744 699 1783 744 ei
1811 711 1951 745 sacra-

394 783 535 824 mento
567 765 728 823 astricti
758 781 868 833 sunt,
902 780 1127 833 quantum³
1160 777 1212 820 ad
1244 778 1506 835 episcopatus
1534 777 1748 832 honorem,
1772 776 1951 822 'abicias

393 856 593 901 fidelitate
625 855 890 900 absolvimus.
1815 867 1818 869 “

515 933 638 977 Hunc
677 947 798 989 ergo,
833 932 973 975 dilecti
1004 933 1046 976 in
1080 932 1246 976 Christo
1277 931 1374 987 filii,
1410 932 1611 987 tanquam
1642 929 1834 985 angelum
1865 929 1952 974 Do—

396 1011 501 1054 mini
539 1014 581 1055 et
618 1003 845 1054 catholicae
883 1008 981 1052 fidei
1019 1010 1203 1065 legatum
1245 1009 1450 1065 excipite3
1494 1008 1591 1052 huic
1633 1010 1720 1052 tam
1764 1007 1811 1051 in
1844 1006 1952 1067 divi-

396 1102 543 1132 norum
578 1101 703 1144 quam
728 1087 772 1129 in
795 1086 1042 1130 secularium
1064 1087 1331 1142 negociorum
1353 1085 1537 1129 consiliis
1559 1085 1735 1128 obedite.
1813 1082 1951 1139 Sane,

396 1166 494 1221 quia
531 1165 828 1208 catholicorum
866 1164 911 1206 in
948 1164 1100 1208 vestris
1139 1164 1329 1226 partibus
1370 1163 1658 1219 episcoporum
1697 1174 1852 1216 magna
1889 1164 1954 1206 est

395 1243 567 1298 raritas,
613 1242 648 1285 si
689 1242 789 1297 quid
827 1241 953 1284 etiam
993 1242 1037 1283 in
1077 1241 1224 1284 alienis
1263 1240 1494 1298 parrochiis
1540 1254 1592 1284 ex
1629 1238 1953 1298 habundantiori

397 1319 651 1376 apostolicae
683 1319 842 1373 gratiae
873 1322 915 1362 et
935 1321 1104 1362 nostrae
1126 1318 1385 1362 auctoritatis
1406 1317 1665 1374 plenitudine
1686 1315 1950 1374 disposuerit,
2004 1370 2011 1376 ·

394 1400 534 1440 ratum
563 1396 934 1451 inconvulsumque
962 1399 1218 1452 permaneat.
1327 1395 1601 1452 Omnipotens
1622 1394 1828 1439 Dominus
1853 1407 1952 1451 apo-

396 1473 599 1517 stolorum
630 1487 799 1516 suorum
830 1473 991 1516 meritis
1023 1486 1096 1516 vos
1129 1487 1154 1516 a
1184 1473 1366 1530 peccatis
1400 1473 1590 1517 absolvat
1620 1476 1662 1516 et
1693 1475 1860 1517 eternae
1890 1471 1952 1516 vi-

395 1554 464 1594 tae
495 1553 708 1594 consortes
740 1549 903 1594 efficiat.

398 1691 480 1737 84.
516 1691 566 1736 G.
591 1693 718 1736 abbas
739 1693 804 1734 vel
825 1693 1094 1749 praepositus
1115 1692 1315 1735 Heinrico
1339 1693 1412 1735 IV
1435 1694 1683 1749 imperatori
1709 1707 1751 1735 se
1770 1701 1950 1746 excusat,

516 1771 629 1826 quod
657 1754 858 1812 manddt‘a
890 1784 975 1811 non
1007 1769 1193 1825 effecerit.
1241 1769 1310 1812 De
1339 1771 1509 1813 iniuriis
1539 1772 1788 1813 monasterio
1820 1770 1951 1813 illatis

516 1849 714 1903 queritur.
763 1846 1061 1903 Imperatorem
1090 1848 1227 1889 redire
1259 1846 1408 1904 cupitb.
1773 1846 1826 1899 (E
1850 1846 1951 1900 184)

513 1934 790 1978 Invictissimo
835 1934 1117 1978 Romanorum
1162 1935 1344 1992 principi
1391 1935 1609 1979 Heinrico⁰
1655 1935 1788 1979 tocius
1834 1935 1954 1991 regni

395 2012 679 2056 monarchiam
701 2015 898 2055 strennue
929 2011 1179 2066 gubernanti
1200 2012 1263 2068 G„
1295 2012 1376 2055 Dei
1407 2013 1552 2068 suique
1582 2012 1717 2067 gratia
1746 2012 1815 2056 id‘¹
1842 2012 1952 2068 quod

396 2093 480 2146 est,
522 2103 615 2133 cum
656 2090 848 2132 contione
881 2089 961 2132 sibi
992 2090 1236 2145 commissa,
1276 2089 1441 2134 Christo
1478 2089 1555 2133 sub
1591 2089 1781 2147 principe
1812 2090 1953 2146 quieta

395 2181 497 2224 pace
529 2167 778 2223 quandoque
809 2166 1081 2222 triumphare.

513 2244 716 2296 Quoniam
772 2246 936 2286 vestrae
985 2243 1205 2298 legationis
1252 2243 1474 2300 imperium
1527 2243 1700 2287 minime
1751 2242 1952 2301 adimple-

396 2322 554 2365 vimus⁶
586 2321 724 2378 operis
755 2335 831 2377 per
853 2319 1059 2376 effectum,
1093 2321 1137 2362 in
1170 2323 1371 2375 quantum
1404 2321 1520 2364 salva
1539 2321 1668 2365 vestri
1696 2321 1831 2376 gratia
1852 2321 1951 2364 lice-

396 2398 478 2453 bit,
516 2412 592 2441 nos
632 2398 821 2454 cupimus
862 2397 1103 2441 excusatos‘
1139 2397 1214 2451 iri3
1261 2398 1523 2441 maiestatem
1558 2401 1740 2442 vestram
1779 2412 1951 2455 praeve-

396 2475 558 2518 nientes
589 2475 737 2517 humili
772 2478 966 2532 precatu,
1006 2481 1083 2518 neg
1113 2474 1248 2517 malae
1278 2474 1505 2519 voluntatis
1536 2476 1790 2519 asscribatur
1819 2474 1951 2530 negli-

397 2552 600 2606 gentiaeh,
632 2552 983 2608 impossibilitatis
1015 2551 1125 2607 quod
1155 2551 1387 2608 impediviti
1419 2552 1573 2608 inopia.

515 2628 623 2671 Nam
653 2629 946 2683 ingravescens
979 2629 1210 2686 praesentis
1243 2629 1364 2672 etatis
1396 2632 1637 2685 tempestas,
1669 2629 1802 2672 tocius
1832 2629 1951 2684 regni

399 2718 504 2759 quae
535 2706 756 2748 conturbat
786 2709 926 2762 partes
959 2709 1001 2749 et
1030 2705 1209 2760 incolas,
1247 2708 1364 2748 tanto
1396 2706 1578 2759 graviori
1615 2706 1843 2749 infortunio
1873 2719 1949 2749 nos

399 2781 619 2837 perturbat
650 2795 697 2825 ac
725 2783 835 2837 ferit,
870 2786 1023 2838 quanto
1054 2783 1192 2825 minus
1226 2783 1400 2838 quisque
1422 2782 1604 2826 dictante
1634 2783 1800 2827 iusticia
1829 2782 1949 2826 nobis

491 2932 518 2952 a.
552 2923 679 2961 quantus
694 2923 724 2952 V.
809 2924 838 2953 b.
869 2933 907 2954 ex
926 2924 954 2954 V
971 2925 1022 2960 85,
1046 2924 1199 2963 Zp,178,
1222 2922 1248 2954 G
1263 2924 1459 2954 48v—49v.
1543 2933 1568 2954 c.
1594 2924 1631 2953 H.
1646 2924 1703 2954 VZ.
1786 2923 1815 2953 d.
1843 2932 1899 2953 om.
1914 2922 1949 2953 G.

400 2984 426 3005 e.
457 2984 519 3005 non
540 2975 729 3013 implevimus
748 2976 806 3006 VZ.
935 2977 957 3007 f.
991 2978 1145 3007 excusatas
1174 2976 1208 3006 G.
1339 2985 1366 3013 g.
1398 2986 1457 3006 neu
1485 2976 1519 3006 G.
1643 2976 1673 3005 h.
1705 2976 1887 3014 negligentia
1914 2974 1949 3006 G.

399 3028 418 3058 i.
450 3028 617 3066 impediunt
635 3029 664 3058 V.
