2028 3438
122 927 127 932 -
183 911 253 947 post
262 909 348 939 Mart.
356 910 394 940 25

412 276 497 319 722
763 289 1001 320 ammonui
1031 289 1272 321 marmotis.
1320 290 1406 320 mn.
1429 291 1446 320 1
1475 288 1615 322 21-23

410 393 649 450 prediorum
688 398 828 451 preter
859 409 928 450 ea,
962 409 1041 451 que
1073 409 1098 438 a
1127 395 1361 438 fundatoris
1400 395 1652 439 liberalitate
1689 395 1868 452 pridem¹
1891 395 1965 439 ha-

410 470 578 527 buerat,
625 485 702 515 sua
739 472 995 527 benignitate
1032 473 1123 528 ipse
1163 472 1517 528 superaddiderit,
1563 471 1690 516 latior
1734 473 1776 516 et
1811 471 1965 516 lautior

408 547 554 602 mult0,
587 562 711 604 quam
742 550 834 604 fuit,
867 550 986 592 testis
1018 552 1082 592 est
1113 562 1257 592 mensa
1293 549 1602 592 canonicorum.

528 626 596 668 22.
645 626 800 669 Nostra
829 640 992 681 quoque
1023 626 1156 668 sancti
1177 626 1420 669 Michahelis
1453 626 1627 670 ecclesia
1649 625 1748 682 quid
1777 625 1964 681 illi‘gra-

408 702 567 745 ciarum
594 703 815 752 ,actionum
853 703 996 746 debet!
1126 703 1232 746 Nam
1271 703 1345 746 illa
1384 706 1595 746 structura
1629 706 1882 765 vetuscum
1909 702 1965 746 in

408 777 589 835 cyborii¹
620 780 841 836 emisperio
873 780 1022 822 rimam
1055 780 1227 823 haberet
1256 781 1522 836 intrinsecus,
1559 794 1612 823 ne
1642 780 1749 823 forte
1779 778 1965 836 collapsa

245 861 335 896 1117
408 856 633 899 monachos
665 859 913 913 percuteret,
948 857 1064 912 quasi
1099 857 1149 900 de
1176 857 1391 900 occasione
1423 858 1604 912 gavisus,
1636 854 1874 901 destructo²
1893 869 1964 900 ve-

407 933 501 988 teri,
534 936 676 976 sancto
707 933 929 976 Michaheli
962 934 1132 976 maioris
1163 934 1320 978 fabrice
1352 934 1650 977 monasterium
1682 946 1846 977 novum·
1866 946 1963 977 con-

409 1010 582 1063 struxit3
629 1011 850 1066 ipsamque
888 1024 976 1053 rem
1014 1011 1191 1053 fratrum
1231 1011 1400 1054 talentis
1438 1011 1532 1068 plus
1571 1024 1695 1066 quam
1736 1008 1965 1066 nonaginta

407 1086 646 1129 reddituum
685 1101 761 1143 per
793 1087 977 1142 singulos
1019 1101 1149 1130 annos
1190 1088 1430 1131 cumulavit.
1485 1087 1617 1130 Multa
1648 1096 1811 1144 quoque
1842 1101 1963 1131 orna-

408 1166 549 1205 menta
592 1163 727 1207 eidem
766 1165 856 1208 loco
889 1164 1084 1218 contulit3
1127 1165 1225 1220 quia
1255 1165 1365 1208 hunc
1402 1164 1645 1208 fidelissimo
1684 1178 1826 1208 amore
1855 1166 1963 1208 tam-

408 1253 531 1295 quam
563 1240 699 1283 locum
731 1241 1001 1296 requietionis
1025 1256 1097 1285 sue
1119 1256 1284 1299 semper
1313 1242 1469 1285 amavit
1497 1242 1718 1298 ipsumque
1737 1241 1963 1285 venerandi

407 1317 593 1372 corporis
626 1318 691 1360 sui
722 1318 844 1372 gleba
875 1319 1048 1361 dotavit.
1189 1319 1324 1362 Multa
1353 1319 1421 1362 hic
1452 1319 1588 1362 studio
1619 1318 1836 1362 brevitatis
1867 1326 1963 1375 pre-

407 1397 534 1448 tereo,
569 1408 647 1449 que
678 1395 774 1437 huic
805 1399 846 1438 et
877 1395 970 1438 aliis
1002 1396 1186 1439 cenobiis
1219 1401 1259 1439 et
1280 1396 1464 1439 ecclesiis
1498 1396 1583 1439 suis
1616 1395 1668 1439 ab
1698 1395 1790 1452 ipso
1811 1395 1963 1439 collata

407 1474 504 1513 sunt
533 1471 578 1513 in
609 1471 748 1527 palliis
781 1472 899 1515 stolis
931 1476 972 1515 et
1003 1473 1168 1528 casulis,
1201 1473 1246 1515 in
1277 1473 1475 1516 calicibus
1509 1473 1645 1516 aureis
1676 1475 1719 1516 et
1740 1473 1961 1528 argenteis,

406 1548 449 1590 in
482 1548 686 1603 crucibus,
719 1549 762 1591 in
795 1550 945 1605 capsis,
978 1550 1022 1592 in
1053 1551 1201 1604 urceis,
1234 1550 1278 1592 in
1301 1550 1496 1607 ampullis
1518 1550 1654 1592 aureis
1677 1552 1719 1593 et
1739 1550 1960 1605 argenteis,

407 1625 449 1666 in
486 1625 709 1668 thuribulis
748 1629 790 1668 et
829 1627 1002 1681 acerris,
1050 1627 1094 1669 in
1132 1627 1392 1670 candelabris
1439 1629 1481 1668 et
1521 1626 1648 1669 variis
1695 1626 1961 1670 ecclesiarum

406 1701 675 1756 utensilibus⁷
714 1703 757 1744 in
789 1703 960 1745 cortinis
993 1703 1123 1746 auleis
1161 1707 1202 1746 et
1231 1703 1463 1759 tapetibus,
1503 1703 1547 1744 in
1586 1702 1704 1746 libris
1744 1704 1961 1760 utriusque

405 1779 646 1821 testamenti
677 1782 718 1821 et
749 1780 876 1821 variis
908 1780 1138 1835 codicibus,
1173 1793 1348 1835 quorum
1380 1779 1562 1822 omnium
1597 1783 1683 1823 tam
1716 1780 1862 1835 ingens
1894 1793 1961 1824 co-

406 1855 477 1910 pia
509 1860 584 1910 est,
615 1859 662 1898 ut
691 1869 889 1898 numerus
922 1856 1272 1900 existimationem
1306 1856 1496 1899 videatur
1528 1856 1739 1901 excedere.
1787 1857 1960 1901 Mirum-

409 1944 486 1986 que
519 1935 594 1986 est,
629 1932 679 1975 ab
711 1946 793 1975 uno
826 1933 1020 1989 episcopo
1051 1937 1114 1976 tot
1144 1934 1245 1976 locis
1278 1937 1396 1976 tanta
1426 1934 1612 1989 potuisse
1633 1934 1824 1977 conferri.
1879 1933 1960 1978 Sed

405 2008 481 2051 hec
512 2009 653 2051 omnia
683 2009 734 2052 de
763 2010 877 2053 fonte
908 2010 969 2052 rei
1000 2011 1219 2053 familiaris
1251 2010 1460 2065 hauriens,
1497 2010 1587 2053 Deo
1618 2011 1960 2055 subministrante

406 2085 719 2140 abundantiam,
752 2087 889 2142 ipsum
921 2101 1005 2129 non
1036 2087 1239 2130 exhausit.
1287 2087 1404 2142 Quia,
1436 2087 1544 2130 sicut
1578 2087 1701 2131 fateri
1732 2089 1959 2143 consuevit,

407 2165 561 2217 quanto
592 2163 725 2216 magis
757 2163 799 2205 in
832 2177 960 2223 opera
981 2164 1060 2207 Dei
1092 2164 1302 2219 erogabat,
1334 2168 1451 2207 tanto
1471 2164 1606 2218 magis
1629 2165 1740 2220 quod
1771 2168 1961 2220 erogaret

406 2238 596 2281 habebat.
659 2240 766 2282 Nam
812 2239 910 2283 licet
951 2244 1062 2284 totus
1101 2242 1142 2283 in
1174 2241 1262 2284 Deo
1300 2241 1427 2284 fuerit
1466 2244 1508 2283 et
1539 2241 1678 2284 omnia
1713 2255 1790 2285 sua
1819 2242 1862 2284 in
1893 2254 1959 2286 ce-

406 2315 532 2358 lestes
563 2316 780 2359 thesauros
812 2318 1055 2372 premittere
1085 2315 1338 2373 festinaret³,
1375 2319 1465 2373 ipse
1496 2320 1651 2372 tamen,
1685 2322 1829 2375 utpote
1859 2332 1958 2375 pru-

408 2392 508 2435 dens
548 2396 590 2436 et
634 2395 802 2448 potens,
849 2394 938 2436 Deo
978 2408 1057 2449 que
1089 2394 1168 2437 Dei
1207 2398 1326 2437 erant
1364 2395 1546 2438 reddidit
1584 2399 1626 2439 et
1663 2396 1816 2438 mundo
1849 2395 1959 2451 quod

407 2483 525 2511 suum
560 2473 650 2512 erat
678 2484 761 2512 non
794 2468 995 2525 negavit⁴.

526 2547 594 2588 23.
646 2546 827 2601 Regibus
867 2548 1021 2603 quippe
1060 2548 1186 2590 seculi
1226 2561 1350 2603 super
1389 2561 1531 2591 omnes
1578 2550 1697 2603 regni
1742 2547 1957 2605 pontifices

406 2622 630 2665 honorifice
661 2637 709 2666 ac
737 2623 915 2667 fideliter
945 2624 1059 2666 domi
1087 2625 1270 2679 forisque
1302 2624 1483 2667 servivit.
1530 2624 1773 2681 Principum
1795 2638 1958 2680 quoque

408 2698 487 2740 sibi
517 2699 823 2744 familiaritates
855 2705 896 2744 et
927 2701 1133 2744 amicitias
1163 2701 1333 2743 intimas
1365 2701 1620 2755 conciliavit3
1671 2701 1956 2744 ministeriali-

407 2774 483 2816 bus
523 2778 563 2817 et
603 2776 779 2819 feodatis
818 2778 987 2820 ecclesie
1026 2791 1098 2821 sue
1138 2778 1308 2834 propria
1345 2777 1437 2819 iura
1481 2781 1522 2820 et
1553 2777 1752 2822 honorem
1782 2779 1956 2822 inteme—

407 2854 544 2893 ratum
576 2853 854 2907 conservavit3
894 2853 1098 2896 familiam
1129 2854 1306 2909 denique
1344 2856 1386 2896 et
1421 2854 1561 2896 omnia
1602 2854 1682 2897 sibi
1714 2854 1956 2898 adherentia

503 2955 534 2990 1.
559 2957 893 2992 concamerationis.
1048 2959 1081 2992 2.
1113 2961 1197 3003 post
1228 2958 1273 2993 25
1296 2958 1400 2992 Mart.
1420 2958 1521 2993 1117.
1559 2958 1605 2994 V.
1630 2957 1709 2994 Eho
1734 2959 1750 2993 I
1775 2959 1819 2994 21
1845 2968 1956 3004 supra

407 3024 441 3058 p.
461 3014 540 3048 612.
684 3015 717 3050 3.
744 3013 797 3050 Cf.
821 3016 909 3051 Luc.
932 3017 984 3060 12,
1010 3017 1066 3051 33.
1209 3017 1242 3051 4.
1270 3015 1323 3051 Of.
1348 3015 1473 3051 Matth.
1492 3017 1549 3061 22,
1576 3017 1632 3052 21.
