2028 3438
403 275 487 319 786
759 288 997 320 HERBORDI
1026 288 1266 320 DIALOGUS.
1314 289 1400 319 Lm.
1423 289 1458 318 11
1488 286 1544 322 38.
1562 286 1607 320 39

283 402 376 438 1125
399 394 548 437 messis
580 393 713 437 multa
743 397 846 449 erat,
879 395 931 438 ad
957 394 1157 438 ulteriora
1185 393 1488 437 festinavimus,
1590 393 1784 437 Transito
1803 395 1953 437 ‘autem

400 470 583 526 flumine,
606 471 737 526 quod⁸
753 471 983 515 Clodonam
1004 471 1312 527 preterlabitur,
1330 471 1541 514 civitatem
1564 469 1773 527 quandam
1793 470 1954 515 inveni-

401 561 516 602 mus,
550 561 745 603 magnam
778 549 944 604 quidem
978 548 1137 591 ambitu
1168 551 1210 591 et
1241 548 1494 604 spaciosam,
1533 547 1606 591 sed
1635 560 1754 591 raros
1784 546 1952 591 incolas.

385 624 509 675 ¹Nam
540 625 650 667 ferro
683 629 725 668 et
754 626 945 668 incendio
978 639 1021 667 se
1050 628 1269 679 vastatam,
1302 625 1565 668 adustionum
1599 615 1730 679 signis
1759 627 1804 668 et
1831 624 1954 668 cada-

403 715 548 744 verum
581 703 739 745 acervis
771 702 1055 758 spectantibus
1086 701 1309 745 indicabat.
1358 702 1443 758 Ipsi
1475 705 1612 745 autem
1638 701 1954 757 incoletenues,

403 777 570 821 illorum
610 792 653 822 se
683 779 813 821 fuisse
845 778 1082 833 clientulos,
1127 779 1196 833 qui
1228 792 1254 821 a
1284 778 1387 822 duce
1417 778 1587 823 Polonie
1625 778 1712 822 illio
1748 778 1956 822 interfecti

402 858 522 898 erant
553 858 596 898 et
625 856 839 911 captivati,
874 855 1127 910 asserebant,
1161 859 1203 898 et
1231 869 1255 898 a
1275 856 1382 899 facie
1411 855 1540 910 gladii
1571 855 1753 899 salvatos
1782 867 1829 899 se
1857 854 1955 910 fuge

401 932 596 988 presidio.
643 931 849 975 Fecerant
880 936 1018 975 autem
1050 945 1102 975 ex
1123 933 1251 975 ramis
1284 936 1325 975 et
1345 932 1536 987 virgultis
1567 933 1679 976 circa
1707 932 1851 993 ruinas
1880 944 1955 988 pa.-

400 1009 552 1051 rietum
583 1009 751 1063 tuguria
782 1013 823 1052 et
843 1009 1099 1064 umbracula,
1131 1010 1280 1065 quibus
1311 1009 1571 1064 tegebantur,
1603 1011 1957 1071 quousquetecta

400 1085 575 1128 meliora
612 1086 908 1129 instaurarent.
971 1086 1057 1129 Hos
1106 1089 1224 1142 pater
1261 1087 1444 1142 optimus
1481 1087 1618 1130 verbis
1657 1085 1878 1130 consolans
1915 1089 1958 1129 et

401 1162 509 1218 stipe
540 1162 745 1217 relevans,
778 1163 1074 1217 benignissime
1102 1163 1303 1218 instruxit
1324 1167 1365 1206 et
1385 1163 1629 1220 baptizavit.
1677 1162 1800 1206 Multi
1827 1162 1955 1207 etiam

401 1239 452 1282 de
473 1239 620 1282 viculis
642 1239 947 1296 circumpositis
976 1239 1153 1283 ruricole
1181 1239 1268 1284 illic
1295 1239 1548 1284 confluentes
1579 1240 1677 1284 fidei
1707 1238 1954 1297 percepere*

402 1320 675 1360 sacramenta.

521 1395 590 1436 39.
638 1393 738 1436 Inde
770 1392 1044 1448 Colobregam
1082 1395 1370 1449 pervenimus,
1411 1408 1490 1450 que
1528 1408 1654 1450 super
1691 1394 1791 1438 litus
1826 1393 1955 1437 maris

404 1470 485 1513 sita
516 1474 590 1513 est.
641 1470 723 1513 Sed
762 1471 859 1525 quia
889 1470 999 1514 cives
1030 1470 1143 1513 illius
1174 1484 1280 1526 pene
1312 1485 1455 1514 omnes
1485 1472 1724 1514 institorum
1757 1483 1873 1514 more
1904 1470 1957 1513 ad

403 1551 568 1590 exteras
607 1547 766 1590 insulas
804 1547 1051 1601 negociandi
1088 1561 1215 1591 causa
1251 1548 1572 1604 navigaverant,
1613 1548 1696 1604 illi,
1735 1548 1807 1604 qui
1843 1547 1956 1591 domi

401 1625 558 1680 reperti
589 1628 724 1679 sunt⁶,
756 1624 998 1667 absentibus
1020 1625 1105 1667 suis
1127 1625 1364 1668 concivibus
1395 1625 1525 1668 nichil
1548 1639 1593 1669 se
1618 1625 1716 1669 novi
1740 1638 1956 1680 aggressu-

402 1714 472 1742 ros
511 1701 724 1754 dicebant3
766 1705 891 1756 atque
932 1701 1008 1744 sub
1046 1701 1119 1744 tali
1159 1702 1374 1745 occasione
1415 1701 1673 1757 aliquamdiu
1710 1702 1957 1746 restiterunt

404 1777 632 1832 euangelio.
681 1777 865 1820 Tandem
900 1778 1259 1821 exhortationibus
1291 1779 1446 1822 crebris
1478 1779 1529 1822 ab
1552 1779 1746 1835 episcopo
1768 1771 1955 1835 superati

404 1857 513 1896 sunt.
642 1850 907 1897 Confirmatis
947 1868 1043 1909 ergo
1084 1855 1143 1897 eis
1175 1855 1218 1897 in
1249 1854 1329 1898 fide
1361 1859 1502 1899 sancte
1533 1856 1751 1899 Trinitatis
1782 1859 1825 1899 et
1853 1855 1956 1912 bap-

403 1931 528 1973 tismo
559 1932 829 1986 regeneratis,
863 1935 904 1975 et
933 1932 1104 1974 fundato
1138 1932 1260 1974 altari
1281 1935 1322 1975 et
1343 1933 1592 1987 sanctuario,
1625 1933 1855 1988 ceterisque
1877 1945 1957 1988 que

403 2007 591 2050 nascenti
623 2008 794 2051 ecclesie
832 2009 952 2051 utilia
988 2008 1263 2052 credebantur
1295 2010 1439 2052 ordine
1478 2010 1680 2065 peractis,
1720 2009 1803 2053 diei
1833 2009 1956 2052 unius

402 2085 553 2127 itinere
584 2085 808 2128 distantem
836 2099 860 2128 a
881 2085 1111 2140 Colobrega
1130 2084 1402 2140 Belgradam¹
1432 2090 1592 2143 petens,
1625 2086 1752 2130 simili
1783 2099 1955 2144 operum

406 2160 553 2204 effectu
583 2161 670 2204 illic
699 2161 921 2205 letificatus
954 2166 1028 2217 est,
1062 2163 1253 2206 omnibus
1285 2176 1329 2206 se
1350 2163 1530 2206 Domino
1563 2166 1711 2220 sponte
1743 2163 1956 2220 applican-

404 2238 528 2281 tibus.
658 2239 776 2289 Quod
814 2239 885 2282 ubi
919 2240 1075 2282 factum
1109 2243 1219 2294 erat,
1260 2240 1395 2282 visum
1428 2243 1492 2283 est
1523 2240 1561 2283 ei
1592 2240 1744 2283 bonum
1778 2253 1870 2284 esse
1899 2263 1954 2271 -—

406 2315 570 2358 omissis
603 2319 780 2371 quatuor
809 2330 887 2371 que
918 2320 1166 2372 supererant
1195 2316 1432 2359 civitatibus
1463 2329 1556 2360 cum
1587 2317 1709 2373 pagis
1740 2317 1886 2360 viculis
1916 2320 1959 2360 et

405 2392 552 2434 insulis
592 2393 699 2447 suis,
739 2393 960 2435 Uznoimia
998 2393 1191 2436 videlicet
1230 2391 1478 2447 Hologosta²
1516 2391 1775 2448 Cozgougia³
1814 2396 1856 2437 et
1886 2394 1956 2436 Ti-

405 2467 560 2522 mina⁴;
594 2471 692 2524 quia
722 2473 887 2526 tempus
920 2483 1013 2512 eum
1044 2470 1285 2524 revocabat3
1319 2470 1480 2526 hiemps
1513 2470 1667 2526 quippe
1698 2473 1789 2514 erat
1819 2494 1874 2500 —
1897 2470 1955 2526 id,

407 2546 516 2600 quod
546 2546 830 2602 plantaverat,
869 2547 1037 2589 interim
1068 2547 1264 2600 irrigare3
1304 2560 1356 2589 ne
1386 2547 1514 2602 forte,
1549 2547 1762 2590 dilatando
1792 2550 1955 2591 tantum

407 2635 552 2675 agrum
567 2637 712 2670 ,suum
752 2627 793 2667 et
827 2637 908 2666 non
943 2623 1069 2666 etiam
1101 2623 1347 2678 excolendO,
1386 2624 1430 2666 in
1461 2637 1634 2667 vacuum
1668 2627 1854 2668 curreret
1884 2627 1957 2667 aut

407 2698 690 2742 cucurrisset⁵.
741 2700 847 2751 Quin
876 2701 1016 2755 etiam,
1050 2700 1085 2743 si
1116 2700 1290 2743 ulterius
1321 2700 1576 2756 procederet,
1608 2704 1705 2744 ante
1727 2701 1836 2744 diem
1866 2699 1957 2757 pal-

504 2883 529 2903 a.
564 2875 615 2912 qui
637 2875 676 2904 N.
791 2855 828 2905 b.
860 2877 1015 2915 percipere
1037 2877 1107 2914 NB,
1130 2886 1291 2915 percepere
1313 2877 1352 2907 R.
1476 2885 1501 2906 c.
1535 2878 1620 2907 erant
1640 2877 1751 2916 reperti
1773 2877 1843 2906 sunt
1863 2876 1903 2906 N.

503 2955 535 2990 1.
561 2954 729 3000 Belgard.
896 2958 929 2992 2.
956 2957 1133 3002 Wolgast.
1299 2957 1332 2993 3.
1359 2955 1548 2992 Giitzkow.
1712 2957 1747 2992 4.
1775 2955 1955 2992 Demmin.

408 3012 442 3049 5.
468 3012 584 3049 Galat.
603 3014 636 3059 2,
662 3015 695 3049 2.
