2028 3438
418 263 584 296 nnoms
613 265 720 296 vm
751 264 962 298 omonns.
1009 266 1097 297 Lm.
1120 267 1172 297 m
1206 265 1323 299 11.12
1568 256 1655 300 665

69 373 133 418 nt
168 378 278 428 pene
308 369 454 418 „lucem
485 371 572 417 diei
608 374 720 416 tetra
757 371 938 428 caligine
967 372 1174 418 obducere
1203 373 1469 429 viderentur}
1509 375 1583 420 sed
1614 379 1656 420 et
1683 387 1773 422 1127

75 447 301 496 (oeuluetet
321 447 453 495 'labia'
473 449 765 494 universorum
795 450 928 494 nimia
958 451 1278 508 importunitate
1309 456 1533 508 vexantes,
1570 466 1654 496 non

4 533 14 591 j
73 533 265 584 marsum
291 525 508 573 horrorem
547 527 848 584 aspicientibus
889 528 1148 584 ingerebant.
1211 528 1294 573 Sed
1334 543 1429 573 cum
1460 530 1655 574 violentis

0 599 9 670 ξ
74 614 286 649 manuum
312 604 655 661 percussionibus
688 605 969 662 abigerentur,
1000 606 1296 651 nichilominus
1327 610 1471 652 tamen
1492 608 1654 652 diucius

0 670 12 745 ξ
74 680 357 736 indswbann
389 681 522 726 donec
550 681 744 726 fidelibus
775 683 921 727 laudes
950 683 1032 728 Dei
1062 685 1411 741 concrepantibus
1437 686 1656 743 crucisque

71 757 285 806 uexillum
327 759 740 815 circumferentibus,
783 761 966 804 invisum
1013 764 1271 818 monstrum,
1318 763 1453 819 portis
1497 764 1655 820 apertis

0 830 13 887 ὲ
74 834 279 892 evolans,
316 839 474 881 terram
517 836 788 882 barbarorum
827 839 899 894 qui
929 828 1134 883 Riitheni¹
1165 839 1361 883 dicuntur
1391 841 1554 897 pernici
1584 855 1654 885 ve-

0 885 9 961 ?
71 912 252 959 lenitate
280 914 423 972 peciit.
545 914 666 960 Unde
695 919 942 960 cunctorum
976 917 1216 974 sapientum
1246 918 1402 962 iudicio
1434 917 1653 962 definitum

0 978 3 979 ⁷
70 994 166 1055 est,
207 1004 292 1036 non
323 990 439 1037 aliud
475 992 555 1037 hoc
593 994 779 1050 portenti
818 1007 950 1049 genus
988 994 1071 1038 nisi
1103 994 1329 1039 demonum
1361 996 1653 1053 expulsionem

81 1078 328 1126 presagum,
372 1067 590 1126 [quorum·
621 1071 819 1128 princeps
852 1075 943 1115 erat
971 1070 1248 1130 Beelzebup²,
1288 1073 1332 1116 id
1372 1077 1436 1117 est
1466 1074 1532 1118 vir
1562 1088 1654 1118 mu-

0 1170 4 1181 >
70 1145 294 1204 -scarum];
332 1147 427 1205 qui,
464 1148 684 1192 christiani
714 1149 897 1192 nominis
929 1149 1249 1194 choruscantem
1286 1165 1362 1208 per
1393 1165 1525 1196 novos
1556 1151 1653 1197 doc-

71 1227 200 1272 ,tom
224 1225 405 1281 gratiam
436 1239 522 1270 non
550 1227 754 1282 ferentes,
791 1230 945 1282 negata
975 1227 1056 1272 sibi
1087 1228 1132 1272 in
1162 1228 1228 1272 his
1259 1229 1501 1284 regionibus
1533 1244 1653 1274 man-

75 1302 226 1360 sione-‚e
244 1292 474 1360 Rsithenos,
496 1304 642 1349 adhuc
673 1305 877 1362 paganico
909 1319 1072 1349 errrore
1103 1306 1304 1362 irretitos,
1337 1307 1489 1351 adiere.

194 1381 272 1424 112.
318 1380 421 1426 Pius
462 1382 606 1438 itaque
645 1383 905 1440 predicator,
945 1383 1169 1428 destructis
1201 1384 1421 1442 ydolorum
1461 1386 1571 1430 fanis
1613 1390 1654 1431 et

71 1457 238 1515 -populo
285 1471 404 1503 sacre
442 1461 773 1515 regenerationis
811 1461 979 1504 lavacro
1024 1462 1066 1505 in
1107 1462 1246 1506 sinum
1293 1463 1442 1506 matris
1481 1463 1654 1508 ecclesie

78 1539 363 1593 congregato,
406 1550 560 1582 novam
607 1538 775 1582 Christo
821 1537 1015 1583 edificare
1050 1540 1174 1596 'cepit
1216 1539 1446 1584 basilicam.
1583 1542 1654 1585 Ad

80 1613 199 1658 cuius
230 1614 536 1661 dedicationem
569 1629 664 1660 cum
702 1616 786 1660 loci
817 1617 1004 1660 eiusdem
1045 1617 1241 1675 princeps
1273 1617 1452 1662 Mizlaus
1483 1620 1654 1664 nomine

78 1692 279 1748 venisset,
311 1693 384 1749 qui
415 1693 573 1738 dudum
604 1707 700 1738 cum
732 1694 826 1738 aliis
858 1695 1114 1751 primoribus
1145 1695 1199 1739 ad
1220 1696 1377 1740 curiale
1398 1696 1652 1753 colloquium

73 1770 126 1815 -in
154 1770 426 1829 penthecoste
447 1770 627 1815 Uznoim
658 1772 850 1816 habitum
879 1772 1148 1829 baptismatis
1176 1774 1358 1829 gratiam
1390 1779 1650 1832 perceperat,

71 1847 147 1893 -his
177 1861 274 1892 eum
304 1848 451 1893 beatus
482 1849 673 1906 pontifex
704 1850 842 1894 verbis
874 1865 950 1908 per
980 1852 1253 1909 interpretem
1292 1866 1412 1895 suum
1445 1852 1651 1897 Adalber-

79 1928 186 1982 tum,
215 1929 367 1983 postea
386 1927 644 1984 episcopum,
678 1927 884 1972 allocutus
917 1933 1002 1973 est:
1033 1931 1127 1974 Fili
1146 1932 1389 1984 „kavissima
1425 1946 1546 1988 quem
1578 1947 1651 1989 eqo

81 2002 243 2048 Clu-tuo
275 2006 445 2049 domino
474 2021 552 2062 per
574 2007 836 2063 euanyelium
863 2010 1006 2064 9enui,
1041 2009 1248 2052 dedicatio
1280 2009 1352 2051 hec
1374 2011 1554 2052 exterior
1583 2012 1651 2053 in-

80 2084 274 2127 teriorem
310 2084 375 2126 tui
411 2084 549 2126 cordis
587 2085 891 2128 dedicationem
923 2070 1126 2141 futuram
1164 2088 1384 2142 siqnificat.
1445 2086 1511 2130 Tu
1542 2090 1652 2131 enim

80 2175 123 2203 os
157 2161 358 2218 templum
386 2161 494 2214 Dei,
537 2163 611 2205 ubi
640 2161 826 2206 Christus
863 2178 942 2220 per
968 2164 1101 2218 fidem
1138 2164 1375 2207 inhabitare
1405 2162 1651 2222 diqnatur33

80 2246 119 2283 et
147 2239 188 2281 si
205 2239 374 2282 domum
395 2240 534 2282 cordis
566 2242 630 2283 tui
648 2242 709 2283 sic
732 2255 883 2283 ornare
903 2241 1097 2294 volueris,
1130 2250 1177 2284 ut
1196 2242 1305 2295 Deo,
1341 2244 1417 2299 qui
1441 2245 1652 2300 inspector

81 2317 169 2360 eius
201 2324 278 2369 est,
311 2318 475 2360 mansio
506 2318 584 2360 illa
612 2319 801 2374 placeat,
835 2334 928 2361 cum
957 2320 1116 2375 qaudio
1153 2320 1373 2376 spirituali
1401 2321 1510 2363 hanc
1541 2330 1649 2365 exte-

79 2396 235 2437 riorem
263 2409 464 2452 perayere
493 2403 638 2452 potero
661 2397 976 2440 dedicationem.
1029 2396 1121 2451 Qui,
1155 2400 1430 2454 compunctus
1450 2397 1516 2441 his
1538 2397 1650 2443 beati

80 2471 215 2529 patris
253 2475 296 2516 et
330 2471 512 2530 apostoli
542 2473 607 2516 sui
638 2473 800 2528 verbis,
838 2472 967 2517 flebili
998 2487 1099 2517 voce
1137 2474 1375 2532 respondit:
1417 2475 1534 2530 Quid
1569 2477 1673 2530 mes

75 2559 202 2608 pater
231 2559 393 2604 sancte,
436 2553 500 2593 vis
541 2566 694 2608 ayeref
723 2559 770 2594 ut
799 2552 917 2594 Deus
950 2553 1118 2594 domum
1154 2555 1335 2609 pectoris
1366 2555 1450 2596 mei
1477 2556 1650 2598 visitare

80 2629 301 2686 diynetur?
338 2628 397 2671 At
427 2627 520 2671 ille:
553 2629 648 2671 Hoc
669 2637 727 2672 est
748 2628 807 2672 ait
829 2631 942 2686 quod
961 2645 1128 2672 moneo:
1161 2640 1208 2674 ut
1227 2639 1381 2674 secreta
1403 2634 1650 2676 conscientie

80 2714 148 2750 tue
177 2708 374 2750 scruteris
407 2715 466 2759 et,
509 2708 549 2749 si
585 2708 655 2749 cui
693 2707 860 2763 aliquid
895 2722 973 2764 per
1004 2708 1245 2751 violentiam
1280 2712 1484 2766 rapuisti,
1524 2712 1649 2768 diyne

79 2786 273 2827 restituas
282 2800 297 2834 ,·
328 2785 367 2826 si
397 2798 500 2840 quos
533 2799 660 2827 causa
687 2786 866 2841 pecunie
896 2787 1134 2842 captivasti,
1152 2792 1246 2843 'pro
1278 2787 1434 2831 honore
1456 2788 1545 2831 Dei
1573 2789 1647 2831 ab-

80 2861 231 2905 solvas.
280 2860 386 2904 Tum
418 2860 509 2904 ille:
548 2862 725 2905 Nemini
760 2861 898 2917 inquit
934 2863 1175 2906 violentiam
1215 2865 1404 2916 exhibui5
1442 2867 1515 2908 sed
1546 2881 1647 2923 cap-

177 2969 205 2992 a.
237 2970 364 3000 quorum
384 2977 415 2982 —
433 2970 604 2993 muscarum
625 2961 696 2993 add.
711 2963 750 2992 E.

177 3025 209 3060 1.
235 3024 374 3061 incolae
397 3025 539 3071 Rugiae
563 3026 717 3062 insulae.
826 3027 860 3062 2.
886 3024 941 3063 Of.
959 3026 1087 3063 Matth.
1103 3028 1159 3074 12,
1177 3028 1235 3065 24.
1337 3029 1371 3064 3.
1398 3030 1421 3065 2
1438 3027 1520 3066 Cor.
1538 3029 1572 3075 6,
1590 3029 1646 3066 16.
