2028 3438
413 255 499 297 664
741 238 904 297 lisoius
936 266 1040 296 vrrA
1073 265 1280 296 o'r'roms.
1328 266 1414 296 Lm.
1437 265 1488 296 111
1517 261 1630 296 9-11

296 382 386 417 1127
414 371 559 427 Saba⁸,
599 372 784 415 diversas
822 385 1040 415 munerum
1081 372 1239 428 species
1271 370 1480 425 offerenti,
1518 369 1659 414 multo·
1685 369 1963 427 plurasdedit,

414 462 539 504 quam
569 448 620 491 ab
653 462 702 492 ea
722 451 965 491 consecutus
995 449 1145 492 fuisset
1156 446 1178 491 ¹.
1299 446 1418 491 Unde
1439 447 1566 491 etiam
1590 449 1711 503 pater
1730 445 1964 510 bicbeatus

411 525 687 569 libentissime
718 525 768 569 ab
791 525 982 567 omnibus
1005 524 1268 578 audiebatur3
1302 524 1400 579 quia
1420 523 1664 567 cernebant:
1697 537 1805 579 eum,
1823 523 1964 568 tantis

413 602 714 645 redundantem
749 601 1023 644 mundialium
1058 614 1197 643 rerum
1229 600 1382 656 copiis,
1421 613 1496 656 pro
1535 600 1623 643 sola
1654 598 1809 644 Christi
1836 599 1965 646 dilec—

412 679 538 733 tione,
571 692 655 721 non
675 678 781 721 lucri
803 677 976 720 alicuius
1007 678 1155 731 gratia,
1189 676 1370 720 officium
1399 677 1702 733 predicationis
1720 676 1963 732 arripuisse.

536 756 602 798 10.
648 755 710 797 Eo
750 754 877 808 igitur
912 757 1120 810 tempore,
1159 767 1239 808 quo
1277 754 1376 796 fana
1413 753 1489 797 hec
1527 752 1893 810 miran‘dreperis,
1921 752 1965 797 in

413 831 514 875 urbe
544 831 803 885 Chozegowa
833 830 1085 885 destruebat,
1115 830 1242 885 legati
1272 830 1536 878 honorabiles
1564 829 1816 874 marchionis
1834 828 1966 873 Adai-

414 908 535 963 berti,
573 911 728 951 statum
761 908 852 951 eius
881 907 1042 950 curiose
1072 908 1385 962 investigantes,
1424 907 1497 950 sed
1533 910 1575 950 et
1603 906 1745 951 nuncii
1774 905 1966 951 ‹ie-villis

414 985 500 1028 suis
532 974 748 1027 Mfichelnb
780 987 822 1027 et
853 983 1096 1039 Scidingen,
1136 984 1255 1027 iuxta
1285 983 1520 1027 condictum
1553 986 1759 1039 oportuna
1782 982 1836 1026 ei
1869 982 1966 1027 'sub-

413 1061 522 1104 sidia
552 1061 805 1116 deferentes,
838 1074 1126 1117 supervenere.
1174 1060 1232 1103 Et
1273 1060 1480 1115 videntes,
1519 1060 1699 1114 gratiam
1718 1059 1808 1103 -Dei
1835 1059 1966 1103 eccle·-

415 1138 602 1192 siamque
634 1137 720 1180 illic
751 1151 935 1181 crescere
967 1141 1009 1180 et
1039 1138 1285 1192 confortari,
1325 1137 1476 1192 gaudio
1516 1149 1668 1191 magno
1708 1139 1750 1181 et
1779 1135 1966 1181 consola-

413 1214 527 1257 tione
558 1215 691 1257 sancti
716 1213 898 1270 Spiritus
929 1213 1210 1271 replebantur.
1332 1214 1389 1258 Et
1417 1228 1462 1257 re
1493 1228 1593 1257 vera
1621 1213 1846 1258 iocundum
1877 1215 1967 1256 erat

414 1291 720 1347 spectaculum,
765 1304 859 1334 cum
890 1291 1115 1334 simulacra
1153 1291 1258 1335 mire
1299 1291 1599 1345 magnitudinis
1638 1294 1681 1334 et
1717 1290 1966 1347 sculptori&

415 1371 504 1411 arte
536 1368 769 1411 incredibili
802 1367 1111 1424 pulchritudine
1142 1368 1288 1423 celata,
1322 1382 1400 1423 que
1431 1368 1564 1411 multa
1593 1367 1716 1411 boum
1747 1367 1869 1424 paria
1896 1367 1967 1410 vix

414 1458 581 1488 movere
620 1447 832 1500 poterant,
875 1445 1046 1488 abscisis
1086 1445 1278 1488 manibus
1319 1449 1360 1488 et
1397 1445 1593 1502 pedibuS,
1638 1443 1808 1488 effossis
1836 1443 1967 1488 oculis

416 1535 464 1565 ac
494 1522 696 1564 truncatis
729 1521 912 1576 naribus,
945 1535 1020 1577 per
1043 1521 1312 1564 descensumd
1346 1522 1560 1565 cuiusdam
1591 1521 1731 1578 pontis
1761 1521 1850 1576 igni
1879 1534 1967 1564 cre-

415 1598 570 1641 manda
607 1598 897 1651 trahebantur3
941 1598 1172 1641 astantibus
1212 1598 1431 1655 ydolorum
1469 1598 1701 1642 fautoribus
1739 1600 1781 1641 et
1816 1610 1967 1652 magno

419 1675 597 1730 eiulatu,
636 1679 683 1718 ut
714 1675 792 1717 diis
824 1675 910 1717 suis
949 1678 1259 1718 succurreretur
1291 1688 1339 1718 ac
1368 1675 1500 1730 iniqui
1531 1675 1667 1731 patrie
1698 1674 1963 1721 subversores

416 1766 493 1808 per
530 1755 699 1808 pontem
738 1752 1098 1807 demergerentur,
1137 1751 1482 1806 acclamantibus3
1522 1751 1614 1795 aliis
1653 1764 1749 1794 vero
1788 1750 1966 1796 sanioris

416 1828 578 1872 consilii
610 1842 632 1871 e
663 1832 807 1871 contra
836 1828 1185 1884 protestantibus:
1219 1829 1329 1884 quia,
1362 1829 1395 1871 si
1425 1829 1484 1871 dii
1516 1831 1667 1883 essent,
1698 1827 1966 1884 semetipsos

416 1905 637 1949 defendere
667 1908 852 1960 possent,
886 1905 959 1948 sed
989 1919 1083 1948 cum
1114 1906 1196 1962 ipsi
1228 1909 1392 1948 taceant
1421 1918 1498 1949 nec
1528 1905 1578 1948 de
1611 1905 1700 1948 loco
1721 1905 1810 1948 *nisi
1844 1904 1967 1949 tracti

414 1985 674 2036 moveantur,
707 1982 821 2024 omni
853 1995 977 2025 sensu
1009 1995 1056 2025 ac
1088 1982 1205 2025 vitali
1237 1983 1388 2038 spiritu
1420 1983 1585 2038 penitus
1617 1994 1758 2025 carere
1788 1980 1967 2037 proben-

416 2063 496 2102 tur.
543 2058 786 2101 Sacerdotes
818 2072 914 2101 vero
946 2058 1163 2115 ydolorum
1196 2059 1442 2102 seditionem
1482 2058 1661 2102 conflare
1690 2058 1967 2102 moliebantur

418 2139 586 2191 questus
619 2135 684 2178 sui
714 2136 862 2189 gratia.
910 2135 1031 2189 Nam,
1063 2139 1110 2178 ut
1140 2135 1183 2178 in
1205 2135 1379 2178 Daniele
1400 2133 1627 2192 propheta²
1658 2135 1848 2190 legimus,
1880 2138 1966 2190 cot-

416 2213 518 2255 tidie
555 2212 713 2255 fercula
751 2215 792 2255 et
828 2211 979 2268 pocula
1010 2212 1163 2255 diversi
1200 2213 1364 2267 generis
1402 2213 1568 2268 copioso
1601 2215 1806 2268 apparatu
1833 2211 1966 2257 simu-

415 2289 541 2332 lacris
580 2288 663 2331 illis
695 2292 815 2331 vasta
845 2288 954 2331 mole
993 2289 1325 2344 prominentibus
1358 2289 1677 2342 exhibebantur3
1717 2301 1797 2343 que
1827 2288 1967 2333 omnia

418 2366 653 2409 sacerdotes
685 2378 778 2407 cum
811 2365 954 2407 amicis
986 2366 1086 2421 suis,
1124 2366 1308 2409 clanculo
1340 2366 1531 2420 ingressi,
1569 2365 1840 2408 absumebant
1871 2368 1913 2409 et
1941 2379 1966 2408 a

420 2442 499 2485 diis
532 2436 760 2485 commesta
790 2442 1041 2485 asserebant.

540 2520 606 2561 11.
657 2518 738 2562 Sed
770 2532 853 2561 non
885 2519 1204 2575 pretereundum
1237 2509 1422 2574 videtur,
1462 2518 1562 2574 quid
1599 2517 1791 2562 miraculi
1819 2518 1864 2563 in
1896 2519 1966 2562 de-

419 2595 646 2638 structione
677 2595 866 2638 fanorum
889 2596 1075 2651 ipsorum
1098 2596 1351 2652 apparuerit.
1473 2593 1617 2637 Subito
1648 2595 1771 2649 enim,
1804 2598 1966 2638 astante

420 2671 566 2728 populi
597 2671 845 2726 frequentia,
876 2672 1043 2716 insolite
1073 2672 1372 2727 magnitudinis
1403 2684 1558 2724 musce,
1591 2685 1668 2727 que
1690 2685 1902 2727 nunquam
1921 2672 1966 2715 in

419 2752 533 2791 terra
562 2748 634 2790 illa
665 2748 752 2791 vise
784 2752 900 2803 sunt,
942 2761 1091 2802 magno
1130 2749 1290 2804 impetu
1328 2762 1379 2791 ex
1410 2747 1590 2791 delubris
1623 2748 1838 2804 ydolorum
1869 2762 1967 2804 pro-

419 2828 635 2880 ruperunt,
668 2828 709 2866 et
736 2827 854 2868 tanta
874 2825 1079 2868 densitate
1100 2838 1263 2867 omnem
1285 2825 1465 2867 civitatis
1488 2825 1688 2868 ambitum
1710 2825 1965 2880 operiebant,

516 2932 542 2952 a.
566 2922 676 2952 Sabba
700 2922 730 2953 C.
833 2924 862 2953 b.
894 2918 1034 2955 Mfiohelfi
1060 2923 1090 2955 C'.
1197 2933 1223 2954 c.
1255 2923 1397 2954 scultoria
1421 2923 1482 2954 CB.
1585 2925 1615 2954 d.
1646 2925 1807 2955 decensum
1832 2923 1862 2956 0.

514 2987 546 3021 1.
573 2986 594 3021 2
617 2986 732 3021 Paral.
751 2987 783 3032 9,
810 2987 864 3022 12.
1078 2988 1111 3023 2.
1137 2987 1182 3023 V.
1200 2987 1293 3022 Dan.
1312 2987 1366 3033 14,
1393 2988 1448 3023 12.
