2028 3438
641 235 863 267 nmmum
892 235 1062 267 connx.
1110 234 1144 268 5.
1162 234 1186 267 0
1641 222 1699 267 25

125 341 307 388 induciis
330 342 493 399 vocati,
508 342 761 401 Papiensem
781 343 990 401 synodum
1012 347 1266 401 spreverunt
1293 346 1335 388 et
1356 343 1699 388 inconvenientes

125 421 352 467 causasflad
372 421 673 466 confutandam
694 421 901 478 synodum
923 434 1001 479 per
1020 421 1213 466 laicalem
1230 434 1454 479 personam
1478 421 1698 477 miserunt,

126 496 180 544 ab
200 489 433 558 episcopali
454 498 592 543 officio
606 499 939 557 suspendantur.
983 505 987 508 ”
1044 499 1355 543 Adelberonem
1374 498 1699 543 Laudunensem

125 575 385 635 episcopum,
417 577 491 633 qui
506 577 651 621 etiam
672 577 1045 634 metropolitanum
1076 591 1199 621 suum
1232 577 1513 635 apprehendit
1540 581 1583 621 et
1611 580 1699 621 tra-

124 654 246 711 didit,
268 654 333 699 -ab
354 654 587 712 episcopali
617 653 754 698 officio
786 655 1097 712 suspendimus,
1130 655 1229 711 quia
1250 655 1305 699 ad
1325 655 1533 713 synodum
1548 655 1699 699 -venire

100 758 102 760 ·
124 732 390 790 contempsit.
437 731 704 776 Auctoritate
725 733 836 776 enim
858 731 954 776 Iulii
984 746 1122 790 papae
1146 732 1226 777 hoc
1256 733 1485 777 sanctitum
1516 736 1593 788 est,
1625 733 1697 789 qui

0 798 2 811 ³
58 847 61 848 γ
125 811 253 855 etiam
291 809 572 855 occidentales
612 811 854 868 episcopos,
894 811 949 854 ad
979 811 1203 869 synodum·
1227 811 1388 855 venire
1410 814 1696 868 spernentes·,

124 888 388 946 depositione
408 901 502 933 reos
522 888 747 942 iudicavit3
777 887 875 932 illos
897 902 1011 945 vero,
1037 889 1172 946 abque
1195 889 1428 946 apostoliea
1447 889 1697 933 auctoritate

124 966 373 1024 depositos,
390 966 637 1010 innocentes
667 972 899 1011 remanere.
1005 966 1234 1011 Decretum
1267 970 1331 1011 est
1349 967 1511 1023 etiam,
1544 970 1592 1011 ut
1619 981 1697 1011 rex

123 1038 350 1101 Rbtbertus
358 1043 390 1100 ⁶,
421 1044 496 1101 qui
525 1044 879 1100 consanguineam
908 1058 1029 1088 suam
1050 1048 1199 1089 contra
1225 1045 1567 1090 interdictionem
1593 1058 1697 1103 apo-

120 1121 315 1168 stolicam
345 1122 392 1172 in
422 1122 664 1178 coniugium
692 1122 836 1179 duxit,
868 1122 923 1166 ad
954 1123 1287 1167 satisfactionem
1317 1127 1570 1168 convocetur
1601 1137 1697 1168 cum

121 1200 345 1258 episcopis,
361 1195 428 1244 his
443 1200 605 1258 nuptiis
620 1200 793 1245 incestis
809 1201 1180 1246 consentientibus.
1213 1201 1259 1246 Si
1276 1204 1417 1246 autem
1433 1202 1695 1257 rennuerint,

119 1278 399 1326 conmunione
426 1278 660 1336 priventur.
768 1278 897 1323 011111ἃ
929 1279 995 1323 his
1025 1280 1153 1324 etiam
1184 1282 1331 1325 sancta
1359 1280 1546 1338 synodus
1575 1293 1696 1324 sanc-

120 1356 250 1400 tivit}v
274 1359 324 1400 ut
360 1356 666 1414 Neapolitanus
704 1357 897 1413 invasor,
945 1357 1017 1414 qui
1056 1357 1171 1401 illius
1209 1358 1291 1402 loci
1331 1358 1696 1415 archiepiscopum

121 1434 382 1492 apprehendi
402 1435 504 1479 fecit
523 1437 566 1479 et
596 1449 641 1479 se
667 1435 713 1479 in
735 1435 913 1480 eundem
943 1435 1083 1480 locum
1106 1450 1183 1494 per
1204 1436 1493 1494 symoniacam
1513 1436 1697 1481 heresim

119 1512 320 1557 constitui
339 1512 454 1569 fecit,
474 1513 520 1557 ni
541 1513 788 1569 satisfaciat,
811 1513 1204 1559 anathematizetur.
1314 1514 1544 1559 Constituit
1568 1515 1697 1559 etiam

119 1593 268 1635 sancta
305 1591 512 1649 synodus:
551 1595 619 1648 ut,
660 1592 697 1635 si
736 1592 830 1649 quis
872 1592 1094 1650 episcopus
1136 1594 1360 1651 presbyter
1390 1593 1592 1637 diaconus
1624 1597 1698 1637 aut

119 1665 310 1725 clericus,
340 1683 455 1728 papa
484 1669 694 1715 incolume
726 1674 769 1714 et
790 1684 838 1715 00
860 1671 1112 1728 inconsulto,
1146 1676 1220 1716 aut
1243 1672 1597 1730 subscriptionem
1617 1685 1695 1729 pro

118 1746 307 1792 Romano
337 1748 587 1806 pontificatu
608 1748 875 1793 commodare
908 1752 981 1794 aut
1010 1750 1161 1807 pitatio
1183 1751 1433 1808 promittere
1462 1753 1535 1794 aut
1555 1763 1695 1794 sacra-

118 1829 310 1870 mentum
340 1825 544 1883 praebere
565 1827 840 1884 temptaverit
870 1831 944 1872 aut
975 1828 1147 1884 aliquod
1167 1832 1281 1873 certe
1302 1828 1548 1884 suffragium
1572 1828 1695 1886 polli-

119 1903 228 1948 citus
258 1902 401 1960 fuerit,
432 1903 514 1948 loci
546 1905 612 1948 sui
643 1905 851 1960 dignitate
883 1909 925 1950 et
955 1907 1143 1950 omnium
1180 1906 1370 1952 fidelium
1401 1907 1696 1951 communione

116 1980 316 2041 privetur,
340 1985 384 2027 et
414 1982 809 2027 anathematizetur.

122 2124 168 2172 6.
207 2127 437 2171 Heinricua
469 2127 527 2171 II
551 2143 626 2171 rex
664 2129 859 2172 ecclesiae
889 2129 1169 2186 Moqzmtinae
1206 2132 1488 2187 possessiones
1529 2139 1568 2174 et
1596 2133 1696 2174 iura

208 2206 427 2261 confirmat
435 2204 464 2248 ‘¹.
1513 2208 1565 2261 (E
1591 2208 1693 2262 120)

237 2294 286 2339 In
316 2295 490 2340 nomine
520 2298 690 2340 sanctae
722 2299 764 2340 et
799 2295 1043 2340 individuae
1074 2296 1291 2341 trinitatis.
1339 2297 1597 2352 H(einricus)
1630 2298 1694 2342 di-

119 2372 219 2416 vina
248 2373 418 2417 favente
448 2373 672 2418 clementia
701 2388 791 2418 rex.
841 2374 947 2418 Cum
978 2375 1121 2431 regiae
1152 2375 1372 2430 dignitatis
1393 2376 1558 2420 hocius
1578 2376 1696 2420 velut

118 2451 415 2508 praerogativa
435 2452 683 2496 meritorum
705 2455 881 2508 constet,
915 2452 1189 2497 ecclesiarum
1210 2453 1313 2498 Dei⁰
1338 2455 1570 2498 commodis
1590 2468 1695 2513 prae

119 2523 315 2573 omnibus
352 2529 478 2574 rebus
510 2529 736 2574 officiosius
767 2531 975 2575 inservire
1015 2545 1246 2588 earumque
1275 2533 1531 2589 rectoribuS,
1568 2536 1696 2590 prout

120 2619 225 2664 opus
255 2607 396 2663 fuerit,
427 2608 617 2665 ipsarum
639 2622 767 2653 causa
797 2609 1146 2653 stabiliendarum
1167 2609 1404 2666 subvenire,
1435 2611 1535 2655 inde
1566 2611 1694 2655 etiam

118 2698 196 2729 nos
228 2685 457 2729 secundum
488 2687 727 2731 consultum
759 2691 802 2731 et
832 2696 1082 2731 consensum
1112 2691 1354 2733 nostrorum
1384 2689 1572 2733 fidelium
1604 2689 1694 2733 ani-

118 2776 235 2807 mum
256 2768 448 2808 nostrum
471 2764 617 2808 eodem
638 2765 874 2809 inducendo
896 2766 1094 2822 formare,
1125 2769 1232 2811 nutu
1261 2767 1404 2811 divino
1426 2770 1692 2825 cooperante,

214 2915 242 2936 a.
274 2908 523 2946 contempnentes
543 2907 573 2937 V.
678 2907 707 2938 b.
741 2899 892 2939 RBbertus
916 2908 948 2945 V,
970 2897 1135 2939 Rotbertus
1159 2909 1194 2940 Z.
1296 2919 1322 2940 c.
1354 2910 1427 2941 Cum
1449 2909 1498 2940 his
1522 2925 1550 2929 -
1568 2909 1692 2940 anathe-

119 2959 279 2990 matizetur
301 2959 334 2990 in
353 2960 537 3000 Vlequntur
547 2965 622 3000 post
637 2961 846 2991 communione
868 2961 1005 3000 privetur
1019 2962 1050 2992 et
1066 2960 1346 2994 anathematizetur.
1431 2963 1460 2993 d.
1482 2973 1520 2993 em
1540 2963 1693 2993 17460-

119 3012 168 3050 47,
192 3013 221 3043 Ζ
234 3023 267 3052 p.
285 3014 331 3044 74.
436 3024 463 3044 e.
495 3024 552 3045 om.
571 3015 601 3045 V.

1724 353 1793 390 997

1734 2309 1826 2344 1007

1716 2357 1786 2388 Mai.
1799 2358 1838 2388 27
