2028 3438
619 274 842 306 nnAme
873 274 1043 306 connx.
1091 272 1162 307 248
1592 262 1679 306 431

96 379 245 437 vsauri,
267 393 407 438 quem
435 378 658 439 pontifices
687 379 879 424 Romani.
899 384 942 426 et
971 380 1248 425 sacratissimi
1279 379 1558 437 imperatores
1589 379 1680 424 Deo

106 457 314 515 beatoque
329 456 458 503 Petro
472 511 475 513 Α
489 457 803 514 dedicaverunt,
836 459 886 502 in'
900 458 1171 516 lampadibus
1192 458 1330 501 aureis
1352 457 1553 501 calicibus
1585 458 1681 512 thu-

100 534 255 580 ribulis
293 534 581 580 candelabris.
605 535 862 591 imaginibus
901 536 1102 580 crucibus
1133 535 1311 591 gemmis
1351 534 1528 591 aliisque
1568 536 1680 579 vasis

102 613 307 671 preciosis
337 626 416 657 neo
445 620 553 657 non·
585 616 628 657 et
657 613 801 670 palliis
832 617 876 657 et
894 614 1082 658 vestibus
1114 613 1260 657 sericis
1286 626 1388 656 auro
1419 613 1680 669 gemmisque

93 690 630 748 ‘contextisidireptioneffi
669 704 748 735 nec
784 704 871 735 non
909 694 952 735 et
989 691 1260 749 praediorum
1299 690 1678 734 ecclesiasticorum

93 768 419 826 ,Apignorassiones
457 771 501 813 et
539 769 858 826 peregrinorum
898 769 1204 826 expoliationes
1245 771 1428 824 quantae
1460 768 1567 824 sint,
1609 768 1681 824 qui

92 844 370 901 >Rolnamvel
389 845 615 897 Ierusalem
646 849 878 904 properant
909 850 1055 899 euntes
1087 850 1131 891 et
1151 846 1389 902 redeuntes,
1414 845 1577 902 vubique
1600 846 1680 889 dif-

100 923 287 978 famant„
326 923 535 977 Qnelvero
567 924 652 968 alia
682 924 825 981 turpia
855 924 948 982 ipse
978 925 1128 981 suique
1158 924 1385 982 complices
1416 928 1580 980 gerant,
1613 938 1680 968 re-

102 1001 268 1058 galibus
300 1001 472 1047 auribus
503 1015 588 1046 non
619 1005 719 1045 sunt
748 1002 981 1046 referenda.

204 1079 307 1132 „Sed
326 1093 415 1138 jper
435 1080 517 1124 Dei
547 1081 727 1136 gratiam
758 1080 873 1125 infra
903 1080 1071 1137 paterni
1100 1080 1211 1123 muri
1233 1093 1383 1132 caveas
1404 1079 1491 1122 iam
1522 1079 1677 1123 latitat.

95 1156 292 1211 -Abbates
323 1158 586 1203 marchiones
617 1158 832 1215 principes
863 1158 1018 1214 aliique
1040 1157 1218 1202 barones
1239 1158 1284 1201 in
1307 1157 1515 1201 auxilium
1536 1157 1679 1200 catho—

100 1234 219 1289 lime¹
245 1239 289 1280 et
305 1236 575 1294 ,apostolicae
606 1236 808 1280 ecclesiae
840 1239 1081 1293 properant.
1116 1286 1118 1288 ,
1147 1234 1384 1280 Orientales
1416 1240 1459 1278 et
1489 1234 1680 1279 occiden-

99 1312 210 1367 ,tales
241 1313 443 1362 ecclesiae
473 1314 738 1372 praedictum
770 1314 1012 1357 invasorem
1036 1313 1133 1370 pari
1154 1316 1253 1357 voto
1274 1313 1452 1370 parique
1472 1326 1680 1357 consensu

101 1404 280 1452 unoque
307 1392 463 1450 spiritu
498 1379 767 1437 anathemate
799 1390 1133 1448 condempnant3
1173 1391 1390 1434 dominum
1422 1404 1522 1434 vero
1554 1390 1679 1434 Inno-

92 1469 288 1522 centium
318 1483 505 1535 papam,
546 1483 573 1514 a
603 1469 821 1514 catholicis
860 1468 1065 1513 catholice
1104 1468 1304 1524 electum,
1345 1468 1550 1513 catholice
1581 1482 1680 1512 con-

102 1550 337 1604 secratum,
379 1547 490 1592 sicut
531 1547 814 1592 universalem
855 1550 1021 1604 patrem
1063 1550 1105 1592 et
1141 1547 1257 1591 beati
1294 1546 1410 1590 Petri
1449 1545 1679 1591 vicariumb

93 1624 416 1683 ,amplectuntur
445 1630 701 1670 venerantur
731 1625 904 1681 suisque
933 1624 1094 1668 nuntiis
1124 1625 1408 1681 frequentant.

222 1701 333 1757 Quid
363 1703 494 1759 igitur
526 1717 654 1761 super
684 1703 749 1746 his
781 1702 986 1747 celsitudo
1012 1706 1167 1758 vestra,
1200 1716 1223 1746 o
1256 1702 1559 1758 gloriosissime
1588 1715 1678 1758 rex,

97 1793 247 1837 agere
266 1780 439 1838 debeat,
479 1781 633 1838 regalis
672 1781 942 1838 providentia
974 1779 1138 1838 Spiritu
1173 1783 1318 1824 sancto
1350 1793 1552 1824 succensa
1582 1794 1681 1838 pro-

100 1858 257 1904 videat.
294 1859 544 1916 Accingere
575 1859 728 1915 igitur,
770 1862 813 1903 et
845 1859 1174 1916 archiepiscopis
1206 1861 1248 1902 et
1280 1858 1510 1915 episeopis,
1552 1857 1682 1902 abba-

100 1936 224 1982 tibus
246 1936 539 1993 religiosisque
570 1937 672 1981 viris
704 1951 783 1981 nec
813 1951 898 1980 non
927 1940 970 1980 et
990 1937 1110 1992 regni
1131 1936 1396 1994 principibus
1418 1935 1542 1979 solito
1564 1949 1681 1979 more

99 2014 383 2067 manitilium
414 2015 620 2072 principis
643 2015 930 2072 apostolorum
952 2018 1231 2072 properanter
1253 2027 1445 2068 occurre3
1481 2014 1679 2069 quatinus

101 2091 280 2142 eeclesia
314 2092 398 2138 Dei
435 2092 611 2149 letetur,
651 2093 801 2149 religio
838 2092 1070 2136 christiana
1108 2092 1380 2147 sublimetur,
1420 2091 1679 2135 scismatico-

100 2183 197 2215 rum
234 2169 414 2228 perfidia
452 2171 777 2228 comprimatur,
817 2184 973 2214 corona
1011 2171 1165 2227 capitis
1204 2170 1268 2214 tui
1309 2183 1335 2213 a
1372 2182 1472 2224 rege
1508 2168 1680 2213 caelesti

99 2247 386 2294 benedicatur.

221 2325 311 2378 Que
340 2339 440 2371 vero
476 2326 545 2370 hic
576 2325 749 2381 desunt,
790 2325 1045 2369 venerabilis
1082 2325 1214 2369 frater
1244 2327 1388 2368 noster
1420 2327 1463 2367 et
1492 2323 1583 2367 Deo
1616 2322 1679 2366 di-

89 2402 234 2448 lectus
250 2402 539 2459 ·G(ualterus)⁶
560 2403 819 2447 Ravennatis
848 2403 1049 2447 ecclesiae
1078 2403 1419 2459 archiepiscopus
1442 2402 1539 2444 viva
1561 2400 1678 2444 vobis

101 2486 204 2526 v'oce
233 2481 494 2527 clarificabit.
551 2482 683 2534 Quem
727 2482 930 2525 attentius
962 2482 1181 2548 serenitati
1212 2485 1378 2524 vestrae
1409 2478 1679 2522 commenda-

100 2573 218 2614 mus3
258 2563 301 2604 et
335 2563 383 2604 ut
413 2573 510 2604 eum
541 2572 619 2616 pro
650 2560 888 2603 reverentia
920 2559 1032 2603 beati
1063 2558 1180 2602 Petri
1211 2562 1253 2603 et
1283 2558 1415 2602 totius
1446 2556 1678 2600 catholicae

98 2636 303 2690 'ecclesiae
333 2636 560 2682 honorifice
591 2637 798 2693 tractetis,
830 2651 1042 2692 rogamus.

197 2765 225 2787 a.
256 2766 294 2787 ne
317 2757 354 2787 εὖ
375 2756 410 2787 Ζ.
583 2756 613 2786 b.
646 2756 751 2786 vicarii
774 2756 808 2787 Z.
983 2764 1009 2785 c.
1043 2755 1224 2785 venerabilis
1251 2753 1347 2785 frater
1375 2755 1480 2784 noster
1503 2753 1539 2783 G.
1562 2755 1592 2783 et
1620 2753 1678 2782 deo

101 2809 232 2841 dilectus
253 2809 312 2840 VZ.

1726 390 1820 426 1130

1704 439 1792 470 Febr.
1807 440 1845 470 16

1707 1105 1734 1126 c.
1749 1095 1819 1126 Mai.
1833 1097 1870 1126 11
