2028 3438
0 0 53 328 ἶ

0 400 21 508 i

0 506 20 539 1

5 537 15 558 *5

441 252 607 286 nnoms
637 253 747 284 vrrs
775 253 986 285 omoms.
1034 254 1122 285 Lm.
1144 254 1162 284 1
1193 252 1250 286 21.
1267 253 1313 285 22
1574 242 1661 286 615

89 359 435 406 sidorfie==eorm
461 364 510 404 :et
538 360 588 404 in‘
614 360 694 403 huc
733 364 776 404 et
813 360 859 404 in
890 360 1085 404 omnibus
1122 361 1412 417 promtissima
1442 360 1661 406 affectione
1687 371 1778 408 1121

87 438 339 496 pariturum.

209 515 267 559 22
289 514 396 569 (23).
436 515 820 572 Appropinquante
840 527 938 558 vero
961 514 1107 558 eadem
1129 516 1418 559 sacratissima
1438 516 1519 571 die,
1547 530 1661 559 sum·
1683 529 1761 566 Aug.

88 605 184 637 mne
201 591 387 648 arbiter,
418 593 491 649 qui
521 606 626 648 quos
658 596 774 635 amat
804 592 979 648 corripit
1009 596 1052 636 et
1080 593 1260 647 castigat
1273 590 1295 647 ¹,
1327 593 1438 636 hunc
1469 593 1662 637 beatissi-

0 670 16 714 '51
89 682 205 715 mum
236 673 403 727 patrem
431 657 662 726 corporalis
695 669 942 725 egritudinis
973 673 1061 713 tam
1092 670 1211 725 gravi
1242 670 1423 727 perculit
1453 670 1661 726 molestia,

0 757 9 803 ᾗς
88 751 157 804 ιη,
177 745 361 804 penitus
388 745 527 790 fracta
556 747 744 804 corporis
775 747 944 800 virtute,
983 746 1252 791 decumberet
1281 761 1532 804 omnemque
1564 762 1662 805 pro-

0 837 10 875 ζ.
89 825 228 883 posite
246 824 525 869 dedicationis
544 825 820 868 intentionem
843 825 1130 882 postponeret.
1177 825 1267 876 Quo
1289 825 1446 881 audito,
1474 826 1662 870 universi

0 900 3 927 ³
88 902 230 947 :timia
255 903 438 947 meroris
477 903 690 946 anxietate
727 902 1035 959 percelluntur,
1075 906 1246 946 cunctos
1284 902 1416 946 nubes
1454 906 1497 947 et
1525 903 1661 959 caligo

89 979 263 1028 tristitie
289 979 471 1025 involvit
499 984 542 1024 et
563 1003 615 1011 ·—
640 984 688 1023 ut
718 983 873 1024 natura
903 980 1048 1024 docet:
1088 981 1227 1037 capite
1255 980 1489 1036 vulnerato,
1521 984 1662 1025 cetera

15 1070 17 1073 ·
90 1069 256 1114 quoque
276 1057 468 1101 membra
487 1057 631 1101 dolore
652 1059 778 1101 atteri
800 1082 855 1088 -—
878 1058 1124 1113 languorem
1154 1059 1214 1115 pii
1247 1059 1430 1115 pastoris
1462 1072 1565 1114 grex
1590 1059 1662 1102 de-

89 1139 212 1179 votus
232 1148 355 1179 suum
374 1135 619 1192 deputabat.
664 1134 799 1190 Unde,
831 1136 942 1192 quod
965 1135 1099 1179 solum
1131 1136 1176 1179 in
1206 1136 1272 1179 his
1297 1141 1391 1180 erat
1412 1137 1659 1192 remedium,

88 1214 181 1258 toto
208 1213 274 1257 ad*
293 1212 439 1257 Deum-
461 1213 587 1257 corde
617 1214 830 1268 conversi,
866 1214 1102 1257 lacrimosis
1133 1214 1327 1270 suspiriis
1358 1227 1456 1263 00111
1485 1214 1661 1258 oblatio-

89 1291 215 1335 nibus
244 1290 478 1336 boetiarum
517 1294 560 1334 et
590 1290 913 1335 elemosinarum
946 1291 1124 1335 salutem
1157 1292 1196 1335 ei
1235 1295 1277 1334 et
1313 1292 1563 1349 sospitatem
1594 1304 1661 1335 00-

89 1368 190 1413 litus
227 1368 455 1426 imprecari
493 1382 578 1412 non
620 1368 861 1422 cessabant3
908 1369 1059 1424 donec,
1101 1369 1363 1426 prospiciens
1404 1369 1457 1412 de
1496 1369 1660 1412 excelso

90 1449 236 1491 sancto
275 1443 377 1490 suo'
414 1446 622 1490 Dominus
661 1446 867 1490 clamores
907 1450 949 1490 et
986 1447 1166 1501 gemitus
1213 1460 1448 1503 pauperum
1489 1460 1661 1490 suorum

91 1524 292 1569 exaudire
321 1524 520 1579 dignatus
551 1525 627 1567 est.
679 1523 768 1568 Illis
801 1525 912 1567 enim
943 1528 1063 1567 tanta
1093 1537 1265 1581 precum
1300 1527 1342 1567 et
1371 1528 1565 1567 votorum
1596 1525 1662 1567 in-

91 1603 250 1646 stantia
287 1602 429 1646 divine
466 1615 589 1645 aures
625 1602 844 1645 clementie
884 1602 1170 1659 pulsantibus,
1212 1602 1394 1657 quadam
1432 1602 1499 1645 die
1539 1605 1662 1659 pater

91 1680 300 1736 amabilis,
331 1679 430 1723 dum
463 1679 698 1723 meridiano
727 1693 904 1737 sompno
926 1680 1038 1737 apud
1060 1683 1245 1723 castrum
1267 1679 1513 1723 Botenstein
1545 1679 1662 1736 quie-

91 1761 239 1814 sceret,
271 1757 380 1802 vidit
409 1758 646 1814 speciosum
678 1758 885 1812 iuvenem,
928 1758 999 1814 qui
1030 1771 1077 1800 re
1108 1771 1208 1801 vera
1239 1757 1412 1812 angelus
1443 1757 1525 1801 Dei
1557 1761 1661 1812 erat,

91 1836 200 1881 lecto
230 1849 305 1880 suo
336 1834 691 1891 gratulabundum
724 1836 920 1879 assistere
951 1839 993 1879 et
1013 1849 1168 1890 magna
1188 1835 1446 1879 iocunditate
1466 1835 1662 1892 antipho-

91 1926 214 1958 nam:
231 1937 235 1940 -
254 1914 309 1957 In
347 1915 516 1957 domum
545 1914 727 1957 Domini
765 1914 934 1957 letantes
972 1915 1125 1957 ibimus
1164 1913 1358 1970 psallere.
1418 1913 1506 1956 Nec
1542 1926 1663 1956 mora

93 1991 434 2049 expergefactus,
473 2004 624 2034 sanum
654 2004 700 2034 se
739 1994 781 2034 et
816 1990 1068 2034 incolumem
1101 1992 1232 2035 sensit
1262 1991 1511 2046 statimque,
1551 1990 1662 2046 quod

93 2069 199 2114 visio
229 2068 520 2127 portenderet,
551 2067 773 2112 intellexit.
825 2067 883 2111 Et
914 2068 1116 2112 accersito
1146 2069 1363 2126 capellano
1396 2082 1472 2111 suo
1505 2068 1661 2111 Sifrido

92 2147 298 2192 visionem
329 2147 545 2204 exposuit3
577 2159 753 2202 eamque
775 2144 1049 2189 Wolframmo
1083 2146 1226 2190 abbati
1257 2146 1450 2190 celeriter
1469 2145 1663 2189 nunciari

94 2228 137 2270 et
155 2224 299 2269 omnia
323 2225 464 2268 future
485 2223 739 2268 dedicationi
769 2224 1008 2267 necessaria
1038 2225 1202 2268 naviter
1233 2224 1453 2281 preparari
1484 2223 1661 2267 manda-

94 2303 168 2347 vit.
215 2302 304 2355 Quo
334 2303 486 2346 nuncio
516 2301 722 2345 letissimo
755 2301 876 2356 quasi
907 2315 1108 2358 responso
1131 2301 1333 2344 divinitus
1357 2305 1542 2357 accept0,
1575 2314 1662 2344 1110-

94 2394 164 2424 101·
194 2381 239 2424 111
269 2380 482 2436 gaudium,
514 2380 650 2423 luctus
683 2379 727 2422 in
758 2378 940 2422 leticiam
964 2392 1109 2422 versus
1135 2382 1221 2432 est3
1254 2379 1489 2434 cunctique,
1522 2378 1663 2422 debita

93 2458 267 2502 laudum
307 2457 505 2515 preconia
534 2471 619 2501 non
651 2470 752 2500 sono
784 2460 949 2500 tantum
981 2457 1065 2499 oris
1098 2457 1172 2500 sed
1210 2460 1252 2499 et
1288 2456 1419 2499 iubilo
1450 2456 1588 2499 cordis
1618 2456 1662 2499 in

95 2535 230 2580 celum
260 2536 462 2591 ferentes,
496 2538 612 2579 tante
644 2534 953 2591 solempnitatis
986 2534 1287 2577 iocunditatem
1319 2547 1394 2590 spe
1424 2521 1677 2589 flagrantis-⁶

96 2613 205 2657 sima
233 2613 587 2670 prestolabantur.
699 2612 831 2667 Igitur
853 2625 962 2655 anno
984 2611 1157 2654 Domini
1182 2612 1309 2666 1121,
1340 2611 1568 2655 indictione
1593 2613 1661 2666 14,
1687 2627 1772 2666 Sept,
1788 2629 1803 2656 1

95 2691 141 2734 in
171 2691 372 2735 Kalendis
405 2690 664 2747 Septembris
703 2690 942 2733 dedicatum
984 2692 1047 2732 est
1086 2689 1386 2732 monasterium
1419 2689 1554 2732 sancti
1583 2688 1663 2731 Mi-

96 2768 253 2813 chaelis
284 2768 523 2823 archangeli
560 2769 605 2811 in
636 2771 779 2811 monte
809 2766 1147 2821 Babenbergensi
1179 2766 1204 2809 a'
1234 2766 1465 2810 venerabili
1495 2766 1663 2820 Ottone,

98 2845 283 2890 eiusdem
316 2846 426 2890 sedis
458 2850 604 2900 octavo
637 2846 855 2902 episcopO,
894 2845 939 2887 in
969 2844 1126 2887 honore
1164 2844 1388 2901 prescripti
1423 2843 1665 2899 archangeli

193 3011 225 3047 1.
250 3010 367 3057 Apoc.
386 3010 420 3057 3,
439 3011 496 3046 19.
782 3010 815 3045 2.
841 3009 901 3044 ΡΒ.
920 3009 1000 3054 101,
1026 3008 1084 3044 20.
