<?xml version="1.0" encoding="UTF-8"?>
<!DOCTYPE html PUBLIC "-//W3C//DTD XHTML 1.0 Transitional//EN"
    "http://www.w3.org/TR/xhtml1/DTD/xhtml1-transitional.dtd">
<html xmlns="http://www.w3.org/1999/xhtml" xml:lang="en" lang="en">
 <head>
  <title>
</title>
<meta http-equiv="Content-Type" content="text/html;charset=utf-8" />
  <meta name='ocr-system' content='tesseract 3.04.00' />
  <meta name='ocr-capabilities' content='ocr_page ocr_carea ocr_par ocr_line ocrx_word'/>
</head>
<body>
  <div class='ocr_page' id='page_1' title='image "bibliothecarerum05wattuoft_0672.png"; bbox 0 0 2028 3438; ppageno 0'>
   <div class='ocr_carea' id='block_1_1' title="bbox 289 388 379 475">
    <p class='ocr_par' dir='ltr' id='par_1_1' title="bbox 289 388 379 475">
     <span class='ocr_line' id='line_1_1' title="bbox 289 388 379 423; baseline 0.011 -1"><span class='ocrx_word' id='word_1_1' title='bbox 289 388 379 423; x_wconf 81' lang='lat'>1127</span> 
     </span>
     <span class='ocr_line' id='line_1_2' title="bbox 304 436 377 475; baseline 0 -9"><span class='ocrx_word' id='word_1_2' title='bbox 304 436 377 475; x_wconf 85' lang='lat' dir='ltr'>Apr.</span> 
     </span>
    </p>
   </div>
   <div class='ocr_carea' id='block_1_2' title="bbox 224 2011 380 2050">
    <p class='ocr_par' dir='ltr' id='par_1_2' title="bbox 224 2011 380 2050">
     <span class='ocr_line' id='line_1_3' title="bbox 224 2011 380 2050; baseline 0 -9"><span class='ocrx_word' id='word_1_3' title='bbox 224 2012 295 2050; x_wconf 84' lang='lat' dir='ltr'>Apr.</span> <span class='ocrx_word' id='word_1_4' title='bbox 311 2011 380 2041; x_wconf 79' lang='lat' dir='ltr'>Mai.</span> 
     </span>
    </p>
   </div>
   <div class='ocr_carea' id='block_1_3' title="bbox 406 257 1614 305">
    <p class='ocr_par' dir='ltr' id='par_1_3' title="bbox 406 257 1614 305">
     <span class='ocr_line' id='line_1_4' title="bbox 406 257 1614 305; baseline 0.002 -3"><span class='ocrx_word' id='word_1_5' title='bbox 406 257 492 302; x_wconf 77' lang='lat'>656</span> <span class='ocrx_word' id='word_1_6' title='bbox 762 271 926 303; x_wconf 77' lang='lat' dir='ltr'>nnoms</span> <span class='ocrx_word' id='word_1_7' title='bbox 956 270 1062 303; x_wconf 76' lang='lat' dir='ltr'><strong>VITA</strong></span> <span class='ocrx_word' id='word_1_8' title='bbox 1094 272 1302 304; x_wconf 66' lang='lat' dir='ltr'>o‘r‘roms.</span> <span class='ocrx_word' id='word_1_9' title='bbox 1348 273 1436 304; x_wconf 80' lang='lat' dir='ltr'>Lm.</span> <span class='ocrx_word' id='word_1_10' title='bbox 1457 273 1509 304; x_wconf 93' lang='lat'>111</span> <span class='ocrx_word' id='word_1_11' title='bbox 1539 272 1572 305; x_wconf 87' lang='lat'>3.</span> <span class='ocrx_word' id='word_1_12' title='bbox 1590 272 1614 305; x_wconf 87' lang='lat'>4</span> 
     </span>
    </p>
   </div>
   <div class='ocr_carea' id='block_1_4' title="bbox 405 376 1960 2967">
    <p class='ocr_par' dir='ltr' id='par_1_4' title="bbox 405 376 1960 1969">
     <span class='ocr_line' id='line_1_5' title="bbox 407 376 1956 435; baseline 0.003 -17"><span class='ocrx_word' id='word_1_13' title='bbox 407 376 653 431; x_wconf 84' lang='lat' dir='ltr'>obiurgavit.</span> <span class='ocrx_word' id='word_1_14' title='bbox 688 377 779 428; x_wconf 81' lang='lat' dir='ltr'>Qui</span> <span class='ocrx_word' id='word_1_15' title='bbox 810 380 1079 434; x_wconf 77' lang='lat' dir='ltr'><strong>protestatus,</strong></span> <span class='ocrx_word' id='word_1_16' title='bbox 1112 378 1274 434; x_wconf 78' lang='lat' dir='ltr'><strong>plebem</strong></span> <span class='ocrx_word' id='word_1_17' title='bbox 1297 379 1609 435; x_wconf 73' lang='lat' dir='ltr'>archiepiscopo</span> <span class='ocrx_word' id='word_1_18' title='bbox 1640 377 1956 435; x_wconf 43' lang='lat' dir='ltr'>suossNoriperto</span> 
     </span>
     <span class='ocr_line' id='line_1_6' title="bbox 406 451 1957 511; baseline 0.003 -16"><span class='ocrx_word' id='word_1_19' title='bbox 406 451 623 508; x_wconf 77' lang='lat' dir='ltr'>rebellem,</span> <span class='ocrx_word' id='word_1_20' title='bbox 664 467 711 497; x_wconf 93' lang='lat' dir='ltr'>eo</span> <span class='ocrx_word' id='word_1_21' title='bbox 744 454 853 509; x_wconf 90' lang='lat' dir='ltr'>quod</span> <span class='ocrx_word' id='word_1_22' title='bbox 885 453 1044 497; x_wconf 89' lang='lat' dir='ltr'>duriori</span> <span class='ocrx_word' id='word_1_23' title='bbox 1075 455 1287 498; x_wconf 87' lang='lat' dir='ltr'>servitutis</span> <span class='ocrx_word' id='word_1_24' title='bbox 1317 455 1414 510; x_wconf 87' lang='lat' dir='ltr'>iugo</span> <span class='ocrx_word' id='word_1_25' title='bbox 1446 469 1538 499; x_wconf 87' lang='lat' dir='ltr'>eam</span> <span class='ocrx_word' id='word_1_26' title='bbox 1570 454 1957 511; x_wconf 50' lang='lat' dir='ltr'>subiugarertempss</span> 
     </span>
     <span class='ocr_line' id='line_1_7' title="bbox 405 525 1958 587; baseline 0.001 -14"><span class='ocrx_word' id='word_1_27' title='bbox 405 532 528 586; x_wconf 86' lang='lat' dir='ltr'>taret,</span> <span class='ocrx_word' id='word_1_28' title='bbox 560 529 674 574; x_wconf 89' lang='lat' dir='ltr'>nullo</span> <span class='ocrx_word' id='word_1_29' title='bbox 696 531 818 574; x_wconf 92' lang='lat' dir='ltr'>modo</span> <span class='ocrx_word' id='word_1_30' title='bbox 841 531 931 585; x_wconf 84' lang='lat' dir='ltr'>cogi</span> <span class='ocrx_word' id='word_1_31' title='bbox 963 525 1085 587; x_wconf 81' lang='lat' dir='ltr'>posse</span> <span class='ocrx_word' id='word_1_32' title='bbox 1114 531 1336 587; x_wconf 79' lang='lat' dir='ltr'><strong>fatebatur,</strong></span> <span class='ocrx_word' id='word_1_33' title='bbox 1367 536 1415 576; x_wconf 90' lang='lat' dir='ltr'>ut</span> <span class='ocrx_word' id='word_1_34' title='bbox 1436 533 1487 576; x_wconf 87' lang='lat' dir='ltr'>ab</span> <span class='ocrx_word' id='word_1_35' title='bbox 1509 546 1557 576; x_wconf 90' lang='lat' dir='ltr'>eo</span> <span class='ocrx_word' id='word_1_36' title='bbox 1579 527 1958 576; x_wconf 61' lang='lat' dir='ltr'>docninewei‘bum</span> 
     </span>
     <span class='ocr_line' id='line_1_8' title="bbox 405 607 1958 666; baseline 0.001 -16"><span class='ocrx_word' id='word_1_37' title='bbox 405 607 628 663; x_wconf 83' lang='lat' dir='ltr'>reciperet3</span> <span class='ocrx_word' id='word_1_38' title='bbox 666 608 741 666; x_wconf 76' lang='lat' dir='ltr'>sed</span> <span class='ocrx_word' id='word_1_39' title='bbox 774 608 890 664; x_wconf 79' lang='lat' dir='ltr'>prius</span> <span class='ocrx_word' id='word_1_40' title='bbox 921 609 1068 651; x_wconf 88' lang='lat' dir='ltr'>mortis</span> <span class='ocrx_word' id='word_1_41' title='bbox 1100 621 1287 651; x_wconf 86' lang='lat' dir='ltr'>occasum</span> <span class='ocrx_word' id='word_1_42' title='bbox 1322 622 1445 664; x_wconf 91' lang='lat' dir='ltr'>quam</span> <span class='ocrx_word' id='word_1_43' title='bbox 1478 609 1691 653; x_wconf 86' lang='lat' dir='ltr'>servitutis</span> <span class='ocrx_word' id='word_1_44' title='bbox 1711 607 1958 652; x_wconf 66' lang='lat' dir='ltr'>‘huiusmodi</span> 
     </span>
     <span class='ocr_line' id='line_1_9' title="bbox 406 683 1959 743; baseline 0.002 -17"><span class='ocrx_word' id='word_1_45' title='bbox 406 697 509 727; x_wconf 91' lang='lat' dir='ltr'>onus</span> <span class='ocrx_word' id='word_1_46' title='bbox 532 684 670 727; x_wconf 90' lang='lat' dir='ltr'>subire</span> <span class='ocrx_word' id='word_1_47' title='bbox 691 688 882 741; x_wconf 88' lang='lat' dir='ltr'>paratam</span> <span class='ocrx_word' id='word_1_48' title='bbox 906 697 1008 728; x_wconf 86' lang='lat' dir='ltr'>esse.</span> <span class='ocrx_word' id='word_1_49' title='bbox 1054 683 1166 728; x_wconf 90' lang='lat' dir='ltr'>Idem</span> <span class='ocrx_word' id='word_1_50' title='bbox 1191 698 1287 728; x_wconf 89' lang='lat' dir='ltr'>vero</span> <span class='ocrx_word' id='word_1_51' title='bbox 1303 684 1564 729; x_wconf 90' lang='lat' dir='ltr'>Wirikindus</span> <span class='ocrx_word' id='word_1_52' title='bbox 1586 685 1959 743; x_wconf 65' lang='lat' dir='ltr'>supplicabat‘e&#39;pi·</span> 
     </span>
     <span class='ocr_line' id='line_1_10' title="bbox 406 761 1957 819; baseline 0.001 -16"><span class='ocrx_word' id='word_1_53' title='bbox 406 773 551 817; x_wconf 85' lang='lat' dir='ltr'>scopo:</span> <span class='ocrx_word' id='word_1_54' title='bbox 572 762 637 803; x_wconf 67' lang='lat' dir='ltr'>&#39;ut</span> <span class='ocrx_word' id='word_1_55' title='bbox 668 761 802 803; x_wconf 90' lang='lat' dir='ltr'>eidem</span> <span class='ocrx_word' id='word_1_56' title='bbox 834 762 993 804; x_wconf 86' lang='lat' dir='ltr'>civitati</span> <span class='ocrx_word' id='word_1_57' title='bbox 1034 774 1215 804; x_wconf 87' lang='lat' dir='ltr'>errorem</span> <span class='ocrx_word' id='word_1_58' title='bbox 1249 775 1371 805; x_wconf 88' lang='lat' dir='ltr'>suum</span> <span class='ocrx_word' id='word_1_59' title='bbox 1408 763 1592 819; x_wconf 89' lang='lat' dir='ltr'>pandere</span> <span class='ocrx_word' id='word_1_60' title='bbox 1616 762 1957 816; x_wconf 44' lang='lat' dir='ltr'>‘nonsahnueren</span> 
     </span>
     <span class='ocr_line' id='line_1_11' title="bbox 405 837 1959 896; baseline 0.003 -17"><span class='ocrx_word' id='word_1_61' title='bbox 405 837 561 892; x_wconf 89' lang='lat' dir='ltr'>dicens,</span> <span class='ocrx_word' id='word_1_62' title='bbox 594 837 763 880; x_wconf 86' lang='lat' dir='ltr'>monitis</span> <span class='ocrx_word' id='word_1_63' title='bbox 795 838 884 881; x_wconf 89' lang='lat' dir='ltr'>eius</span> <span class='ocrx_word' id='word_1_64' title='bbox 915 837 1046 881; x_wconf 90' lang='lat' dir='ltr'>multo</span> <span class='ocrx_word' id='word_1_65' title='bbox 1077 838 1291 888; x_wconf 70' lang='lat' dir='ltr'>ardentius</span> <span class='ocrx_word' id='word_1_66' title='bbox 1323 838 1485 895; x_wconf 85' lang='lat' dir='ltr'>plebem</span> <span class='ocrx_word' id='word_1_67' title='bbox 1509 853 1633 895; x_wconf 83' lang='lat' dir='ltr'>quam</span> <span class='ocrx_word' id='word_1_68' title='bbox 1658 838 1959 896; x_wconf 72' lang='lat' dir='ltr'>archiepiscopi</span> 
     </span>
     <span class='ocr_line' id='line_1_12' title="bbox 406 914 1960 974; baseline 0.001 -18"><span class='ocrx_word' id='word_1_69' title='bbox 406 915 471 956; x_wconf 90' lang='lat' dir='ltr'>sui</span> <span class='ocrx_word' id='word_1_70' title='bbox 494 914 747 958; x_wconf 89' lang='lat' dir='ltr'>iussionibus</span> <span class='ocrx_word' id='word_1_71' title='bbox 769 914 979 958; x_wconf 89' lang='lat' dir='ltr'>obaudire.</span> <span class='ocrx_word' id='word_1_72' title='bbox 1101 914 1181 966; x_wconf 83' lang='lat' dir='ltr'>Qui</span> <span class='ocrx_word' id='word_1_73' title='bbox 1211 918 1326 958; x_wconf 88' lang='lat' dir='ltr'>stans</span> <span class='ocrx_word' id='word_1_74' title='bbox 1356 916 1401 958; x_wconf 92' lang='lat' dir='ltr'>in</span> <span class='ocrx_word' id='word_1_75' title='bbox 1423 916 1558 959; x_wconf 75' lang='lat' dir='ltr'>edito*</span> <span class='ocrx_word' id='word_1_76' title='bbox 1579 921 1676 960; x_wconf 88' lang='lat' dir='ltr'>ante</span> <span class='ocrx_word' id='word_1_77' title='bbox 1698 919 1884 974; x_wconf 70' lang='lat' dir='ltr'>pontaur</span> <span class='ocrx_word' id='word_1_78' title='bbox 1901 915 1960 959; x_wconf 81' lang='lat' dir='ltr'>ci-</span> 
     </span>
     <span class='ocr_line' id='line_1_13' title="bbox 405 990 1960 1050; baseline 0.001 -17"><span class='ocrx_word' id='word_1_79' title='bbox 405 990 568 1045; x_wconf 79' lang='lat' dir='ltr'>vitatis,</span> <span class='ocrx_word' id='word_1_80' title='bbox 610 991 721 1034; x_wconf 92' lang='lat' dir='ltr'>omni</span> <span class='ocrx_word' id='word_1_81' title='bbox 761 991 915 1047; x_wconf 88' lang='lat' dir='ltr'>populo</span> <span class='ocrx_word' id='word_1_82' title='bbox 955 992 1186 1035; x_wconf 87' lang='lat' dir='ltr'>coadunato</span> <span class='ocrx_word' id='word_1_83' title='bbox 1218 992 1389 1036; x_wconf 89' lang='lat' dir='ltr'>verbum</span> <span class='ocrx_word' id='word_1_84' title='bbox 1430 993 1577 1036; x_wconf 87' lang='lat' dir='ltr'>salutis</span> <span class='ocrx_word' id='word_1_85' title='bbox 1616 992 1878 1050; x_wconf 77' lang='lat' dir='ltr'>predicabat3</span> <span class='ocrx_word' id='word_1_86' title='bbox 1900 995 1960 1036; x_wconf 57' lang='lat' dir='ltr'>‘et</span> 
     </span>
     <span class='ocr_line' id='line_1_14' title="bbox 407 1067 1958 1127; baseline 0.001 -17"><span class='ocrx_word' id='word_1_87' title='bbox 407 1067 709 1111; x_wconf 82' lang='lat' dir='ltr'>abdicationem</span> <span class='ocrx_word' id='word_1_88' title='bbox 741 1068 863 1111; x_wconf 86' lang='lat' dir='ltr'>huius</span> <span class='ocrx_word' id='word_1_89' title='bbox 896 1068 1096 1123; x_wconf 77' lang='lat' dir='ltr'>sacrilege</span> <span class='ocrx_word' id='word_1_90' title='bbox 1117 1068 1370 1112; x_wconf 83' lang='lat' dir='ltr'>celebritatis</span> <span class='ocrx_word' id='word_1_91' title='bbox 1391 1070 1514 1114; x_wconf 87' lang='lat' dir='ltr'>facile</span> <span class='ocrx_word' id='word_1_92' title='bbox 1542 1070 1653 1127; x_wconf 87' lang='lat' dir='ltr'>apud</span> <span class='ocrx_word' id='word_1_93' title='bbox 1673 1069 1958 1124; x_wconf 80' lang='lat' dir='ltr'>eos&#39;obtinuit,</span> 
     </span>
     <span class='ocr_line' id='line_1_15' title="bbox 405 1145 1959 1203; baseline 0.002 -16"><span class='ocrx_word' id='word_1_94' title='bbox 405 1145 733 1201; x_wconf 82' lang='lat' dir='ltr'>protestantibus</span> <span class='ocrx_word' id='word_1_95' title='bbox 756 1145 836 1188; x_wconf 90' lang='lat' dir='ltr'>eis:</span> <span class='ocrx_word' id='word_1_96' title='bbox 870 1145 996 1188; x_wconf 87' lang='lat' dir='ltr'>etiam</span> <span class='ocrx_word' id='word_1_97' title='bbox 1018 1145 1217 1202; x_wconf 86' lang='lat' dir='ltr'>baptismi</span> <span class='ocrx_word' id='word_1_98' title='bbox 1244 1147 1424 1201; x_wconf 86' lang='lat' dir='ltr'>gratiam</span> <span class='ocrx_word' id='word_1_99' title='bbox 1445 1147 1522 1190; x_wconf 88' lang='lat' dir='ltr'>sub</span> <span class='ocrx_word' id='word_1_100' title='bbox 1545 1147 1626 1190; x_wconf 86' lang='lat' dir='ltr'>alio</span> <span class='ocrx_word' id='word_1_101' title='bbox 1648 1146 1959 1203; x_wconf 74' lang='lat' dir='ltr'>archiepiscopo</span> 
     </span>
     <span class='ocr_line' id='line_1_16' title="bbox 406 1222 1958 1281; baseline 0.001 -17"><span class='ocrx_word' id='word_1_102' title='bbox 406 1235 451 1264; x_wconf 90' lang='lat' dir='ltr'>se</span> <span class='ocrx_word' id='word_1_103' title='bbox 490 1226 687 1278; x_wconf 88' lang='lat' dir='ltr'>prompta</span> <span class='ocrx_word' id='word_1_104' title='bbox 717 1222 930 1265; x_wconf 87' lang='lat' dir='ltr'>voluntate</span> <span class='ocrx_word' id='word_1_105' title='bbox 962 1226 1241 1279; x_wconf 89' lang='lat' dir='ltr'>suscepturos.</span> <span class='ocrx_word' id='word_1_106' title='bbox 1297 1223 1396 1267; x_wconf 88' lang='lat' dir='ltr'>Pius</span> <span class='ocrx_word' id='word_1_107' title='bbox 1429 1238 1525 1268; x_wconf 88' lang='lat' dir='ltr'>vero</span> <span class='ocrx_word' id='word_1_108' title='bbox 1557 1223 1958 1281; x_wconf 68' lang='lat' dir='ltr'>predicatoreidem</span> 
     </span>
     <span class='ocr_line' id='line_1_17' title="bbox 405 1297 1959 1357; baseline 0 -15"><span class='ocrx_word' id='word_1_109' title='bbox 405 1297 640 1342; x_wconf 85' lang='lat' dir='ltr'>Wirikindo</span> <span class='ocrx_word' id='word_1_110' title='bbox 662 1298 883 1353; x_wconf 80' lang='lat' dir='ltr'>magnamb</span> <span class='ocrx_word' id='word_1_111' title='bbox 907 1300 997 1342; x_wconf 91' lang='lat' dir='ltr'>auri</span> <span class='ocrx_word' id='word_1_112' title='bbox 1021 1301 1294 1354; x_wconf 87' lang='lat' dir='ltr'>quantitatem</span> <span class='ocrx_word' id='word_1_113' title='bbox 1329 1305 1371 1344; x_wconf 91' lang='lat' dir='ltr'>et</span> <span class='ocrx_word' id='word_1_114' title='bbox 1398 1301 1563 1355; x_wconf 83' lang='lat' dir='ltr'>coniugi</span> <span class='ocrx_word' id='word_1_115' title='bbox 1595 1301 1684 1344; x_wconf 87' lang='lat' dir='ltr'>eius</span> <span class='ocrx_word' id='word_1_116' title='bbox 1714 1300 1959 1357; x_wconf 77' lang='lat' dir='ltr'>psalterium</span> 
     </span>
     <span class='ocr_line' id='line_1_18' title="bbox 405 1376 1960 1434; baseline 0.001 -16"><span class='ocrx_word' id='word_1_117' title='bbox 405 1376 655 1432; x_wconf 86' lang='lat' dir='ltr'>preciosum,</span> <span class='ocrx_word' id='word_1_118' title='bbox 687 1376 809 1419; x_wconf 89' lang='lat' dir='ltr'>solita</span> <span class='ocrx_word' id='word_1_119' title='bbox 830 1390 929 1419; x_wconf 90' lang='lat' dir='ltr'>usus</span> <span class='ocrx_word' id='word_1_120' title='bbox 952 1376 1243 1432; x_wconf 87' lang='lat' dir='ltr'>benivolentia,</span> <span class='ocrx_word' id='word_1_121' title='bbox 1276 1378 1441 1431; x_wconf 84' lang='lat' dir='ltr'>tribuit3</span> <span class='ocrx_word' id='word_1_122' title='bbox 1473 1377 1613 1434; x_wconf 85' lang='lat' dir='ltr'>ibique</span> <span class='ocrx_word' id='word_1_123' title='bbox 1634 1377 1801 1421; x_wconf 76' lang='lat' dir='ltr'>diversa</span> <span class='ocrx_word' id='word_1_124' title='bbox 1819 1376 1960 1421; x_wconf 85' lang='lat' dir='ltr'>itineri</span> 
     </span>
     <span class='ocr_line' id='line_1_19' title="bbox 405 1453 1959 1510; baseline 0.001 -15"><span class='ocrx_word' id='word_1_125' title='bbox 405 1453 641 1496; x_wconf 88' lang='lat' dir='ltr'>necessaria</span> <span class='ocrx_word' id='word_1_126' title='bbox 673 1466 766 1496; x_wconf 90' lang='lat' dir='ltr'>cum</span> <span class='ocrx_word' id='word_1_127' title='bbox 793 1453 967 1508; x_wconf 88' lang='lat' dir='ltr'>triginta</span> <span class='ocrx_word' id='word_1_128' title='bbox 998 1453 1196 1509; x_wconf 86' lang='lat' dir='ltr'>plaustris</span> <span class='ocrx_word' id='word_1_129' title='bbox 1218 1455 1490 1510; x_wconf 87' lang='lat' dir='ltr'>comparavit.</span> <span class='ocrx_word' id='word_1_130' title='bbox 1610 1453 1959 1499; x_wconf 48' lang='lat' dir='ltr'>Deinde&#39;aWiriss-</span> 
     </span>
     <span class='ocr_line' id='line_1_20' title="bbox 406 1530 1960 1587; baseline 0.001 -15"><span class='ocrx_word' id='word_1_131' title='bbox 406 1530 530 1584; x_wconf 89' lang='lat' dir='ltr'>gindo</span> <span class='ocrx_word' id='word_1_132' title='bbox 553 1530 773 1586; x_wconf 82' lang='lat' dir='ltr'>exquirere</span> <span class='ocrx_word' id='word_1_133' title='bbox 804 1531 927 1586; x_wconf 85' lang='lat' dir='ltr'>cepit,</span> <span class='ocrx_word' id='word_1_134' title='bbox 961 1530 996 1573; x_wconf 89' lang='lat' dir='ltr'>si</span> <span class='ocrx_word' id='word_1_135' title='bbox 1017 1531 1212 1574; x_wconf 88' lang='lat' dir='ltr'>ducatum</span> <span class='ocrx_word' id='word_1_136' title='bbox 1247 1531 1325 1574; x_wconf 92' lang='lat' dir='ltr'>sibi</span> <span class='ocrx_word' id='word_1_137' title='bbox 1357 1545 1432 1587; x_wconf 89' lang='lat' dir='ltr'>per</span> <span class='ocrx_word' id='word_1_138' title='bbox 1451 1532 1662 1586; x_wconf 83' lang='lat' dir='ltr'>regionem</span> <span class='ocrx_word' id='word_1_139' title='bbox 1687 1544 1820 1586; x_wconf 84' lang='lat' dir='ltr'>suam,</span> <span class='ocrx_word' id='word_1_140' title='bbox 1853 1531 1960 1574; x_wconf 86' lang='lat' dir='ltr'>sieut</span> 
     </span>
     <span class='ocr_line' id='line_1_21' title="bbox 405 1606 1960 1663; baseline 0.001 -14"><span class='ocrx_word' id='word_1_141' title='bbox 405 1607 449 1649; x_wconf 91' lang='lat' dir='ltr'>in</span> <span class='ocrx_word' id='word_1_142' title='bbox 479 1606 814 1661; x_wconf 86' lang='lat' dir='ltr'>Merseburgensi</span> <span class='ocrx_word' id='word_1_143' title='bbox 852 1607 1006 1663; x_wconf 90' lang='lat' dir='ltr'>oppido</span> <span class='ocrx_word' id='word_1_144' title='bbox 1045 1620 1182 1650; x_wconf 88' lang='lat' dir='ltr'>coram</span> <span class='ocrx_word' id='word_1_145' title='bbox 1223 1608 1523 1663; x_wconf 86' lang='lat' dir='ltr'>gloriosissimo</span> <span class='ocrx_word' id='word_1_146' title='bbox 1561 1622 1659 1663; x_wconf 85' lang='lat' dir='ltr'>rege</span> <span class='ocrx_word' id='word_1_147' title='bbox 1687 1607 1886 1652; x_wconf 76' lang='lat' dir='ltr'>Lothario</span> <span class='ocrx_word' id='word_1_148' title='bbox 1923 1608 1960 1651; x_wconf 92' lang='lat' dir='ltr'>ei</span> 
     </span>
     <span class='ocr_line' id='line_1_22' title="bbox 406 1684 1960 1742; baseline 0.001 -16"><span class='ocrx_word' id='word_1_149' title='bbox 406 1684 700 1740; x_wconf 77' lang='lat' dir='ltr'>spoponderat,</span> <span class='ocrx_word' id='word_1_150' title='bbox 733 1684 906 1740; x_wconf 86' lang='lat' dir='ltr'>prebere</span> <span class='ocrx_word' id='word_1_151' title='bbox 928 1688 1099 1740; x_wconf 87' lang='lat' dir='ltr'>paratus</span> <span class='ocrx_word' id='word_1_152' title='bbox 1123 1687 1243 1728; x_wconf 90' lang='lat' dir='ltr'>esset.</span> <span class='ocrx_word' id='word_1_153' title='bbox 1291 1685 1369 1736; x_wconf 84' lang='lat' dir='ltr'>Qui</span> <span class='ocrx_word' id='word_1_154' title='bbox 1391 1685 1576 1728; x_wconf 87' lang='lat' dir='ltr'>abnuens</span> <span class='ocrx_word' id='word_1_155' title='bbox 1597 1685 1833 1742; x_wconf 87' lang='lat' dir='ltr'>respondit:</span> <span class='ocrx_word' id='word_1_156' title='bbox 1865 1697 1960 1728; x_wconf 86' lang='lat' dir='ltr'>eum</span> 
     </span>
     <span class='ocr_line' id='line_1_23' title="bbox 406 1760 1959 1818; baseline 0 -14"><span class='ocrx_word' id='word_1_157' title='bbox 406 1774 482 1816; x_wconf 88' lang='lat' dir='ltr'>per</span> <span class='ocrx_word' id='word_1_158' title='bbox 513 1764 645 1803; x_wconf 89' lang='lat' dir='ltr'>terras</span> <span class='ocrx_word' id='word_1_159' title='bbox 677 1760 855 1803; x_wconf 86' lang='lat' dir='ltr'>hostium</span> <span class='ocrx_word' id='word_1_160' title='bbox 890 1774 1057 1803; x_wconf 87' lang='lat' dir='ltr'>suorum</span> <span class='ocrx_word' id='word_1_161' title='bbox 1090 1761 1214 1817; x_wconf 90' lang='lat' dir='ltr'>paulo</span> <span class='ocrx_word' id='word_1_162' title='bbox 1247 1766 1341 1818; x_wconf 91' lang='lat' dir='ltr'>post</span> <span class='ocrx_word' id='word_1_163' title='bbox 1369 1763 1656 1817; x_wconf 85' lang='lat' dir='ltr'>transiturum,</span> <span class='ocrx_word' id='word_1_164' title='bbox 1687 1762 1863 1817; x_wconf 88' lang='lat' dir='ltr'>ideoque</span> <span class='ocrx_word' id='word_1_165' title='bbox 1884 1761 1959 1804; x_wconf 91' lang='lat' dir='ltr'>du-</span> 
     </span>
     <span class='ocr_line' id='line_1_24' title="bbox 407 1837 1958 1894; baseline 0 -14"><span class='ocrx_word' id='word_1_166' title='bbox 407 1842 545 1880; x_wconf 85' lang='lat' dir='ltr'>catum</span> <span class='ocrx_word' id='word_1_167' title='bbox 579 1837 615 1879; x_wconf 91' lang='lat' dir='ltr'>ei</span> <span class='ocrx_word' id='word_1_168' title='bbox 654 1838 828 1893; x_wconf 89' lang='lat' dir='ltr'>prebere</span> <span class='ocrx_word' id='word_1_169' title='bbox 858 1851 942 1880; x_wconf 90' lang='lat' dir='ltr'>non</span> <span class='ocrx_word' id='word_1_170' title='bbox 980 1851 1122 1894; x_wconf 80' lang='lat' dir='ltr'>posse3</span> <span class='ocrx_word' id='word_1_171' title='bbox 1163 1852 1216 1882; x_wconf 89' lang='lat' dir='ltr'>ne</span> <span class='ocrx_word' id='word_1_172' title='bbox 1246 1840 1353 1882; x_wconf 83' lang='lat' dir='ltr'>forte</span> <span class='ocrx_word' id='word_1_173' title='bbox 1385 1839 1586 1883; x_wconf 88' lang='lat' dir='ltr'>satellites</span> <span class='ocrx_word' id='word_1_174' title='bbox 1617 1838 1682 1882; x_wconf 88' lang='lat' dir='ltr'>sui</span> <span class='ocrx_word' id='word_1_175' title='bbox 1720 1838 1771 1882; x_wconf 86' lang='lat' dir='ltr'>ab</span> <span class='ocrx_word' id='word_1_176' title='bbox 1802 1837 1958 1881; x_wconf 88' lang='lat' dir='ltr'>eisdem</span> 
     </span>
     <span class='ocr_line' id='line_1_25' title="bbox 406 1914 1277 1969; baseline 0.002 -13"><span class='ocrx_word' id='word_1_177' title='bbox 406 1914 594 1958; x_wconf 89' lang='lat' dir='ltr'>hostibus</span> <span class='ocrx_word' id='word_1_178' title='bbox 626 1915 738 1969; x_wconf 91' lang='lat' dir='ltr'>capti</span> <span class='ocrx_word' id='word_1_179' title='bbox 770 1918 811 1957; x_wconf 90' lang='lat' dir='ltr'>et</span> <span class='ocrx_word' id='word_1_180' title='bbox 841 1915 1016 1968; x_wconf 85' lang='lat' dir='ltr'>iugulati</span> <span class='ocrx_word' id='word_1_181' title='bbox 1047 1916 1277 1959; x_wconf 88' lang='lat' dir='ltr'>interirent.</span> 
     </span>
    </p>

    <p class='ocr_par' dir='ltr' id='par_1_5' title="bbox 406 1991 1960 2967">
     <span class='ocr_line' id='line_1_26' title="bbox 523 1991 1959 2048; baseline 0.001 -15"><span class='ocrx_word' id='word_1_182' title='bbox 523 1992 564 2034; x_wconf 89' lang='lat'>4.</span> <span class='ocrx_word' id='word_1_183' title='bbox 614 1991 718 2034; x_wconf 88' lang='lat' dir='ltr'>Tum</span> <span class='ocrx_word' id='word_1_184' title='bbox 751 1994 871 2047; x_wconf 90' lang='lat' dir='ltr'>pater</span> <span class='ocrx_word' id='word_1_185' title='bbox 902 1992 1107 2047; x_wconf 85' lang='lat' dir='ltr'>amabilis,</span> <span class='ocrx_word' id='word_1_186' title='bbox 1139 1993 1370 2035; x_wconf 84' lang='lat' dir='ltr'>fortissima</span> <span class='ocrx_word' id='word_1_187' title='bbox 1397 1993 1475 2036; x_wconf 91' lang='lat' dir='ltr'>Dei</span> <span class='ocrx_word' id='word_1_188' title='bbox 1508 2006 1635 2035; x_wconf 92' lang='lat' dir='ltr'>manu</span> <span class='ocrx_word' id='word_1_189' title='bbox 1666 2005 1792 2048; x_wconf 88' lang='lat' dir='ltr'>super</span> <span class='ocrx_word' id='word_1_190' title='bbox 1821 2004 1866 2035; x_wconf 87' lang='lat' dir='ltr'>se</span> <span class='ocrx_word' id='word_1_191' title='bbox 1895 1991 1959 2034; x_wconf 91' lang='lat' dir='ltr'>in·</span> 
     </span>
     <span class='ocr_line' id='line_1_27' title="bbox 406 2068 1959 2124; baseline 0 -14"><span class='ocrx_word' id='word_1_192' title='bbox 406 2072 567 2122; x_wconf 83' lang='lat' dir='ltr'>vocata,</span> <span class='ocrx_word' id='word_1_193' title='bbox 599 2068 709 2124; x_wconf 90' lang='lat' dir='ltr'>cepti</span> <span class='ocrx_word' id='word_1_194' title='bbox 739 2068 902 2111; x_wconf 89' lang='lat' dir='ltr'>itineris</span> <span class='ocrx_word' id='word_1_195' title='bbox 927 2082 1094 2111; x_wconf 88' lang='lat' dir='ltr'>cursum</span> <span class='ocrx_word' id='word_1_196' title='bbox 1127 2083 1347 2124; x_wconf 86' lang='lat' dir='ltr'>aggressus</span> <span class='ocrx_word' id='word_1_197' title='bbox 1372 2073 1445 2112; x_wconf 89' lang='lat' dir='ltr'>est.</span> <span class='ocrx_word' id='word_1_198' title='bbox 1567 2068 1789 2112; x_wconf 80' lang='lat' dir='ltr'>Eratillic</span> <span class='ocrx_word' id='word_1_199' title='bbox 1809 2068 1959 2111; x_wconf 66' lang='lat' dir='ltr'>&#39;vastis-</span> 
     </span>
     <span class='ocr_line' id='line_1_28' title="bbox 408 2144 1958 2201; baseline 0 -14"><span class='ocrx_word' id='word_1_200' title='bbox 408 2145 516 2187; x_wconf 91' lang='lat' dir='ltr'>sima</span> <span class='ocrx_word' id='word_1_201' title='bbox 546 2145 662 2188; x_wconf 84' lang='lat' dir='ltr'>silva.</span> <span class='ocrx_word' id='word_1_202' title='bbox 716 2144 826 2195; x_wconf 79' lang='lat' dir='ltr'>Qua⁰</span> <span class='ocrx_word' id='word_1_203' title='bbox 858 2145 1002 2188; x_wconf 89' lang='lat' dir='ltr'>diebus</span> <span class='ocrx_word' id='word_1_204' title='bbox 1035 2146 1216 2201; x_wconf 90' lang='lat' dir='ltr'>quinque</span> <span class='ocrx_word' id='word_1_205' title='bbox 1247 2146 1507 2201; x_wconf 84' lang='lat' dir='ltr'>transmissa,</span> <span class='ocrx_word' id='word_1_206' title='bbox 1538 2146 1653 2189; x_wconf 88' lang='lat' dir='ltr'>venit</span> <span class='ocrx_word' id='word_1_207' title='bbox 1682 2145 1735 2188; x_wconf 85' lang='lat' dir='ltr'>ad</span> <span class='ocrx_word' id='word_1_208' title='bbox 1766 2147 1958 2199; x_wconf 83' lang='lat' dir='ltr'>stagnum</span> 
     </span>
     <span class='ocr_line' id='line_1_29' title="bbox 408 2220 1959 2279; baseline -0.001 -15"><span class='ocrx_word' id='word_1_209' title='bbox 408 2222 514 2264; x_wconf 90' lang='lat' dir='ltr'>mire</span> <span class='ocrx_word' id='word_1_210' title='bbox 545 2222 834 2275; x_wconf 85' lang='lat' dir='ltr'>longitudinis3</span> <span class='ocrx_word' id='word_1_211' title='bbox 876 2222 947 2265; x_wconf 92' lang='lat' dir='ltr'>ubi</span> <span class='ocrx_word' id='word_1_212' title='bbox 977 2222 1295 2266; x_wconf 90' lang='lat' dir='ltr'>homuncionem</span> <span class='ocrx_word' id='word_1_213' title='bbox 1331 2236 1460 2279; x_wconf 87' lang='lat' dir='ltr'>parve</span> <span class='ocrx_word' id='word_1_214' title='bbox 1491 2222 1740 2266; x_wconf 87' lang='lat' dir='ltr'>insidentem</span> <span class='ocrx_word' id='word_1_215' title='bbox 1770 2220 1959 2264; x_wconf 87' lang='lat' dir='ltr'>navicule</span> 
     </span>
     <span class='ocr_line' id='line_1_30' title="bbox 408 2298 1956 2355; baseline -0.001 -14"><span class='ocrx_word' id='word_1_216' title='bbox 408 2299 727 2355; x_wconf 89' lang='lat' dir='ltr'>contemplatus,</span> <span class='ocrx_word' id='word_1_217' title='bbox 760 2298 970 2354; x_wconf 86' lang='lat' dir='ltr'>copiosam</span> <span class='ocrx_word' id='word_1_218' title='bbox 995 2299 1045 2342; x_wconf 93' lang='lat' dir='ltr'>ab</span> <span class='ocrx_word' id='word_1_219' title='bbox 1067 2312 1114 2341; x_wconf 93' lang='lat' dir='ltr'>eo</span> <span class='ocrx_word' id='word_1_220' title='bbox 1146 2299 1324 2355; x_wconf 89' lang='lat' dir='ltr'>piscium</span> <span class='ocrx_word' id='word_1_221' title='bbox 1355 2299 1664 2342; x_wconf 85' lang='lat' dir='ltr'>multitudinem</span> <span class='ocrx_word' id='word_1_222' title='bbox 1686 2298 1956 2354; x_wconf 81' lang='lat' dir='ltr'>comparavit.</span> 
     </span>
     <span class='ocr_line' id='line_1_31' title="bbox 411 2374 1959 2432; baseline -0.001 -14"><span class='ocrx_word' id='word_1_223' title='bbox 411 2374 492 2418; x_wconf 88' lang='lat' dir='ltr'>Sed</span> <span class='ocrx_word' id='word_1_224' title='bbox 522 2376 634 2432; x_wconf 89' lang='lat' dir='ltr'>ipse,</span> <span class='ocrx_word' id='word_1_225' title='bbox 673 2376 827 2418; x_wconf 90' lang='lat' dir='ltr'>mirum</span> <span class='ocrx_word' id='word_1_226' title='bbox 860 2374 1009 2430; x_wconf 67' lang='lat' dir='ltr'>dictud,</span> <span class='ocrx_word' id='word_1_227' title='bbox 1049 2380 1220 2430; x_wconf 91' lang='lat' dir='ltr'>argento</span> <span class='ocrx_word' id='word_1_228' title='bbox 1258 2376 1389 2419; x_wconf 92' lang='lat' dir='ltr'>multo</span> <span class='ocrx_word' id='word_1_229' title='bbox 1428 2376 1602 2431; x_wconf 90' lang='lat' dir='ltr'>aliisque</span> <span class='ocrx_word' id='word_1_230' title='bbox 1633 2374 1848 2432; x_wconf 89' lang='lat' dir='ltr'>speciebus</span> <span class='ocrx_word' id='word_1_231' title='bbox 1879 2374 1959 2417; x_wconf 87' lang='lat' dir='ltr'>sibi</span> 
     </span>
     <span class='ocr_line' id='line_1_32' title="bbox 409 2450 1960 2509; baseline -0.001 -15"><span class='ocrx_word' id='word_1_232' title='bbox 409 2452 650 2508; x_wconf 86' lang='lat' dir='ltr'>propositis,</span> <span class='ocrx_word' id='word_1_233' title='bbox 681 2452 742 2494; x_wconf 91' lang='lat' dir='ltr'>nil</span> <span class='ocrx_word' id='word_1_234' title='bbox 773 2452 896 2508; x_wconf 89' lang='lat' dir='ltr'>pretii</span> <span class='ocrx_word' id='word_1_235' title='bbox 926 2452 1006 2495; x_wconf 90' lang='lat' dir='ltr'>nisi</span> <span class='ocrx_word' id='word_1_236' title='bbox 1039 2455 1201 2495; x_wconf 90' lang='lat' dir='ltr'>tantum</span> <span class='ocrx_word' id='word_1_237' title='bbox 1225 2453 1286 2495; x_wconf 90' lang='lat' dir='ltr'>sal</span> <span class='ocrx_word' id='word_1_238' title='bbox 1309 2453 1494 2509; x_wconf 89' lang='lat' dir='ltr'>accipere</span> <span class='ocrx_word' id='word_1_239' title='bbox 1516 2452 1736 2496; x_wconf 89' lang='lat' dir='ltr'>consensit.</span> <span class='ocrx_word' id='word_1_240' title='bbox 1784 2450 1960 2494; x_wconf 86' lang='lat' dir='ltr'>Dicebat</span> 
     </span>
     <span class='ocr_line' id='line_1_33' title="bbox 410 2528 1960 2585; baseline -0.001 -14"><span class='ocrx_word' id='word_1_241' title='bbox 410 2529 543 2571; x_wconf 89' lang='lat' dir='ltr'>enim:</span> <span class='ocrx_word' id='word_1_242' title='bbox 576 2529 793 2585; x_wconf 91' lang='lat' dir='ltr'>septennio</span> <span class='ocrx_word' id='word_1_243' title='bbox 825 2543 870 2572; x_wconf 89' lang='lat' dir='ltr'>se</span> <span class='ocrx_word' id='word_1_244' title='bbox 899 2543 1050 2585; x_wconf 89' lang='lat' dir='ltr'>panem</span> <span class='ocrx_word' id='word_1_245' title='bbox 1073 2543 1155 2572; x_wconf 92' lang='lat' dir='ltr'>non</span> <span class='ocrx_word' id='word_1_246' title='bbox 1182 2532 1384 2584; x_wconf 87' lang='lat' dir='ltr'>gustasse,</span> <span class='ocrx_word' id='word_1_247' title='bbox 1417 2530 1490 2572; x_wconf 88' lang='lat' dir='ltr'>sed</span> <span class='ocrx_word' id='word_1_248' title='bbox 1520 2528 1703 2585; x_wconf 88' lang='lat' dir='ltr'>piscibus</span> <span class='ocrx_word' id='word_1_249' title='bbox 1725 2530 1887 2570; x_wconf 83' lang='lat' dir='ltr'>tantum</span> <span class='ocrx_word' id='word_1_250' title='bbox 1918 2530 1960 2569; x_wconf 89' lang='lat' dir='ltr'>et</span> 
     </span>
     <span class='ocr_line' id='line_1_34' title="bbox 411 2603 1959 2662; baseline -0.001 -15"><span class='ocrx_word' id='word_1_251' title='bbox 411 2618 518 2660; x_wconf 89' lang='lat' dir='ltr'>aqua</span> <span class='ocrx_word' id='word_1_252' title='bbox 549 2606 685 2659; x_wconf 85' lang='lat' dir='ltr'>stagni</span> <span class='ocrx_word' id='word_1_253' title='bbox 716 2605 827 2648; x_wconf 90' lang='lat' dir='ltr'>illius</span> <span class='ocrx_word' id='word_1_254' title='bbox 857 2606 984 2648; x_wconf 87' lang='lat' dir='ltr'>vitam</span> <span class='ocrx_word' id='word_1_255' title='bbox 1018 2605 1128 2648; x_wconf 89' lang='lat' dir='ltr'>alere</span> <span class='ocrx_word' id='word_1_256' title='bbox 1159 2606 1339 2662; x_wconf 90' lang='lat' dir='ltr'>inopem.</span> <span class='ocrx_word' id='word_1_257' title='bbox 1389 2606 1616 2662; x_wconf 85' lang='lat' dir='ltr'>Siquidem,</span> <span class='ocrx_word' id='word_1_258' title='bbox 1648 2607 1771 2661; x_wconf 85' lang='lat' dir='ltr'>capta</span> <span class='ocrx_word' id='word_1_259' title='bbox 1801 2617 1827 2647; x_wconf 87' lang='lat' dir='ltr'>a</span> <span class='ocrx_word' id='word_1_260' title='bbox 1857 2603 1959 2647; x_wconf 89' lang='lat' dir='ltr'>duce</span> 
     </span>
     <span class='ocr_line' id='line_1_35' title="bbox 409 2681 1960 2738; baseline -0.001 -14"><span class='ocrx_word' id='word_1_261' title='bbox 409 2681 579 2725; x_wconf 92' lang='lat' dir='ltr'>Polonie</span> <span class='ocrx_word' id='word_1_262' title='bbox 612 2682 756 2725; x_wconf 87' lang='lat' dir='ltr'>eadem</span> <span class='ocrx_word' id='word_1_263' title='bbox 788 2682 1016 2738; x_wconf 88' lang='lat' dir='ltr'>provincia,</span> <span class='ocrx_word' id='word_1_264' title='bbox 1049 2682 1137 2737; x_wconf 93' lang='lat' dir='ltr'>ipse</span> <span class='ocrx_word' id='word_1_265' title='bbox 1169 2695 1264 2725; x_wconf 91' lang='lat' dir='ltr'>cum</span> <span class='ocrx_word' id='word_1_266' title='bbox 1293 2696 1423 2726; x_wconf 87' lang='lat' dir='ltr'>uxore</span> <span class='ocrx_word' id='word_1_267' title='bbox 1445 2696 1520 2725; x_wconf 88' lang='lat' dir='ltr'>sua</span> <span class='ocrx_word' id='word_1_268' title='bbox 1542 2681 1720 2736; x_wconf 84' lang='lat' dir='ltr'>fugiens,</span> <span class='ocrx_word' id='word_1_269' title='bbox 1753 2681 1887 2724; x_wconf 86' lang='lat' dir='ltr'>securi</span> <span class='ocrx_word' id='word_1_270' title='bbox 1919 2682 1960 2722; x_wconf 91' lang='lat' dir='ltr'>et</span> 
     </span>
     <span class='ocr_line' id='line_1_36' title="bbox 411 2756 1958 2815; baseline -0.001 -15"><span class='ocrx_word' id='word_1_271' title='bbox 411 2758 523 2800; x_wconf 85' lang='lat' dir='ltr'>ascia</span> <span class='ocrx_word' id='word_1_272' title='bbox 554 2771 629 2800; x_wconf 87' lang='lat' dir='ltr'>sua</span> <span class='ocrx_word' id='word_1_273' title='bbox 660 2762 896 2815; x_wconf 88' lang='lat' dir='ltr'>assumpta,</span> <span class='ocrx_word' id='word_1_274' title='bbox 934 2772 1107 2814; x_wconf 89' lang='lat' dir='ltr'>parvam</span> <span class='ocrx_word' id='word_1_275' title='bbox 1145 2759 1190 2800; x_wconf 92' lang='lat' dir='ltr'>in</span> <span class='ocrx_word' id='word_1_276' title='bbox 1220 2759 1355 2801; x_wconf 92' lang='lat' dir='ltr'>medio</span> <span class='ocrx_word' id='word_1_277' title='bbox 1388 2759 1524 2813; x_wconf 88' lang='lat' dir='ltr'>stagni</span> <span class='ocrx_word' id='word_1_278' title='bbox 1563 2757 1695 2814; x_wconf 88' lang='lat' dir='ltr'>ipsius</span> <span class='ocrx_word' id='word_1_279' title='bbox 1736 2756 1958 2813; x_wconf 88' lang='lat' dir='ltr'>planiciem</span> 
     </span>
     <span class='ocr_line' id='line_1_37' title="bbox 409 2833 1959 2890; baseline -0.001 -14"><span class='ocrx_word' id='word_1_280' title='bbox 409 2834 587 2887; x_wconf 82' lang='lat' dir='ltr'>invenit3</span> <span class='ocrx_word' id='word_1_281' title='bbox 619 2834 690 2877; x_wconf 90' lang='lat' dir='ltr'>ubi</span> <span class='ocrx_word' id='word_1_282' title='bbox 712 2834 902 2878; x_wconf 87' lang='lat' dir='ltr'>edificata</span> <span class='ocrx_word' id='word_1_283' title='bbox 923 2834 1173 2877; x_wconf 89' lang='lat' dir='ltr'>domuncula</span> <span class='ocrx_word' id='word_1_284' title='bbox 1194 2847 1335 2877; x_wconf 90' lang='lat' dir='ltr'>secure</span> <span class='ocrx_word' id='word_1_285' title='bbox 1357 2834 1584 2888; x_wconf 84' lang='lat' dir='ltr'>habitabat,</span> <span class='ocrx_word' id='word_1_286' title='bbox 1616 2833 1959 2890; x_wconf 82' lang='lat' dir='ltr'>tantamquesic-</span> 
     </span>
     <span class='ocr_line' id='line_1_38' title="bbox 409 2909 1960 2967; baseline -0.001 -14"><span class='ocrx_word' id='word_1_287' title='bbox 409 2914 595 2954; x_wconf 87' lang='lat' dir='ltr'>catorum</span> <span class='ocrx_word' id='word_1_288' title='bbox 634 2911 811 2966; x_wconf 87' lang='lat' dir='ltr'>piscium</span> <span class='ocrx_word' id='word_1_289' title='bbox 849 2910 1159 2954; x_wconf 91' lang='lat' dir='ltr'>multitudinem</span> <span class='ocrx_word' id='word_1_290' title='bbox 1193 2912 1322 2954; x_wconf 90' lang='lat' dir='ltr'>estivo</span> <span class='ocrx_word' id='word_1_291' title='bbox 1353 2915 1541 2967; x_wconf 86' lang='lat' dir='ltr'>tempore</span> <span class='ocrx_word' id='word_1_292' title='bbox 1573 2909 1872 2965; x_wconf 79' lang='lat' dir='ltr'>congregabat,</span> <span class='ocrx_word' id='word_1_293' title='bbox 1913 2912 1960 2952; x_wconf 89' lang='lat' dir='ltr'>ut</span> 
     </span>
    </p>
   </div>
   <div class='ocr_carea' id='block_1_5' title="bbox 503 3000 1958 3044">
    <p class='ocr_par' dir='ltr' id='par_1_6' title="bbox 503 3000 1958 3044">
     <span class='ocr_line' id='line_1_39' title="bbox 503 3000 1958 3044; baseline -0.001 -10"><span class='ocrx_word' id='word_1_294' title='bbox 503 3013 529 3034; x_wconf 80' lang='lat' dir='ltr'>a.</span> <span class='ocrx_word' id='word_1_295' title='bbox 555 3003 611 3034; x_wconf 78' lang='lat' dir='ltr'>sub</span> <span class='ocrx_word' id='word_1_296' title='bbox 626 3004 657 3034; x_wconf 91' lang='lat' dir='ltr'>in</span> <span class='ocrx_word' id='word_1_297' title='bbox 673 3004 754 3034; x_wconf 87' lang='lat' dir='ltr'>edito</span> <span class='ocrx_word' id='word_1_298' title='bbox 770 3009 891 3044; x_wconf 76' lang='lat' dir='ltr'>puncta</span> <span class='ocrx_word' id='word_1_299' title='bbox 907 3004 1014 3043; x_wconf 80' lang='lat' dir='ltr'>posita</span> <span class='ocrx_word' id='word_1_300' title='bbox 1027 3008 1100 3034; x_wconf 77' lang='lat' dir='ltr'>sunt</span> <span class='ocrx_word' id='word_1_301' title='bbox 1112 3004 1146 3034; x_wconf 80' lang='lat' dir='ltr'>in</span> <span class='ocrx_word' id='word_1_302' title='bbox 1161 3003 1192 3034; x_wconf 88' lang='lat' dir='ltr'>C&#39;.</span> <span class='ocrx_word' id='word_1_303' title='bbox 1274 3004 1303 3034; x_wconf 92' lang='lat' dir='ltr'>b.</span> <span class='ocrx_word' id='word_1_304' title='bbox 1326 3004 1424 3041; x_wconf 82' lang='lat' dir='ltr'>magni</span> <span class='ocrx_word' id='word_1_305' title='bbox 1439 3003 1469 3034; x_wconf 86' lang='lat' dir='ltr'>C.</span> <span class='ocrx_word' id='word_1_306' title='bbox 1551 3013 1576 3034; x_wconf 88' lang='lat' dir='ltr'>c.</span> <span class='ocrx_word' id='word_1_307' title='bbox 1598 3004 1649 3042; x_wconf 88' lang='lat' dir='ltr'>qui</span> <span class='ocrx_word' id='word_1_308' title='bbox 1664 3003 1695 3034; x_wconf 82' lang='lat'>0.</span> <span class='ocrx_word' id='word_1_309' title='bbox 1778 3003 1807 3033; x_wconf 81' lang='lat' dir='ltr'>d.</span> <span class='ocrx_word' id='word_1_310' title='bbox 1830 3003 1911 3033; x_wconf 87' lang='lat' dir='ltr'>dicto</span> <span class='ocrx_word' id='word_1_311' title='bbox 1927 3000 1958 3032; x_wconf 82' lang='lat'>0.</span> 
     </span>
    </p>
   </div>
  </div>
 </body>
</html>
