2028 3438
447 252 612 284 8801118
642 253 749 284 vrrA
781 251 991 284 orromS.
1038 252 1127 283 Lm.
1150 252 1186 283 11
1218 250 1262 284 13
1553 240 1638 283 637

66 361 344 415 struerentur,
374 359 543 416 profani
573 359 813 404 sacerdotes
845 372 1014 403 auream
1045 358 1274 414 imaginem
1297 357 1535 414 Trigelawi,
1569 358 1641 414 qui
1670 368 1763 404 1124

65 435 358 495 principaliter
389 436 442 480 ab
473 437 534 481 eis
565 436 794 492 colebatur,
825 437 968 493 furati,
1007 440 1130 480 extra
1158 435 1423 494 provinciam
1455 435 1640 479 abduxe-

0 537 7 579 'ss
65 511 166 558 runt
194 517 251 559 *et
281 514 450 559 cuidam
481 514 626 570 vidue,
667 514 780 572 apud
812 514 957 558 villam
988 515 1197 558 modicam
1231 513 1420 569 degenti,
1460 513 1533 556 ubi
1563 526 1642 556 nec

0 586 9 622 -''
66 589 282 650 upee‘sulla
309 592 555 650 requirendi
586 596 717 647 esset,
758 593 811 636 ad
843 592 1164 637 custodiendum
1201 591 1481 635 tradiderunt.
1538 590 1639 645 Que,

0 684 7 736 j
64 669 272 714 mercede<
299 669 352 714 ad
388 669 468 714 hoc
505 670 731 726 conducta,
772 671 893 726 quasi
932 669 1137 727 pupillam
1171 669 1281 713 oculi
1319 669 1386 712 sui
1420 668 1640 712 includens

65 747 290 806 profanum
319 747 424 791 illud
455 748 718 792 custodiebat
748 748 1044 801 simulacrum3
1084 748 1145 791 ita
1181 751 1247 803 ut,
1286 751 1435 791 trunco
1467 745 1640 790 validis-

2 867 4 870 .
65 825 178 870 sime
202 825 366 870 arboris
398 829 567 881 cavato,
605 825 694 869 illic
727 826 958 881 imaginem
991 825 1216 881 Trigelawi
1254 825 1383 882 pallio
1417 823 1639 867 obductam

63 902 299 948 includeret
329 907 378 948 et·
401 916 480 947 nec
499 903 671 947 videndi
691 917 746 948 ne
767 903 905 947 dicam
926 903 1129 959 tangendi
1159 903 1264 946 illud
1289 903 1486 958 cuiquam
1518 901 1642 958 copia

65 985 196 1026 esset>
237 980 509 1026 Solummodo
539 981 731 1025 foramen
751 981 978 1037 modicum,
1011 981 1083 1025 ubi
1115 980 1366 1025 sacrificium
1398 980 1640 1035 inferretur,

4 1055 6 1058 ’
64 1059 109 1103 in
137 1063 288 1103 trunco
313 1059 514 1117 ›patebat3
546 1073 624 1103 nec
645 1060 867 1116 quisquam
889 1060 1060 1103 domum
1085 1059 1204 1103 illam
1227 1059 1310 1102 nisi
1342 1058 1542 1115 profanos
1574 1071 1641 1101 sa-

64 1135 316 1182 crificiorum
346 1137 456 1181 ritus
482 1137 633 1193 agendi
666 1151 793 1181 causa
823 1138 1023 1181 intrabat.
1147 1136 1267 1188 Quod
1298 1136 1488 1191 audiens,
1520 1135 1641 1179 incli-

63 1219 133 1260 tus
152 1214 482 1260 Pomeranorum
506 1216 722 1273 apostolus
745 1215 979 1259 multifaria
1008 1215 1248 1258 intencione
1273 1214 1506 1269 satagebat,
1539 1227 1640 1270 quo—

65 1306 149 1351 quo
186 1293 311 1338 modo
348 1293 450 1338 illuc
486 1294 714 1350 attingere3
763 1297 1053 1351 premetuenS,
1096 1293 1208 1350 quod
1247 1296 1290 1336 et
1328 1292 1503 1347 accidit,
1545 1296 1643 1349 post

65 1370 305 1416 abscessum
342 1368 466 1416 suum
505 1372 681 1416 rudibus
720 1372 856 1415 adhuc
896 1375 939 1415 et
975 1371 1154 1415 necdum
1190 1371 1235 1414 in
1265 1369 1348 1414 fide
1379 1369 1638 1414 confirmatis

64 1450 258 1508 plebibus
297 1449 568 1497 simulacrum
608 1450 713 1493 illud
752 1451 797 1493 in
828 1451 993 1494 ruinam
1026 1449 1228 1493 futurum.
1286 1448 1369 1492 Sed
1408 1449 1639 1506 prudenter

65 1528 426 1584 animadvertens,
464 1531 612 1585 utpote
651 1528 716 1571 vir
753 1528 867 1571 omni
908 1528 1138 1583 sagacitate
1175 1526 1386 1584 preditus:
1435 1527 1554 1582 quia,
1602 1526 1638 1569 si

62 1606 278 1665 publicam
304 1605 377 1650 illo
409 1606 712 1664 profectionem
739 1606 957 1662 indiceret,
991 1605 1244 1660 sacerdotes,
1278 1604 1421 1648 audito
1452 1605 1541 1648 eius
1565 1604 1638 1648 ad-

63 1688 204 1741 ventu,
235 1684 462 1740 imaginem
485 1684 710 1740 Trigelawi
740 1698 908 1727 rursum
942 1684 995 1728 ad
1025 1683 1262 1727 remociora
1293 1682 1540 1726 occultando
1566 1682 1639 1725 ab·

62 1763 276 1819 ducerent,
309 1762 491 1820 sapienti
521 1776 623 1805 usus
645 1762 834 1818 consilio,
869 1762 1078 1818 quendam
1101 1775 1152 1805 ex
1175 1760 1398 1805 comitibus
1421 1761 1509 1804 suis
1531 1760 1638 1803 Her-

62 1854 265 1886 mannum
295 1840 480 1895 nomine,
513 1840 692 1884 barbare
712 1840 936 1884 locutionis
959 1839 1135 1883 sciolum
1157 1852 1367 1895 sensuque
1399 1842 1441 1882 et
1468 1839 1637 1894 ingenio

63 1920 168 1964 satis
199 1923 388 1975 acutum,
430 1918 611 1962 latenter
643 1918 695 1961 ad
729 1918 898 1962 viduam
934 1918 1051 1962 illam
1084 1917 1297 1961 destinare
1328 1917 1504 1960 curavit.
1560 1916 1639 1960 Cui

63 1997 191 2042 etiam
221 1997 424 2055 precepit,
456 2000 516 2052 ut,
550 2000 767 2053 assumpto
799 1997 946 2041 habitu
972 1996 1206 2050 barbarico,
1239 1995 1294 2038 ad
1316 1994 1638 2038 sacrificandum

63 2075 298 2132 Trigelawo
328 2089 374 2119 se
405 2088 580 2132 pergere
610 2074 800 2131 fingeret.
924 2073 1192 2118 Hermannus
1223 2074 1381 2130 itaque,
1420 2072 1638 2130 pilleolum

62 2153 329 2198 barbaricum
362 2156 406 2197 et
434 2153 657 2197 clamidem
688 2158 919 2207 mercatus,
958 2155 1056 2209 post
1090 2151 1224 2194 multa
1258 2151 1387 2194 ardue
1419 2151 1486 2194 vie
1526 2151 1638 2208 peri-

62 2231 160 2276 cula
187 2231 359 2276 viduam
390 2230 507 2275 illam
539 2231 711 2274 tandem
744 2230 1018 2285 conveniens»,
1052 2229 1288 2273 asserebat:
1322 2242 1387 2284 se,
1419 2242 1555 2285 nuper
1587 2229 1638 2272 de

61 2309 295 2368 procelloso
315 2310 447 2354 maris
471 2310 638 2366 gurgite
669 2322 745 2366 per
766 2308 1075 2351 invocationem
1099 2307 1167 2350 dei
1199 2307 1264 2349 sui
1286 2306 1511 2361 Trigelawi
1544 2320 1637 2350 eru-

0 2429 1 2432 ,
62 2390 152 2432 tum
172 2387 351 2444 ideoque
372 2387 561 2432 debitum
593 2388 632 2431 ei
663 2400 739 2444 pro
762 2386 996 2429 salvatione
1028 2398 1105 2428 sua
1136 2384 1388 2428 sacrificium
1420 2383 1544 2427 litare
1566 2384 1637 2427 de-

63 2465 334 2521 siderantem,
367 2465 495 2509 ductu
517 2466 606 2509 eius
627 2465 701 2508 illo
723 2463 907 2507 mirabili
931 2463 1077 2506 ordine
1104 2476 1181 2519 per
1202 2462 1367 2517 ignotos
1389 2461 1456 2504 vie
1476 2464 1637 2505 tractus

64 2543 295 2588 devenisse.
343 2543 403 2587 At
432 2543 526 2587 illa:
562 2544 616 2588 Si
645 2544 696 2586 ab
721 2559 765 2586 eo
797 2542 936 2597 inquit
967 2544 1117 2584 missus
1144 2556 1199 2594 es,
1234 2555 1322 2583 ecce
1342 2533 1450 2593 edes,
1483 2542 1530 2582 iu
1552 2555 1637 2596 qua

63 2623 164 2666 deus
194 2630 336 2665 noster
364 2622 514 2665 robore
544 2630 691 2664 cavato
715 2621 902 2663 indueus
925 2621 1142 2662 detinetur.
1193 2619 1341 2675 Ipsum
1373 2619 1541 2674 quidem
1571 2620 1636 2660 vi-

0 215 17 286 ἔ

0 286 15 367 1

0 368 10 455 Ξ

0 462 14 516 r}

64 2701 161 2743 dere
181 2708 219 2744 et
238 2708 408 2757 tanyere
436 2715 522 2742 non
551 2701 734 2756 poterim
765 2700 839 2741 aed
859 2706 956 2740 ante
981 2706 1175 2741 truncum
1203 2697 1442 2753 procidens,
1478 2698 1637 2739 eminue

51 2778 257 2834 foramen
286 2778 510 2833 modicum,
543 2777 618 2820 ubi
648 2777 763 2833 quod
792 2777 946 2819 vovieti
974 2774 1227 2830 sacrficium
1246 2774 1424 2830 inferas,
1459 2775 1634 2817 attende.

66 2855 193 2910 Quod
222 2856 323 2898 dum
351 2856 618 2912 imposueris,
659 2862 891 2896 reverenter
923 2853 1065 2896 clauso
1099 2854 1219 2906 ostio,
1254 2853 1458 2908 eqredere.
1511 2852 1571 2894 Et
1599 2853 1639 2894 ei

64 2935 147 2977 vite
176 2942 243 2976 tue
273 2933 507 2976 consultum
539 2947 624 2975 esee
652 2932 849 2984 volueris,
884 2946 995 2983 cave,
1028 2945 1080 2973 ne
1102 2933 1299 2987 cuiquam
1330 2931 1440 2972 hunc
1467 2929 1636 2986 patefa-

66 3012 153 3053 cias
184 3025 428 3053 sermonem.
475 3009 554 3061 Qui
587 3009 724 3053 alacer
756 3008 874 3052 edem
908 3008 1023 3051 illam
1056 3008 1286 3063 ingressus,
1318 3007 1535 3062 dragmam
1569 3019 1637 3049 ar-
