2028 3438
218 390 236 424 1
243 390 308 425 103

162 437 249 468 Febr.
257 454 287 458 —-
298 438 361 468 Iun.

383 262 468 305 212
897 275 1117 307 nmmum
1147 276 1315 307 connx.
1355 275 1433 308 Δ113

382 380 538 433 Amen,
579 395 698 423 amen
737 383 828 424 dico
868 383 1003 435 vobis,
1043 373 1231 425 videbitis
1272 383 1428 425 caelum
1469 383 1938 439 apertum·-eos2aaqelm

381 456 469 499 Dei
497 459 757 500 ascendentes
789 467 827 501 et
847 459 1130 502 descendentes
1152 475 1277 516 super
1297 460 1439 514 filium
1469 456 1680 502 home'm‘a²⁴
1726 458 1938 505 Himfflius

380 533 561 576 hominis
602 541 762 578 nonne³
800 533 908 577 filios
947 535 1146 590 hominis,
1186 536 1230 578 id
1269 539 1332 579 est
1367 536 1506 591 Adae,
1544 536 1588 578 in
1627 549 1704 581 sua
1737 535 1940 593 exprimit

380 610 585 666 persona?
643 610 691 654 In
737 616 881 668 aperto
921 612 1119 656 ecclesiae
1157 613 1271 656 caelo
1319 616 1360 655 et
1398 613 1494 656 boni
1542 616 1584 656 et
1621 613 1722 656 mali
1750 613 1935 657 intrant·

380 686 478 742 Vos,
517 680 731 744 praesules
764 688 974 744 ecclesiae,
1015 690 1086 745 qui
1117 690 1218 732 estis
1249 689 1386 744 angeli
1416 689 1510 745 Dei,
1540 689 1832 744 gradatim·ad
1857 694 1938 733 dios

381 763 630 825 descendere
662 765 842 819 debetis;
875 766 1082 820 gradatim
1115 770 1156 810 et
1186 780 1261 810 nos
1295 767 1345 809 ad
1370 780 1441 810 vos
1472 767 1695 811 ascendere
1725 766 1935 811 debemus.

380 840 512 892 Quotb
550 825 748 896 gradibus
780 842 833 884 ad
865 856 937 885 vos
969 843 1253 898 ascendimus,
1292 847 1354 886 tot
1393 844 1445 886 ad
1479 858 1556 887 nos
1587 843 1939 888 descenderfflde-

381 917 499 961 betis.
554 918 632 961 Est
672 919 833 975 primus
871 919 1025 973 gradus
1063 920 1182 964 nobis
1223 921 1274 963 ad
1322 921 1586 977 episcopum,
1633 920 1837 965 secundus
1885 919 1938 963 ad

380 994 753 1052 archiepiscopum,
785 1009 860 1052 per
882 1010 983 1052 quos
1005 997 1227 1041 ascendere
1248 997 1445 1040 debemus
1468 998 1521 1040 ad
1541 997 1739 1053 gradum⁶
1759 997 1935 1042 tercium

378 1071 422 1114 id
462 1075 526 1114 est
564 1072 615 1115 ad
654 1086 809 1129 papam
841 1073 1088 1117 Romanum.
1214 1074 1348 1131 Super
1386 1074 1516 1117 filium
1555 1074 1736 1118 hominis
1767 1074 1937 1119 descen·-

379 1148 497 1191 ditis:
532 1162 624 1191 cum
657 1149 884 1193 humilibus
916 1151 1210 1207 compaciendo
1243 1151 1585 1195 condescenditis.
1639 1151 1775 1208 Super
1795 1150 1935 1195 :filium

378 1225 558 1268 hominis
591 1226 859 1269 ascenditisdz
902 1241 995 1270 cum
1029 1228 1152 1271 verbo
1185 1230 1227 1270 et
1256 1228 1446 1284 exemplo
1483 1228 1660 1272 humiles
1692 1228 1745 1271 ad
1774 1227 1934 1272 caelum

378 1302 610 1346 sustollitis.

496 1379 650 1435 Credo,
692 1381 858 1435 dicetis,
899 1394 974 1424 nos
1007 1381 1099 1425 ideo
1131 1381 1275 1425 haberi
1307 1394 1382 1437 pro
1414 1381 1806 1437 excommunicatis,
1835 1381 1936 1438 quia

376 1456 565 1499 favemus
605 1457 800 1514 episeopo
839 1455 1043 1513 nostro⁰²,
1084 1458 1241 1501 faventi
1280 1458 1467 1514 partibus
1507 1459 1663 1501 domini
1701 1457 1767 1502 sui
1799 1458 1934 1515 impe-

377 1530 565 1575 ratoris³.
689 1534 735 1576 In
767 1534 844 1577 hae
875 1548 920 1577 re
951 1538 1050 1578 sunt
1078 1535 1205 1578 inicia
1226 1534 1438 1589 dolorum,
1478 1549 1554 1592 pro
1585 1535 1664 1578 hac
1691 1549 1741 1578 re
1768 1534 1932 1591 crebres-

378 1613 500 1652 seunt
530 1623 680 1654 causae
713 1611 930 1654 malorum.
980 1611 1086 1663 Quia
1117 1611 1313 1654 sathanas
1345 1609 1541 1667 solutus⁴,
1582 1615 1736 1655 terram
1768 1625 1934 1668 peram-

377 1686 547 1741 bulans,
580 1688 665 1730 iam
697 1688 840 1744 divisit
869 1702 1043 1743 regnum
1076 1692 1117 1731 et
1149 1689 1439 1731 sacerdotium.
1561 1688 1667 1740 Quia
1706 1702 1802 1743 ergo
1841 1688 1930 1731 diae

376 1763 494 1806 bolus
533 1764 648 1807 venit
689 1764 741 1807 ad
779 1749 874 1820 nos,
914 1765 1069 1808 habens
1107 1765 1213 1808 iram
1253 1762 1485 1820 magnam⁵,
1527 1775 1690 1823 patrem
1727 1774 1926 1818 nostrum,

376 1843 451 1898 qui
481 1849 539 1883 est
567 1844 612 1883 in
645 1843 782 1902 caelis,
818 1856 984 1885 oramus
1016 1856 1092 1898 pro
1124 1842 1201 1885 hoc
1232 1843 1490 1898 specialiter:
1522 1858 1573 1886 ne
1592 1859 1667 1887 nos
1687 1845 1861 1886 inducat
1875 1844 1929 1886 in

374 1920 681 1974 temptationem
711 1918 830 1973 hanc,
868 1921 940 1962 sed
970 1921 1111 1962 liberet
1140 1935 1214 1961 nos
1247 1937 1271 1961 a
1303 1921 1413 1962 malo
1450 1920 1571 1963 huius
1602 1915 1926 1976 temptationis⁶.

374 1993 504 2036 Nobis
552 1994 872 2050 dormientibus,
919 1996 1113 2038 inimicus
1160 1996 1509 2052 superseminavit
1547 1997 1710 2040 zizania
1743 1996 1788 2040 in
1828 2009 1927 2051 agro

376 2069 609 2114 ecclesiae⁷.
662 2072 958 2129 ExpectamuS‚
993 2073 1122 2115 donec
1154 2072 1290 2127 angeli
1321 2087 1524 2117 messores
1555 2073 1636 2117 Dei
1667 2073 1838 2129 alligent
1868 2073 1928 2116 zi-

376 2148 590 2191 zaniorum
620 2149 839 2193 fasciculos
877 2150 929 2192 ad
961 2147 1321 2193 comburendum⁸.
1379 2150 1489 2193 Num
1520 2151 1612 2193 ideo
1645 2150 1821 2194 dicimur
1850 2155 1926 2193 nos

375 2226 749 2270 excommunicati?
879 2227 912 2270 Ο
954 2227 1071 2282 quot‘
1108 2226 1344 2282 manipulos
1378 2227 1511 2280 ⁸tritici
1549 2227 1814 2282 eradicabit⁸,
1833 2245 1835 2247 ’
1856 2226 1926 2282 qui

374 2305 470 2345 ante
501 2306 667 2359 tempus
700 2303 863 2346 zizania
895 2317 919 2346 a
949 2304 1087 2347 tritico
1121 2304 1354 2346 discernere
1385 2304 1568 2347 festinat.

491 2378 614 2430 Quis¹=
647 2381 737 2423 iure
769 2380 1055 2436 reprehendet,
1090 2380 1198 2435 quod
1230 2380 1449 2436 episcopus
1470 2381 1660 2437 partibus
1682 2380 1839 2423 domini
1859 2380 1925 2422 sui

372 2455 497 2510 favet,
530 2457 596 2499 cui
626 2457 875 2513 promissam
908 2470 1001 2500 cum
1033 2458 1265 2500 iuramento
1298 2456 1541 2501 fidelitatem
1572 2457 1721 2500 debet?
1825 2456 1924 2500 Per-

372 2531 526 2574 iurium
558 2547 679 2576 nemo
712 2534 874 2577 dubitat
905 2548 994 2577 esse
1025 2534 1182 2588 grande
1220 2537 1448 2590 peecatum.
1502 2534 1630 2577 Deusi
1669 2533 1780 2576 solus
1814 2533 1926 2576 iurat

374 2611 415 2650 et
442 2622 525 2652 non
556 2610 715 2665 penitet
737 2609 868 2666 eum⁹,
901 2612 999 2674 quia
1019 2611 1226 2667 sapientia
1247 2610 1428 2653 custodit
1457 2614 1681 2667 praecepta
1701 2611 1923 2654 iuramenti

464 2723 491 2743 a.
522 2723 583 2744 non
602 2715 658 2745 VZ.
762 2716 791 2745 b.
823 2716 911 2752 Quod
932 2717 965 2746 Z.
1079 2726 1103 2746 c.
1136 2726 1191 2746 om.
1212 2717 1241 2746 V.
1354 2716 1383 2746 d.
1416 2716 1600 2746 descenditis
1619 2717 1649 2746 V.
1755 2726 1780 2746 e.
1813 2725 1869 2746 om.
1883 2716 1922 2745 B.

371 2766 392 2796 f.
424 2766 505 2804 quod
523 2767 580 2796 VZ.
695 2777 722 2805 g.
756 2769 918 2798 eradicavit
940 2769 974 2805 Z,
998 2769 1195 2799 eradicaverit
1215 2769 1253 2798 B.
1367 2768 1398 2797 h.
1431 2768 1488 2805 Qui
1507 2769 1537 2798 V.
1647 2769 1667 2798 i.
1700 2768 1783 2799 Deus
1804 2784 1834 2789 -
1852 2777 1922 2807 pro-

370 2818 509 2848 hibemur
530 2829 586 2849 om.
601 2820 639 2850 B.

467 2883 498 2916 1.
524 2882 600 2917 Ioh.
620 2883 650 2927 1,
668 2883 725 2917 51.
852 2885 884 2919 2.
911 2883 1070 2919 Otberto.
1198 2885 1231 2919 3.
1257 2883 1415 2919 Heinrici
1433 2883 1494 2919 IV.
1618 2884 1652 2918 4.
1681 2883 1794 2928 Apoc.
1813 2884 1869 2928 20,
1888 2884 1920 2918 7.

371 2939 404 2975 5.
429 2938 689 2986 Ap00.12‚12.
786 2943 818 2977 6.
845 2941 898 2978 ef.
916 2942 1042 2978 Matth.
1056 2944 1088 2987 6,
1107 2943 1139 2978 9.
1157 2943 1211 2978 13.
1309 2943 1340 2976 7.
1366 2941 1491 2976 Matth.
1508 2943 1563 2987 13,
1581 2942 1637 2978 25.
1734 2942 1767 2977 8.
1792 2941 1918 2978 Matth.

372 2998 427 3044 13,
447 2998 503 3034 30.
623 2999 656 3034 9.
682 2999 740 3034 ΡΒ.
757 3001 834 3045 109,
852 3001 885 3035 4.
