2028 3438
609 206 832 244 numum
862 206 1034 239 oonnx.
1087 205 1155 240 190
1579 196 1664 239 331

93 314 275 369 materia
291 327 477 372 ,pravae
521 313 784 371 ambitionis,
831 305 1017 359 nondum
1063 328 1117 358 ex
1157 313 1359 358 Romanis
1404 315 1666 372 principibus
1696 345 1735 351 -
1751 325 1822 362 314

95 388 318 456 quisquam
358 394 554 450 patenter
593 395 834 442 occurrerat
863 393 918 437 ad
947 391 1074 436 fidem
1104 392 1359 441 christianae
1401 393 1628 448 agnitionis
1637 400 1666 437 ⁶.

92 469 277 527 Ideoque
290 470 488 519 :latenter
517 474 560 515 et
591 471 747 527 absque
777 484 892 515 noxa
931 470 1205 519 dissensionis
1241 470 1336 526 cogi
1373 469 1554 526 solebat,
1595 471 1668 527 qui

91 547 316 604 videbatur
345 548 523 598 idoneus
552 561 658 604 esse,
681 548 822 593 subire
842 548 1007 606 pondus
1029 548 1317 606 praelationis.
1436 547 1668 604 Postquam

95 639 198 676 vero
226 625 430 677 silvestri!
451 626 712 683 temporibus
744 626 1067 682 Constantinus,
1098 626 1331 682 imperator
1361 626 1526 683 primus
1556 626 1667 670 veri·
1693 633 1882 671 314-335

46 712 51 714 ’
94 703 196 748 tatis
215 702 366 748 fidem*
386 703 610 754 manifeste
631 704 824 761 adeptus,
855 704 1017 748 cunctis
1047 704 1092 747 in
1121 703 1300 760 imperio
1322 717 1398 747 suo
1419 703 1666 759 degentibus

94 780 336 833 nouaclum
349 780 600 825 christianos
620 780 714 824 fieri
733 781 806 825 sed
829 782 956 826 etiam
979 781 1176 826 ecclesias
1197 781 1433 825 fabricandi
1452 781 1667 825 licentiam

95 858 214 911 dedit
241 861 285 904 et
314 858 490 916 praedia
516 858 577 903 eis
605 859 830 903 tribuenda
857 860 1089 915 constituit,
1123 859 1260 903 omnis
1281 859 1396 903 modi
1426 859 1667 902 hominibus

96 936 151 982 ad
179 935 307 985 fidem
337 936 495 981 Christi
526 936 831 981 confluentibus
863 940 905 980 et
934 938 1109 995 propria
1133 951 1211 994 pro
1239 937 1490 981 delictorum
1518 936 1669 980 remis-

96 1013 222 1059 sione.
243 1014 444 1060 ecclesiae
474 1014 557 1059 Dei
587 1014 863 1070 donantibus,
902 1018 1020 1058 tanto
1055 1015 1270 1059 felicitatis
1309 1028 1506 1059 successu
1534 1028 1668 1071 usque

96 1105 262 1149 quaque
293 1077 475 1142 ecclesia
492 1096 536 1137 et
553 1093 740 1137 maxime
760 1092 952 1136 Romana
973 1096 1074 1136 tunc
1094 1093 1243 1149 viguit,
1275 1096 1323 1136 ut
1346 1093 1517 1137 honoris
1539 1093 1668 1137 etiam

97 1173 142 1216 et
169 1169 300 1217 seculi
329 1170 546 1226 dignitatis
577 1171 720 1228 sepius
760 1184 912 1227 expers
944 1169 1086 1227 fieret,
1125 1171 1199 1228 qui
1229 1171 1375 1226 iugum
1413 1171 1669 1215 christianae

95 1246 196 1294 fidoi
216 1248 440 1306 ,suscipere
475 1251 702 1293 recusaret.
757 1248 814 1292 Et
845 1248 944 1305 quia
973 1248 1018 1292 in
1048 1248 1128 1293 hoc
1158 1262 1283 1293 cursu
1321 1248 1543 1304 religiosae
1575 1261 1669 1292 suc-

97 1326 299 1373 cessionis
328 1340 471 1371 rerum
503 1329 547 1370 et
575 1326 781 1370 virtutum
820 1325 1036 1370 affluentia
1067 1330 1204 1371 mater
1234 1326 1412 1371 ecclesia
1442 1326 1669 1370 admodum

97 1405 245 1461 crevit,
274 1404 496 1449 insectatio
528 1404 706 1460 diaboli,
743 1417 911 1462 semper
941 1403 1130 1460 maligna
1160 1407 1203 1449 et
1239 1405 1469 1449 christiano
1507 1405 1671 1448 nomini

96 1482 290 1539 inimica,
329 1482 431 1540 quia
460 1495 487 1526 a
517 1482 679 1526 sincero
710 1481 808 1526 fidei
838 1482 1009 1526 tramite
1045 1481 1231 1526 fidelium
1271 1483 1398 1527 corda
1435 1483 1670 1541 ydolatriae

99 1560 215 1611 cultu
232 1560 321 1605 iam
343 1563 535 1605 avertere
554 1561 778 1605 manifeste
798 1574 883 1604 non
903 1564 1084 1618 poterat,
1106 1560 1201 1605 aliis
1220 1561 1439 1618 nequiciae
1455 1561 1670 1606 machina-

97 1639 254 1687 mentis
284 1633 442 1684 statum
474 1638 648 1683 ecclesie
678 1642 866 1683 evertere
898 1639 1060 1683 studuit
1070 1637 1107 1682 “.

218 1717 372 1775 „Cepit
401 1717 514 1761 enim
544 1720 642 1775 post
672 1717 884 1761 modicum
915 1717 1119 1774 temporis
1151 1716 1337 1772 maligno
1377 1717 1466 1761 eius
1499 1716 1669 1760 stimulo

97 1796 143 1840 in
163 1795 365 1840 electione
395 1794 641 1853 pontificum
673 1809 757 1839 non
779 1795 946 1839 modica
968 1794 1062 1839 fieri
1082 1795 1288 1839 dissensio
1320 1795 1520 1852 partium,
1553 1795 1670 1839 amb-

96 1873 174 1918 itio
205 1886 371 1931 quoque
401 1887 486 1917 non
516 1874 680 1918 modice
710 1873 862 1929 crevit,
900 1874 1112 1918 contentio
1144 1887 1310 1931 quoque
1348 1887 1526 1931 persepe
1557 1873 1671 1931 peri-

99 1950 244 1997 culosa
272 1965 359 1996 non
389 1951 563 1996 defuit“.

221 2029 369 2086 „Unde
409 2029 691 2075 necessarium
729 2029 829 2074 fuit:
868 2033 917 2073 ut
947 2029 1125 2073 Romani
1156 2029 1371 2088 principes
1403 2054 1460 2060 —
1493 2044 1672 2087 quorum

100 2108 368 2155 concessione
407 2121 456 2152 ac
493 2108 790 2152 donationibus
828 2107 1004 2152 ecclesia
1041 2121 1173 2163 usque
1212 2121 1400 2164 quaque,
1444 2108 1672 2153 sublimata

99 2185 272 2243 honore,
303 2186 463 2231 divitiis
494 2186 788 2244 praeminebat
809 2210 863 2217 —
886 2186 1093 2244 pristinae
1123 2187 1347 2243 potestatis
1378 2187 1470 2231 iure
1492 2190 1671 2243 retento,

101 2267 144 2309 et
172 2265 360 2323 partium
390 2264 619 2308 tumultum
649 2264 804 2321 ubique
834 2277 995 2322 poenae
1024 2264 1269 2308 inferendae
1294 2268 1411 2308 metu
1431 2277 1671 2322 compesce-

100 2346 214 2397 rent3
246 2345 291 2387 et
321 2342 567 2387 electionem
600 2342 860 2400 pontificum,
893 2342 1080 2399 partium
1111 2342 1250 2385 studio
1284 2347 1326 2386 et
1355 2356 1440 2386 non
1472 2343 1672 2387 canonice

99 2420 278 2477 factam,
315 2421 539 2479 provenire
570 2434 656 2464 non
687 2421 840 2465 sinant.
893 2420 1002 2464 Nam
1035 2421 1072 2464 si
1108 2421 1251 2478 pravis
1283 2420 1522 2465 hominibus
1554 2435 1672 2465 secu-

100 2498 203 2544 laris
234 2499 445 2543 vindictae
482 2502 621 2543 metus
652 2499 792 2543 nullus
828 2499 1005 2555 inesset,
1043 2498 1160 2542 nulla
1191 2512 1261 2542 eos
1294 2513 1319 2543 a
1348 2512 1479 2556 prave
1510 2499 1672 2555 agendo

102 2576 334 2634 spiritualis
373 2589 551 2622 censura
587 2577 802 2621 retrahere
840 2580 996 2634 posset.
1122 2576 1239 2620 Unde
1275 2577 1460 2634 primum
1497 2591 1672 2623 consue-

102 2654 203 2701 tudo
225 2655 270 2699 in
288 2654 481 2699 Romana
501 2655 678 2700 ecclesia
701 2655 932 2711 antiquitus
955 2655 1106 2699 merito
1127 2656 1261 2713 cepit:
1292 2659 1353 2712 ut,
1386 2655 1517 2700 electo
1550 2670 1672 2713 prae-

103 2732 207 2789 sule,
239 2747 323 2776 non
355 2734 472 2791 prius
494 2734 583 2777 eius
605 2733 813 2777 ordinatio
836 2733 1131 2789 celebraretur,
1165 2747 1289 2790 quam
1321 2733 1423 2778 cleri
1455 2738 1498 2778 et
1526 2734 1674 2792 populi

104 2810 317 2854 decretum
358 2811 404 2854 in
435 2812 719 2868 praesentiam
752 2811 931 2855 Romani
968 2811 1173 2869 principis
1206 2812 1459 2866 deferretur3
1496 2816 1564 2868 ut,
1603 2826 1672 2856 co-

104 2889 220 2944 gnito
252 2889 352 2932 cleri
394 2893 435 2932 et
474 2889 619 2946 populi
651 2902 858 2933 consensu
890 2892 932 2933 et
962 2889 1192 2946 desideriO,
1231 2890 1269 2934 si
1307 2895 1420 2934 recte
1452 2894 1495 2934 et
1526 2891 1673 2934 ordine

199 2993 226 3014 a.
257 2984 423 3023 relligionis
440 2984 471 3021 V,
495 2984 658 3023 agnitionis
671 2984 705 3014 Z.
790 2985 820 3014 b.
848 2994 905 3015 om.
918 2985 958 3022 V;
978 2984 1032 3016 uba·
1052 2985 1155 3016 lumen
1169 2985 1237 3016 alia
1250 2995 1346 3017 manu
1360 2985 1606 3027 superscriptum
1620 2990 1674 3017 est.
