2028 3438
240 629 332 663 1125

191 677 273 715 Sept.
281 693 309 697 -
317 676 381 707 Oct.

405 260 490 303 398
913 273 1133 305 unum-101
1164 274 1332 306 conax.
1379 272 1449 306 226

407 375 524 422 226.
551 378 800 422 Adelbertus
829 380 860 421 I
892 380 1229 437 archiepiscopus
1270 382 1544 436 Moyuntinue
1585 380 1775 423 Ottonem
1802 381 1839 423 Is
1860 382 1957 439 epi-J

552 470 723 511 scopum
743 457 1090 513 Bamberqeneem
1118 465 1254 513 royac,
1287 459 1427 499 veniat
1450 458 1507 499 ad
1535 458 1741 513 synodum
1766 457 1959 512 eqaelleiae

553 532 897 589 Wirzz'buryensis
929 549 1056 575 causa
1088 543 1354 577 convocatam
1362 540 1390 575 ².
1700 567 1702 572 .
1779 532 1958 588 (hl-²322)

520 619 807 674 A(delbertus)
846 625 1012 664 sanctae
1042 621 1312 676 Moguntinae
1350 621 1548 665 ecclesiae
1585 621 1756 664 humilis
1784 616 1957 666 servus*

405 698 446 739 et
467 697 720 753 apostolicae
749 698 859 741 sedis
879 698 1041 753 legatus
1062 690 1289 742 venerabili
1323 702 1365 742 et
1394 699 1438 741 in
1460 698 1625 742 Christo
1656 697 1807 741 dilecto
1830 698 1958 741 {fratri

405 776 447 816 et
467 774 711 831 coepiscopo
733 775 885 818 domno
908 775 1084 828 O(ttoni)
1117 775 1293 819 salutem
1319 779 1361 819 et
1381 775 1625 831 obsequium
1655 775 1865 818 fraternae
1874 774 1957 818 th·

403 849 606 893 lectionis.
1794 863 1795 866 ’
1844 842 1863 877 ‚'
1919 861 1937 880 ⁵*

522 927 829 971 Tribulationes
861 931 903 971 et
931 928 1234 972 destructiones
1254 920 1590 985 Herbipolensis⁰
1612 929 1831 985 ecclesiae,
1850 936 1958 986 quae

403 1007 445 1047 et
476 1007 657 1060 quantae
693 1005 797 1059 sint,
837 1019 962 1061 quam
994 1006 1066 1049 diu
1101 1006 1363 1060 duraverint,
1402 1006 1485 1048 iam
1524 1006 1680 1049 dudum
1715 998 1957 1050 'discretioni

404 1084 566 1125 vestrae
596 1082 790 1125 innotuit.
849 1082 964 1133 Quae
995 1097 1126 1139 usque
1157 1083 1259 1126 adeo
1291 1083 1593 1139 multiplicatae
1624 1085 1740 1138 sunt,
1782 1083 1866 1126 nisi
1892 1083 1956 1127 eis

402 1158 446 1200 in
477 1158 593 1201 brevi
624 1159 844 1214 provideat
875 1159 1163 1216 omnipotensd
1192 1164 1233 1203 et
1266 1160 1499 1203 misericors
1521 1159 1740 1215 Dominus,
1773 1159 1883 1216 quod
1913 1160 1958 1203 in

402 1235 594 1291 proximo
627 1236 801 1279 ecclesia
830 1236 905 1279 illa
926 1237 1176 1280 omnimodis
1208 1237 1541 1280 adnichilabitur.
1663 1232 1797 1292 Unde,
1828 1237 1865 1280 si
1886 1237 1957 1280 v‘fa--

403 1311 534 1355 cultas
566 1316 819 1369 suppeteret,
853 1317 1018 1357 vestrae
1047 1314 1322 1357 fraternitatis
1352 1315 1634 1370 praesentiam
1666 1318 1708 1358 et
1724 1307 1955 1357 consilium

402 1389 667 1445 potissimum
714 1390 1044 1433 desideraremus
1091 1391 1312 1434 convenire
1351 1395 1392 1434 et
1429 1391 1480 1434 de
1520 1392 1653 1448 ipsius
1680 1391 1957 1435 'reformanda

402 1478 504 1522 pace
535 1469 577 1509 et
605 1466 820 1522 religione,
853 1471 1054 1522 quantum
1076 1467 1219 1510 divina
1246 1468 1534 1512 misericordia
1553 1461 1810 1523 concederet,
1830 1468 1956 1511 solli-

401 1543 529 1585 cicius
561 1547 830 1599 pertractare.
880 1544 1094 1600 Siquidem
1114 1545 1306 1600 fratrum,
1339 1546 1409 1600 qui
1434 1546 1650 1589 nebiscum
1673 1548 1832 1589 suntet
1852 1554 1955 1601 quos

401 1620 738 1676 praesentialiter
771 1621 835 1664 vel
867 1635 942 1677 per
969 1621 1132 1664 litteras
1164 1625 1329 1664 nostras
1362 1622 1585 1666 convenire
1615 1622 1841 1678 potuimus,
1858 1614 1956 1665 =tale

402 1701 465 1740 est
495 1697 734 1740 consilium:
769 1699 966 1753 quoniam
999 1699 1248 1741 venerabilis
1279 1697 1410 1742 frate'r
1442 1699 1783 1756 etcoepisoopus
1813 1702 1956 1742 noster

399 1771 609 1828 Rogerus¹
640 1775 750 1817 viam
784 1776 1004 1818 universae
1035 1776 1172 1819 carnis
1209 1777 1421 1830 ingressus
1453 1779 1538 1830 est,
1575 1776 1620 1818 in
1650 1775 1728 1819 hoc
1749 1768 1955 1820 ‘ecelesiae

400 1850 461 1894 illi
503 1851 820 1907 provideamus,
866 1856 913 1895 ut
955 1853 1236 1909 promovendo
1272 1853 1446 1896 fratrem
1482 1853 1601 1895 illum
1642 1846 1954 1896 Gebeharduw'

401 1928 591 1984 dispersa
621 1928 733 1971 illius
765 1929 963 1972 ecclesiae
994 1930 1297 1986 dispensatorie
1327 1931 1467 1986 potius
1491 1923 1952 1985 1·eoolligamus‚'÷quam

401 2005 530 2048 alium
555 2006 941 2061 ,superimponendo
971 2007 1155 2060 graviter
1186 2007 1352 2062 quidem
1384 2008 1574 2064 dispersa
1595 2007 1783 2050 funditus
1805 2000 1954 2051 exstir-

399 2082 492 2138 pari
524 2083 829 2138 permittamus.
952 2082 1153 2134 Quocirca
1181 2084 1369 2127 fraterna
1399 2098 1472 2127 vos
1504 2097 1817 2127 commonemus
1847 2084 1953 2128 cari-

399 2162 504 2202 tate:
537 2163 585 2202 ut
614 2160 896 2215 praesentiam
917 2163 1101 2203 vestram
1123 2162 1344 2204 conventui
1366 2161 1545 2203 fratrum
1565 2153 1953 2216 nostrorum,²quos

398 2236 443 2278 in
473 2236 517 2278 id
547 2237 683 2292 ipsum
717 2237 1050 2292 convocavimus,
1081 2238 1126 2280 in
1155 2238 1348 2294 proximo
1378 2238 1485 2280 festo
1517 2238 1627 2281 beati
1650 2235 1786 2281 Luce*
1815 2230 1952 2280 velitis

398 2314 733 2368 repraesentarer
743 2329 753 2367 3
786 2313 865 2368 vel,
898 2315 935 2356 si
964 2314 1008 2356 id
1037 2315 1210 2357 minime
1240 2314 1455 2357 valueritis
1488 2314 1730 2370 adimplere,
1759 2314 1951 2369 consilio,
1982 2370 1985 2374 Ι

332 2404 335 2406 ·
399 2390 514 2444 quod
541 2390 723 2446 Spiritus
755 2394 922 2434 sanctus
953 2391 1070 2434 vobis
1103 2391 1336 2445 dictaverit,
1374 2404 1599 2434 consensus
1629 2390 1759 2434 vestri
1789 2391 1952 2434 litteras

398 2479 482 2508 non
516 2466 715 2510 differatis
753 2468 1050 2511 transmittere.
1171 2467 1316 2511 Valete
1355 2470 1398 2510 et
1434 2467 1478 2510 in
1510 2457 1766 2511 orationibus
1799 2468 1951 2511 vestris

397 2544 532 2585 nostri
562 2545 808 2597 memoriam
838 2544 976 2587 facite.

456 2629 462 2634 '
491 2647 518 2666 a.
550 2647 587 2667 ex
609 2638 636 2667 V
654 2639 733 2674 136,
766 2638 793 2668 Z
811 2638 1069 2677 p.2.99-—300‚
1105 2637 1130 2668 O
1151 2639 1208 2668 64:
1236 2637 1413 2676 Epistola
1433 2637 1586 2668 Alberti
1608 2638 1822 2676 Moguntini
1850 2637 1949 2675 (Men-

398 2690 460 2727 goti
481 2690 508 2719 V
526 2700 605 2729 pro.-
634 2691 749 2720 Alberti
771 2690 956 2728 Moguntini)
987 2691 1278 2729 archiepiscopi
1311 2690 1355 2720 ad
1382 2690 1557 2721 Ottonem
1584 2692 1949 2729 Babenbergensem

398 2743 619 2780 episcopum
647 2743 690 2772 de
719 2743 942 2773 Gebehardo
971 2743 1258 2782 Herbipolensi.
1369 2743 1397 2772 b.
1431 2743 1567 2773 minister
1592 2743 1622 2774 0.
1735 2753 1761 2773 c.
1793 2744 1949 2782 Herpypo-

396 2795 490 2824 lensis
512 2796 542 2825 V.
667 2796 696 2825 d.
728 2796 810 2826 Deus
833 2795 904 2826 add.
919 2796 975 2826 VZ.
1101 2805 1127 2825 e.
1160 2795 1350 2826 Gebhardum
1373 2797 1404 2826 V.
1528 2796 1548 2826 f.
1581 2798 1773 2835 praesentare
1796 2797 1827 2827 V.

492 2859 524 2892 1.
550 2857 868 2903 wirziburgensis.
1082 2859 1115 2894 2.
1149 2858 1226 2894 Oct.
1247 2859 1301 2894 18.
