2028 3438
419 271 505 314 382
876 284 1096 316 UDALRIOI
1125 284 1293 316 connx.
1340 283 1421 317 208.
1439 283 1507 317 209

195 397 397 433 1111-1120
536 388 787 432 Audivimus
819 389 966 445 etiam,
1001 390 1173 446 fratres,
1207 391 1316 447 quod
1347 391 1521 434 fratrem
1552 394 1749 435 nostrum.
1772 392 1972 437 domnum

417 464 736 521 M(egingotum)
769 466 820 509 de
850 466 928 509 hac
958 480 1004 510 re
1034 470 1274 524 suspectum
1310 467 1521 523 habeatis,
1562 469 1703 525 quasi,
1735 468 1972 527 cupiditate

418 545 460 585 et
492 542 691 586 aviditate
721 556 859 586 rerum
876 546 934 586 et
965 543 1233 587 ecclesiarum
1253 548 1492 588 nostrarum
1525 545 1686 601 ductus,
1713 546 1973 591 nosadihoe

416 618 667 663 incitaverit.
722 619 888 663 Credite
919 620 1053 675 nobis,
1086 634 1169 664 non
1201 625 1264 664 est
1293 622 1365 665 ita.
1419 621 1523 665 Cum
1555 623 1667 666 enim
1695 622 1973 668 intellexisset

417 696 690 742 intentionem
713 700 915 752 nostram,
947 697 1133 753 primum
1152 699 1356 753 rennuit‘,
1372 699 1657 753 contradixit,
1683 699 1821 744 multa
1835 701 1970 756 nobis,

418 787 498 829 que
527 787 604 817 nos
635 774 908 829 retraherent,
941 775 1178 830 proposuit3
1216 776 1289 818 sed
1321 790 1414 819 cum
1445 776 1745 820 inconcussam
1765 778 1971 835 propositi

416 851 550 893 nostri
572 850 877 894 'firmitudinem
910 851 1178 907 percepisset,
1211 856 1403 908 respectu
1422 853 1502 896 Dei
1533 857 1671 897 tactus
1701 858 1743 897 et
1772 852 1970 911 monitus,

417 927 604 970 occidere
635 942 702 971 me
731 928 947 971 retinendo
979 928 1126 984 noluit,
1163 943 1285 985 quem
1316 929 1479 973 salvare
1511 930 1576 973 vel
1605 931 1781 974 tacendo
1811 931 1968 988 potnit3

415 1004 593 1060 prodere
623 1018 698 1047 nos
730 1005 876 1060 noluit,
909 1005 1112 1061 impedire
1143 1019 1218 1048 nos
1247 1006 1416 1062 noluitb‚
1449 1007 1643 1063 spiritum
1673 1007 1718 1050 in
1747 1008 1868 1052 nobis
1897 1021 1970 1061 cx.-

416 1081 606 1135 tinguere
637 1080 783 1123 noluit.
829 1080 1078 1125 Benedictus
1099 1082 1212 1125 Deus
1234 1083 1277 1125 in
1299 1084 1504 1127 omnibus.
1552 1084 1720 1128 Fratres
1740 1085 1968 1141 karissimi,

415 1157 545 1200 nolite
591 1157 841 1200 exacerbare
886 1159 1079 1214 spiritum
1123 1160 1210 1202 eius
1258 1163 1330 1202 aut
1367 1161 1588 1216 quicquam
1632 1161 1695 1204 illi
1739 1162 1966 1219 imponere.

414 1234 508 1277 Non
540 1235 649 1277 enim
683 1234 734 1277 ab
771 1235 939 1278 homine
975 1239 1047 1278 aut
1085 1250 1161 1292 per
1198 1237 1408 1280 hominem
1449 1238 1522 1280 sed
1560 1251 1636 1294 per
1671 1238 1967 1284 revelationem

416 1311 508 1355 Iesu
529 1311 686 1354 Christi
715 1312 896 1366 gratiam
926 1313 1051 1355 istam
1083 1314 1355 1370 suscepimus.
1404 1314 1549 1358 Valete
1574 1317 1615 1358 et
1642 1318 1758 1359 orate
1788 1328 1864 1373 pro
1886 1330 1966 1361 me.

1951 1409 1958 1434 5

417 1451 534 1498 209.
560 1454 778 1510 Erlunqus
800 1456 1017 1511 episcopus
1042 1455 1392 1512 Wrzeburyensis
1415 1459 1626 1515 canonicis
1646 1458 1966 1515 Bamberqemi-

563 1531 636 1573 bus
668 1533 717 1573 de
744 1531 1179 1588 Heinrieivquondam
1206 1536 1444 1590 praepositi
1473 1535 1649 1590 querelis
1679 1536 1961 1591 respondet&⁴¹

1789 1611 1840 1665 (E
1863 1612 1966 1665 316)

190 1704 391 1739 1107-1121
531 1695 611 1738 Dei
648 1696 785 1750 gratia
813 1695 1174 1751 Wirzeburgensis
1213 1698 1410 1741 ecclesiae
1448 1696 1693 1755 episcopus¹
1727 1700 1966 1757 praeposito

415 1776 456 1816 et
494 1772 649 1815 decano
690 1776 857 1815 sanctae
897 1772 1254 1828 Babenbergensis
1293 1774 1491 1818 ecclesiae
1532 1789 1626 1819 cum
1665 1779 1753 1819 tota
1790 1777 1967 1826 fratrum

412 1850 734 1904 congregatione
763 1850 973 1893 fraternae
1003 1850 1237 1894 dilectionis
1269 1851 1579 1895 exhibitionem.

530 1926 727 1969 Pervenit
757 1927 810 1969 ad
840 1927 1039 1970 noticiam
1072 1942 1230 1983 meam,
1271 1929 1450 1984 querelis
1481 1927 1725 1982 H(einrici)²
1758 1930 1967 1985 quondam

413 2003 611 2046 ecclesiae
633 2017 750 2046 meae
781 2005 1011 2060 praepositi
1030 2005 1339 2048 fraternitatem
1362 2009 1543 2049 vestram
1565 2020 1654 2049 esse
1685 2006 1892 2063 pulsatam
1925 2010 1967 2051 et

413 2080 651 2136 opinionem
680 2094 831 2136 meam,
863 2085 1064 2136 quantum
1093 2082 1137 2124 in
1164 2083 1255 2138 ipso
1283 2082 1376 2138 fuit,
1408 2083 1581 2126 sinistra
1600 2083 1801 2127 relatione
1819 2083 1964 2128 lesam‘.

414 2155 497 2200 Sed
527 2148 563 2199 si
595 2157 694 2200 estis
733 2157 861 2200 immo
894 2159 991 2213 quia
1022 2159 1142 2214 estis,
1183 2159 1326 2214 quales
1359 2172 1431 2202 vos
1470 2173 1592 2216 spero
1625 2163 1666 2203 et
1703 2160 1868 2215 qualem
1898 2174 1966 2205 me

412 2233 529 2276 vobis
561 2234 754 2277 exhibere
785 2237 958 2290 paratus
980 2249 1085 2290 sum,
1100 2251 1103 2254 ·
1118 2236 1256 2279 nullus
1276 2236 1402 2279 timor
1424 2239 1488 2279 est
1506 2236 1623 2291 mihi,
1654 2241 1701 2280 ut
1720 2237 1964 2292 cuiusquam

413 2310 566 2353 odiosis
604 2311 876 2354 relationibus
908 2315 1150 2355 contra-me
1180 2312 1303 2355 fidem
1343 2313 1676 2356 accommodetis.
1723 2313 1869 2358 Visum
1900 2318 1966 2358 est

411 2390 552 2430 tamen
582 2387 698 2441 utile,
730 2391 777 2430 ut
808 2388 860 2431 ad
892 2388 1069 2444 singula,
1102 2403 1180 2444 que
1212 2390 1263 2432 de
1295 2404 1361 2432 me
1384 2404 1435 2432 ex
1463 2390 1593 2433 animi
1614 2393 1730 2433 motu
1751 2401 1836 2433 non·
1855 2391 1964 2434 veri-

410 2466 497 2506 tate
527 2477 745 2507 causarum
777 2465 1020 2520 divulgavit,
1053 2466 1234 2509 breviter
1264 2467 1538 2522 respondeam
1570 2470 1612 2510 et
1641 2466 1863 2510 arbitrium
1893 2481 1963 2511 ve-

411 2543 522 2583 strae
554 2541 816 2584 discretionis
847 2555 930 2584 non
961 2542 1274 2597 subterfugiam.

530 2616 819 2672 Conqueritur,
851 2621 899 2661 ut
929 2618 1091 2661 audivi:
1125 2619 1235 2674 quod
1257 2633 1282 2661 a
1304 2619 1560 2674 praelatione
1581 2619 1810 2674 dignitatis,
1835 2635 1960 2676 quam

410 2693 553 2748 gessit,
584 2694 668 2736 iam
700 2694 880 2737 secundo
912 2708 996 2738 non
1017 2695 1169 2738 iudicio
1191 2696 1262 2739 sed
1285 2695 1483 2739 violentia
1510 2696 1694 2740 deiectus
1717 2697 1790 2750 sit3
1822 2697 1958 2753 primo

410 2769 577 2825 quidem
599 2783 725 2813 causa
745 2770 799 2813 M.
823 2772 989 2825 cognati
1019 2772 1115 2827 mei,
1147 2772 1295 2815 deinde
1326 2786 1402 2828 pro
1433 2773 1610 2828 pecunia
1629 2776 1677 2816 ut
1697 2773 1757 2816 ait
1781 2776 1823 2817 et
1843 2774 1959 2818 amb-

446 2901 449 2904 »
506 2890 532 2910 a.
564 2882 665 2911 renuit
683 2882 723 2911 B.
846 2883 875 2912 b.
906 2883 1003 2913 voluit
1023 2884 1053 2913 V.
1177 2892 1202 2913 c.
1235 2893 1273 2913 ea:
1294 2884 1321 2913 V
1338 2884 1554 2920 133—133v‚
1578 2884 1607 2914 Z
1619 2894 1653 2923 p.
1667 2885 1865 2915 293—294.

354 2995 357 2997 Β
503 2951 536 2985 1.
561 2950 761 2995 Erlungus,
794 2952 1051 2998 1105—11213
1082 2951 1127 2987 cf.
1152 2951 1246 2987 infra
1269 2963 1304 2987 n.
1323 2954 1345 2987 2
1376 2955 1413 2987 et
1442 2962 1528 2997 pag.
1547 2953 1616 2988 383
1640 2964 1676 2988 n.
1696 2954 1727 2988 1.
1857 2955 1891 2990 2.
1921 2954 1958 2989 Is

408 3012 596 3054 comparet
618 3008 656 3043 in
680 3008 831 3054 Erlungi
854 3009 979 3046 tabula
1001 3010 1088 3046 data
1111 3021 1144 3046 a.
1164 3011 1266 3056 1106,
1291 3010 1385 3047 Mon.
1403 3011 1502 3046 Boic.
1520 3011 1699 3048 XXXVII
1723 3011 1780 3047 34.
