2028 3438
370 240 456 283 180
895 253 1115 285 nmmum
1145 253 1313 285 oonnx.
1330 262 1333 265 ⁴
1361 253 1407 286 92

251 370 341 405 1099
369 357 512 401 Timor
553 361 691 402 autem
731 371 875 402 eorum
914 362 1057 403 tantus
1088 362 1199 415 erat,
1242 363 1290 403 ut
1318 360 1364 403 in
1393 363 1517 417 porta
1545 360 1728 404 civitatis
1757 359 1924 404 ad'duo

368 435 486 478 milia
517 434 708 479 suffocati
738 435 858 479 sint³.
906 435 970 479 De
1000 436 1066 480 his
1088 450 1199 492 vero,
1235 437 1306 492 qui
1335 437 1380 480 in
1410 437 1519 480 mari
1548 436 1813 493 interierunt,
1837 447 1927 481 non

370 515 433 555 est
462 519 673 555 numerus.
723 511 896 568 Spineta
927 513 1077 556 etiamb
1110 527 1162 557 ex
1196 513 1301 570 ipsis
1332 513 1486 557 multos
1518 513 1799 558 obtinuerunt.
1845 512 1928 559 Pu-

368 588 524 642 gnabat
555 592 666 633 certe
698 589 810 633 orbis
842 593 1049 633 terrarum
1080 604 1157 647 pro
1188 590 1322 646 nobis,
1355 593 1397 634 et
1426 591 1508 634 nisi
1530 590 1667 648 spolia
1690 593 1927 646 castrorum

369 665 420 708 de
458 666 613 709 nostris
646 666 923 710 detinuissent
952 667 1126 722 multos,
1169 668 1293 724 pauci
1331 671 1470 711 essent
1508 668 1559 711 de
1589 670 1709 711 tanta
1736 666 1928 711 multitu-

370 742 467 785 dine
507 742 712 798 hostium,
752 744 823 800 qui
861 744 1107 788 renunciare
1147 745 1383 801 potuissent
1423 745 1474 788 de
1503 744 1638 789 bello.-
1744 744 1804 788 Et
1827 743 1929 788 ficet

369 819 540 874 longum
573 820 641 875 sit,
673 823 814 863 tamen
845 821 1196 877 praetereundum
1227 835 1311 865 non
1341 825 1416 865 est.
1462 821 1605 865 Pridie
1626 835 1751 878 quam
1770 821 1927 866 bellum

368 895 508 951 fieret,
547 896 682 940 multa
719 897 837 941 milia
875 898 1129 942 camelorum
1169 902 1210 942 et
1247 898 1374 942 boum
1412 902 1454 942 et
1489 899 1772 956 oviumscepit
1809 907 1928 943 exerb

370 973 490 1016 citus.
547 973 733 1030 Cumque
780 974 897 1018 iussu
935 975 1174 1032 principum
1220 976 1399 1032 populus
1445 976 1522 1020 hec
1565 976 1827 1031 dimisisset⁶,
1855 975 1928 1019 'ad

370 1063 554 1107 pugnam
586 1051 879 1107 progrediens,
910 1052 1102 1096 mirabile
1122 1053 1267 1108 dictu,
1302 1053 1456 1097 multas
1487 1056 1529 1097 et
1557 1052 1810 1110 multiplices
1838 1053 1928 1096 turs-

371 1141 461 1170 mas
483 1127 632 1171 cameli
651 1128 852 1183 fecerunt,
886 1129 1077 1173 similiter
1099 1132 1140 1173 et
1160 1130 1285 1173 boves
1317 1133 1358 1174 et
1381 1144 1491 1174 oves.
1547 1130 1635 1173 Hec
1665 1131 1806 1174 autem
1837 1129 1927 1173 ani—

371 1204 500 1247 malia
530 1205 838 1249 comitabantur
868 1206 1098 1261 nobiscum,
1131 1210 1178 1250 ut
1208 1220 1299 1250 cum
1334 1207 1540 1251 stantibus
1570 1210 1731 1251 starent
1759 1209 1803 1251 et
1831 1219 1926 1263 cum

371 1282 691 1338 procedentibus
723 1283 997 1339 procederent
1027 1287 1068 1327 et
1099 1297 1193 1327 cum
1222 1284 1484 1328 currentibus
1514 1287 1740 1328 currerent.
1785 1282 1926 1327 Nubes

372 1359 498 1402 etiam
531 1359 581 1402 ab
614 1362 705 1402 estu
736 1359 836 1405 solis
867 1374 942 1403 nos
975 1360 1249 1404 defenderunt
1279 1364 1321 1404 et
1349 1361 1688 1417 refrigerabantd.

489 1436 709 1480 Celebrata
745 1437 887 1493 itaque
918 1438 1113 1492 victoria,
1154 1451 1345 1481 reversus
1377 1442 1442 1482 est
1472 1438 1678 1482 exercitus
1714 1437 1781 1481 in·
1811 1436 1926 1481 Ieru-

371 1514 514 1557 salem.
569 1513 626 1556 Et
663 1514 807 1557 relicto
845 1514 905 1558 ibi
935 1514 1038 1557 duce
1070 1513 1314 1570 Gotefrido‘‚
1355 1514 1579 1571 Regimunt
1613 1528 1752 1559 comes
1791 1513 1926 1558 saneti

368 1590 509 1645 Egidii
548 1593 590 1633 et
629 1590 859 1634 Rbbertusg
897 1605 1035 1635 comes
1072 1592 1395 1636 Nortmanniaeb
1435 1596 1477 1636 et
1514 1592 1744 1636 Rbbertusss
1787 1581 1925 1635 comes

368 1667 594 1710 Flandriae
632 1667 875 1729 Laodiciam
921 1672 1212 1725 pervenerunt.
1265 1669 1326 1713 Ibi
1375 1669 1551 1713 classem
1588 1669 1837 1712 Pisanorum
1883 1671 1926 1712 et

368 1744 657 1787 Boemundum
687 1740 948 1788 invenerunt.
1004 1745 1190 1801 Cumque
1230 1746 1565 1803 archiepiscopus
1595 1746 1772 1790 Pisanus
1802 1745 1925 1800 B(oe-

369 1821 587 1875 mundum)
623 1824 664 1864 et
695 1822 884 1865 dominos
916 1826 1080 1866 nostros
1112 1823 1363 1866 concordare
1392 1823 1581 1877 fecisset,
1613 1823 1779 1878 regredi
1809 1822 1924 1867 Ieru-

370 1899 501 1942 salem
532 1912 608 1955 pro
639 1898 729 1942 Deo
763 1902 804 1942 et
832 1899 1032 1942 fratribus
1062 1899 1300 1954 Regimunti
1333 1900 1551 1957 disposuit.

487 1975 620 2029 Igitur
660 1975 714 2018 ad.
752 1978 840 2019 tam
885 1976 1121 2019 mirabilem
1164 1977 1344 2036 ⁸fratrum
1390 1981 1628 2021 nostrorum
1663 1976 1923 2021 fortitudinis

370 2052 632 2095 devotionem
679 2056 721 2095 et
766 2056 854 2095 tam
897 2053 1261 2110 concupiscibilem
1309 2058 1351 2097 et
1395 2058 1480 2097 tam
1525 2054 1750 2109 gloriosam
1789 2053 1923 2097 omni·-

369 2129 552 2185 potentis
584 2129 662 2172 Dei
701 2130 1019 2173 retributionem
1052 2134 1092 2173 et
1124 2134 1211 2173 tam
1243 2131 1523 2188 exoptandam
1562 2131 1747 2175 omnium
1776 2143 1923 2188 pecca-

369 2209 508 2249 torum
539 2209 777 2249 nostrorum
809 2221 882 2263 per
904 2207 985 2250 Dei
1015 2208 1194 2261 gratiam
1225 2208 1513 2252 remissionem
1545 2211 1587 2252 et
1607 2207 1763 2252 Christi
1793 2207 1923 2252 eccle-

370 2283 457 2326 siae
488 2286 530 2325 et
560 2283 688 2325 totius
719 2283 854 2337 gentis
885 2283 1062 2328 Latinae
1100 2285 1325 2328 invitamus
1363 2285 1662 2328 exultationem
1701 2288 1744 2329 et
1779 2298 1922 2328 omnes

371 2359 587 2415 episcopos
619 2362 661 2402 et
692 2359 824 2403 bonae
846 2360 955 2403 vitae
986 2361 1157 2404 clericos
1187 2361 1492 2417 monachosque
1524 2365 1566 2405 et
1596 2375 1740 2406 omnes
1769 2361 1920 2416 laicos;

370 2438 417 2478 ut
446 2435 517 2478 ille
538 2449 611 2478 vos
643 2436 696 2478 ad
728 2436 942 2480 dexteram
964 2437 1043 2481 Dei
1074 2438 1288 2482 considere
1308 2438 1447 2493 faciat,
1481 2439 1551 2493 qui
1572 2439 1677 2482 vivit
1705 2442 1747 2482 et
1776 2440 1924 2493 regnat

369 2511 508 2555 Deusk
540 2526 614 2568 per
645 2513 785 2556 omnia
816 2513 955 2556 secula
986 2515 1232 2558 seculorum.
1276 2515 1425 2558 Amen.

462 2661 488 2681 a.
522 2652 739 2683 suffocarentur
759 2653 793 2683 G.
879 2665 903 2676 -
924 2654 952 2684 b.
985 2665 1042 2685 om.
1061 2655 1095 2685 G.
1227 2666 1251 2686 c.
1285 2656 1423 2686 dimisset
1441 2656 1471 2686 V.
1603 2655 1632 2686 d.
1664 2655 1846 2693 ressrigebant
1863 2655 1921 2685 VZ.

371 2714 397 2734 e.
428 2714 483 2734 om.
503 2705 533 2734 V.
637 2705 658 2734 f.
691 2705 725 2735 G.
742 2706 830 2735 VZB.
935 2716 962 2744 g.
994 2701 1164 2738 Rssdbertus
1188 2709 1220 2739 Z.
1330 2708 1361 2738 h.
1393 2708 1594 2739 Normanniae
1614 2707 1676 2738 VG.
1780 2708 1801 2738 i.
1831 2707 1872 2749 Β..
1884 2707 1919 2737 G.

378 2757 466 2794 VZB,
489 2767 541 2787 rex
563 2757 735 2788 Gotefridus
757 2758 792 2787 G.
915 2759 946 2789 k.
977 2759 1060 2790 Deus
1081 2777 1110 2781 -
1129 2762 1224 2792 Amen
1245 2770 1301 2791 om.
1316 2760 1403 2791 VZB.
