2028 3438
455 223 695 255 nnnnonm
725 224 970 258 nume-ns.
1019 226 1105 256 me.
1129 226 1145 256 1
1176 224 1208 257 7.
1227 224 1250 257 8
1550 215 1634 258 711

68 327 352 378 conservande
376 356 378 359 v
398 332 473 374 aut
521 330 648 374 etiam
696 305 885 386 augendo
928 332 1037 375 ratio
1093 331 1328 388 postularet
1340 330 1362 376 ¹.
1427 332 1638 389 Equidem

15 412 22 460 j-
69 405 195 450 homo
225 406 366 462 gravis
398 407 541 451 omnia
569 407 682 451 facta
713 422 789 451 sua
819 411 932 452 certo
963 408 1118 452 iudicio
1149 407 1447 465 ponderabat².
1501 409 1636 466 Unde,

0 474 3 479 ’
68 482 363 540 εἰειαίἱῳιαιιᾱο
383 494 453 528 ree
471 485 608 528 maior
629 488 703 528 aut
722 485 866 529 utilior
885 500 1041 541 magna
1060 485 1283 542 largitione
1305 484 1635 543 acquirebatur³,

66 566 334 617 nequaquam
372 574 547 605 manum
585 563 808 606 contraxit.
866 563 1003 608 Causa
1042 564 1171 619 igitur
1201 564 1438 619 largitionis
1469 578 1637 621 semper

67 637 107 682 ei
135 637 221 691 tuit
247 641 322 683 aut
350 638 512 683 utilitas
543 643 617 682 aut
646 638 897 683 necessitas⁴
918 644 992 684 aut
1010 640 1208 685 honestas
1233 645 1306 686 aut
1325 641 1467 685 divine
1495 655 1637 685 remu-

11 704 13 707 *
65 710 519 761 notationis-intuitus.
566 716 676 760 Huic
708 721 849 760 autem
880 732 1008 775 super
1039 719 1182 762 omnia
1211 719 1413 775 intentus,
1446 720 1636 762 omnium

65 792 343 848 indigentium
375 793 443 838 vel
473 794 662 850 qualibet
691 794 932 839 calamitate
971 809 1270 852 oppressorum
1302 810 1524 840 commune
1554 797 1636 840 fuit

8 911 10 914 ,
66 868 267 914 aaflum‘..
295 870 397 916 ,Hiie
425 875 569 915 tamen
601 872 889 916 beneficientie
920 873 1056 916 modis
1088 873 1182 930 plus
1215 873 1490 929 afficiebatur,
1533 887 1636 930 quo-

65 959 173 991 rum·
190 948 438 992 memoriam
469 949 649 1005 posteris
681 949 938 1005 relinqueret
947 947 975 993 ⁶.

147 1025 226 1069 »’8;
265 1024 380 1069 Post
409 1025 489 1070 Dei
522 1030 661 1070 autem
694 1026 916 1082 honorem,
957 1041 1080 1084 quem
1114 1029 1158 1071 in
1189 1028 1351 1072 cunctis
1390 1028 1515 1072 factis
1547 1029 1634 1072 suis

5 1163 7 1166 Α
64 1100 309 1158 glorificare·
329 1103 557 1147 iocundum
577 1103 772 1159 habebat,
805 1106 931 1148 etiam
965 1105 1138 1149 ecclesie
1166 1106 1233 1149 cui
1265 1110 1434 1162 preerat
1453 1106 1635 1162 gloriam

65 1183 114 1224 et
140 1179 336 1224 decorem
374 1180 589 1225 cumulare
627 1182 859 1237 satagebat.
1012 1183 1133 1227 Unde
1180 1183 1338 1227 factum
1385 1187 1470 1239 est,
1523 1184 1635 1240 quod

64 1257 234 1314 inipso
254 1258 447 1302 vintroitu
478 1271 578 1314 suo,
617 1272 711 1303 cum
752 1263 925 1303 eatenus
957 1261 1167 1316 quandam
1200 1261 1395 1318 specialis
1433 1260 1634 1304 honorifi—

63 1335 200 1379 eentie
242 1336 556 1393 prerogativam
601 1336 964 1392 Babenbergensis
1011 1338 1211 1394 ecclesia,
1266 1352 1390 1382 usum
1438 1338 1636 1394 videlicet

63 1413 200 1457 crucis
231 1417 274 1458 et
302 1413 435 1470 pallii,
468 1417 616 1470 quater
645 1418 809 1458 tantum
842 1416 886 1458 in
915 1429 1025 1459 anno
1057 1415 1243 1471 haberet,
1274 1415 1359 1470 ille,
1392 1416 1559 1472 qnando
1581 1430 1632 1460 ex

63 1503 182 1535 more
218 1504 296 1547 pro
327 1491 573 1548 accipienda
603 1492 832 1548 episcopali
867 1493 1155 1537 benedictione
1186 1493 1374 1537 Romane
1404 1495 1531 1537 matri
1564 1508 1634 1538 ve-

63 1567 297 1613 nerandum
327 1572 456 1626 caput
491 1568 694 1613 offerebat
724 1594 779 1599 —
813 1583 898 1613 non
930 1571 1097 1626 quidem
1139 1585 1190 1614 ex
1231 1571 1481 1627 ambitione,
1524 1572 1635 1627 quod

62 1644 139 1690 illa
169 1645 436 1690 vehementer
467 1647 655 1690 execrari
687 1647 806 1702 solet,
840 1648 913 1691 sed
946 1661 997 1691 ex
1017 1649 1204 1702 gratuita
1226 1649 1360 1705 ipsius
1382 1649 1530 1692 matris
1562 1649 1634 1692 be-

63 1722 283 1778 nignitate,
315 1737 396 1779 que
427 1723 576 1778 dignos
613 1723 722 1767 filios
755 1724 962 1768 honorare
993 1726 1149 1780 gaudet
1179 1750 1234 1756 —
1267 1726 1444 1770 eundem
1475 1726 1634 1770 honore

63 1800 276 1858 duplicato
314 1814 436 1844 usum
475 1801 596 1858 pallii
634 1805 676 1844 et
713 1803 849 1845 crucis
882 1806 1061 1858 quatuor
1092 1803 1186 1846 aliis
1218 1803 1401 1859 vicibus,
1442 1817 1489 1847 eo
1523 1804 1634 1860 quod

62 1878 238 1923 idoneus
269 1882 312 1922 et
340 1878 498 1922 honore
529 1879 802 1934 dignissimus
834 1880 1068 1936 videretur,
1110 1881 1162 1924 ad
1195 1895 1339 1925 omnes
1372 1894 1634 1925 successores

63 1969 162 2000 suos
192 1956 582 2011 transmittendum,
616 1969 641 1999 a
661 1956 781 2000 beate
814 1957 1015 2001 memorie
1047 1972 1160 2015 papa
1180 1958 1374 2002 Paschali
1405 1956 1632 2016 percepit⁷,

62 2034 118 2077 in,
142 2036 410 2078 sacrosancto
448 2033 516 2077 die
555 2033 847 2090 penthecostes
880 2035 931 2078 ab
970 2035 1063 2091 ipso
1102 2035 1146 2078 in
1185 2036 1451 2092 episcopum,
1499 2036 1634 2079 sancti

64 2111 247 2169 Spiritus
280 2115 532 2168 cooperante
564 2111 742 2166 virtute,
783 2116 1065 2156 consecratus.
1187 2113 1255 2156 Ex
1287 2126 1335 2157 eo
1366 2113 1497 2168 igitur
1527 2117 1634 2157 tem-

63 2203 178 2246 pore,
211 2193 412 2246 operante
443 2189 487 2232 in
518 2201 563 2232 se
595 2188 733 2243 gratia
765 2189 952 2232 eiusdem
975 2188 1159 2246 Spiritus
1191 2191 1340 2246 sancti,
1373 2195 1461 2234 tam
1492 2191 1535 2234 in
1568 2205 1634 2235 se·-

61 2266 274 2311 cularibus
307 2279 432 2322 quam
464 2266 508 2308 in
539 2265 802 2322 spiritalibus
833 2267 972 2310 causis
1004 2270 1046 2311 et
1076 2268 1261 2322 negociis
1293 2268 1468 2312 consilio
1500 2269 1634 2324 viguit

62 2347 105 2388 et
135 2344 379 2401 prudentia3
411 2344 472 2388 ita
502 2347 550 2387 ut
580 2347 623 2387 et
643 2344 890 2398 dignitatem
922 2344 1003 2388 sibi
1035 2349 1207 2400 augeret
1238 2349 1280 2388 et
1310 2346 1490 2400 gratiam
1521 2347 1633 2404 apud

159 2439 192 2474 1.
218 2437 397 2474 Oie.1.l.:
425 2437 484 2483 „in
500 2436 557 2473 his
575 2436 795 2472 immanibus
812 2437 962 2473 iacturis
979 2436 1202 2484 infinitisque
1222 2437 1429 2485 sumptibus
1453 2438 1541 2475 nihil
1565 2450 1633 2476 nos

62 2507 197 2543 magno
221 2507 332 2543 opere
357 2497 490 2542 mirari,
516 2507 598 2532 cuin
623 2496 838 2542 praesertim
856 2507 924 2532 nec
944 2497 1157 2533 necessitati
1174 2497 1415 2534 subveniatur
1430 2508 1498 2535 nec
1515 2498 1632 2545 digni*

61 2559 120 2593 tas
145 2556 359 2602 augeatur“.
481 2557 515 2591 2.
543 2554 752 2591 (nc.1.l.11
780 2557 834 2602 16,
861 2556 924 2591 57:
956 2557 1081 2602 „gravi
1106 2567 1194 2593 vero
1220 2556 1357 2593 honuni
1382 2560 1420 2594 et
1444 2568 1505 2604 ea,
1537 2569 1632 2604 quae

61 2614 172 2662 flunt,
203 2616 338 2652 iudicio
364 2618 464 2652 certo
495 2615 714 2662 ponderanti
741 2614 820 2650 —“.
942 2615 975 2650 3.
1002 2614 1077 2651 Cic.
1095 2615 1117 2651 1.
1135 2615 1158 2650 l.
1177 2615 1212 2651 II
1233 2617 1287 2662 17,
1313 2617 1378 2653 58:
1406 2617 1459 2663 „si
1484 2618 1631 2663 quando

61 2675 183 2722 aliqua
198 2685 257 2711 res
275 2676 391 2712 maior
416 2679 526 2721 atque
551 2675 672 2711 utilior
696 2674 862 2720 populari
887 2674 1079 2720 largitione
1099 2675 1298 2720 acquiritur
1317 2674 1397 2712 ——“.
1494 2677 1528 2713 4.
1556 2677 1630 2713 Cic.

60 2735 85 2771 l.
100 2735 144 2771 1.:
173 2734 316 2781 „Causa
339 2735 451 2781 igitur
466 2734 670 2781 largitionis
691 2738 758 2779 est,
784 2734 815 2770 ei
841 2738 905 2770 aut
928 2744 1080 2770 neeesse
1105 2738 1162 2770 est
1187 2738 1251 2771 aut
1276 2735 1398 2772 utile“.
1495 2737 1529 2773 5.
1556 2736 1630 2772 Cio.

58 2795 82 2830 l.
101 2794 124 2830 l.
142 2794 177 2829 11
195 2794 251 2840 18,
270 2794 334 2830 63:
363 2794 516 2840 „summi
536 2794 713 2840 cuiusque
737 2793 882 2829 bonitas
899 2803 1092 2829 commune
1116 2793 1325 2840 perfugium
1351 2798 1409 2831 est
1433 2795 1629 2831 omnium“.

61 2854 94 2889 6.
121 2852 196 2890 Cic.
214 2853 236 2889 l.
254 2853 300 2888 l.:
328 2855 391 2899 „ut
414 2853 459 2889 iis
483 2852 671 2889 beneficiis
695 2863 804 2899 quam
830 2853 1006 2898 plurimos
1031 2851 1252 2900 afficiamus,
1278 2864 1430 2900 quorum
1457 2855 1631 2891 memoria

61 2911 185 2948 liberis
218 2912 448 2959 posterisque
480 2912 691 2958 prodatur“.
814 2913 846 2947 7.
879 2911 938 2947 die
965 2912 1010 2948 15
1034 2912 1149 2958 April.
1170 2914 1281 2959 11113
1310 2925 1345 2950 v.
1371 2924 1484 2960 supra
1506 2925 1541 2960 p.
1561 2915 1628 2950 601

60 2975 134 3008 not.
153 2972 186 3007 3.

1673 1505 1766 1540 1106

1657 1553 1727 1584 Mai.
1743 1555 1782 1584 13
