2028 3438
614 248 837 282 nmmum
866 249 1036 281 oonax.
1087 247 1154 281 169
1581 237 1670 280 301

103 355 367 412 quam-'satis
395 355 543 400 mirari
574 355 784 412 valemus,
817 355 952 412 quod,
984 355 1182 413 propriae
1214 354 1368 399 oblitus
1400 355 1672 411 condicionis,
1701 365 1794 401 1115

101 435 191 477 tam
219 433 409 490 iniquam
431 436 475 478 et
493 433 713 478 exicialem
733 433 870 489 legem
901 433 946 476 in
979 431 1162 477 officium
1192 433 1432 490 episcopale
1454 433 1634 476 sanxisti
1644 440 1671 476 ⁰.

100 509 379 567 Nequaquam
409 511 522 555 enim
553 510 796 555 attendens:
837 510 947 566 quod
987 510 1123 554 omnis
1163 510 1542 554 excommunicatio
1582 510 1674 565 qui-

99 586 199 632 dam
228 588 380 632 modus
411 592 476 633 est
495 588 747 643 vocationis3
780 591 822 632 et
850 588 895 631 in
925 587 1108 643 ligandis
1130 591 1172 632 et
1199 587 1412 632 solvendis
1433 587 1672 631 hominibus

101 664 233 710 animi
263 669 403 711 motus
429 666 609 710 minime
637 666 695 710 sit
724 666 962 722 sequendus
996 666 1041 709 in
1074 666 1170 709 odio
1202 665 1268 710 vel
1299 666 1457 720 gratia3
1499 665 1574 710 sed
1604 678 1673 709 ca-

99 742 227 790 ritate
257 744 496 788 severitatis
528 743 946 788 animadvertendum
978 743 1035 786 sit
1072 743 1117 786 in
1148 743 1458 799 inobedientes,
1497 744 1673 787 caritate

98 831 202 865 vero
218 822 558 866 mansuetudinis
578 821 623 865 in
645 821 902 877 obedientes,
931 824 974 865 et
993 834 1161 878 semper
1182 821 1272 865 zelo
1294 821 1566 865 correctionis
1588 835 1671 864 non

100 898 240 943 studio
270 899 605 957 dampnationis3
637 899 717 943 hoc
735 899 910 956 inquam
942 899 1064 956 parvi
1089 898 1292 956 pendens,
1324 903 1473 943 contra
1504 912 1672 943 omnem

98 975 240 1032 legem
273 978 520 1022 canonicam
548 977 593 1020 in
624 977 759 1020 nostri
797 977 1142 1033 dampnationem
1179 977 1391 1021 animatus
1424 991 1467 1021 es
1480 974 1503 1019 ¹.
1562 976 1672 1020 Nam

99 1053 209 1099 odio-
233 1055 390 1112 nostri,
434 1055 555 1112 quasi
595 1055 805 1099 sententia
840 1055 973 1110 fretus
1010 1058 1059 1097 ut
1098 1054 1317 1098 arbitraris
1353 1055 1398 1098 in
1438 1068 1516 1098 nos
1557 1054 1670 1110 data,

82 1132 353 1176 omnimodis
373 1133 555 1176 exicium
575 1135 767 1176 nostrum
789 1132 964 1175 moliris.
1011 1131 1146 1184 Quam
1168 1132 1396 1176 secundum
1416 1132 1534 1176 illam
1556 1133 1670 1176 viam

97 1207 310 1266 BaIaam’,
348 1214 519 1268 praeter
549 1225 675 1268 quam
715 1210 922 1267 oportuit,
961 1209 1005 1252 in
1041 1223 1119 1253 nos
1159 1210 1368 1266 prolatam
1402 1224 1670 1266 nequaquam

97 1286 294 1332 diffiteri¹³
314 1291 447 1346 potes.
491 1288 587 1332 Non
618 1288 727 1332 enim
749 1287 1066 1331 mortificandae
1088 1290 1187 1330 sunt
1207 1288 1373 1331 animae
1401 1302 1478 1345 per
1502 1301 1670 1332 excom-

98 1366 441 1422 municationem,
474 1366 589 1423 quae
602 1379 685 1409 non
707 1366 946 1409 moriuntur
976 1379 1052 1422 per
1072 1365 1422 1420 inobedientiam3
1457 1366 1566 1409 sicut
1584 1380 1670 1409 non

97 1447 199 1488 sunt
216 1443 492 1488 vivificandae
520 1457 597 1501 per
618 1443 939 1499 absolutionem,
970 1457 1076 1499 quae
1097 1457 1183 1486 non
1206 1444 1353 1487 vivunt
1373 1458 1450 1501 per
1474 1444 1671 1488 obedien-

96 1521 215 1565 tiam.
268 1521 396 1578 Quia,
433 1521 653 1579 proposita
691 1522 900 1577 condigna
939 1534 1086 1576 causa,
1125 1521 1379 1578 praecedere
1418 1535 1569 1578 equum
1608 1525 1672 1565 est

80 1599 338 1644 -vocationes
369 1602 413 1644 et
441 1600 633 1643 inducias
664 1599 875 1655 legitimas
907 1602 950 1643 et
980 1612 1056 1656 per
1077 1613 1199 1655 quem
1224 1600 1422 1656 oportuit.
1475 1599 1596 1651 Quod
1627 1600 1670 1642 in

95 1677 219 1721 nobis
249 1678 424 1722 minime
445 1681 658 1722 servatum
680 1681 756 1721 est.
800 1677 982 1721 Decreta
1002 1678 1115 1721 enim
1137 1678 1373 1720 sanciunt⁰z
1402 1678 1669 1734 sententiam,

97 1769 206 1812 quae
234 1755 439 1800 iudicario
471 1755 618 1799 ordine
648 1769 733 1799 non
766 1755 969 1812 procedit,
1000 1755 1166 1798 irritam
1191 1769 1293 1799 esse.
1341 1754 1497 1799 Beatus
1518 1755 1669 1799 Petrus

97 1833 158 1877 ait
177 1833 406 1878 Clementi:
436 1833 596 1888 Trado,
619 1835 726 1877 mihi
745 1851 771 1877 a
786 1835 975 1877 Domino
997 1836 1213 1888 traditam,
1237 1843 1482 1892 potestatem
1504 1835 1673 1892 Ziqandz‘

97 1920 222 1969 atque
250 1913 461 1964 solvendi3
499 1922 546 1956 ut
576 1914 627 1955 de
657 1913 870 1965 omnibus,
911 1913 962 1954 de
1002 1913 1318 1969 quibuscunque
1357 1914 1584 1956 decreverit
1623 1915 1669 1955 in

97 1992 234 2044 terrie,
267 1991 345 2034 hoc
374 1992 583 2034 decretum
613 1992 669 2033 sit
699 1999 736 2033 et
765 1992 811 2032 in
844 1990 981 2032 caelis.
1031 1990 1207 2047 Liyaba
1236 1993 1345 2034 enim
1368 1992 1483 2047 quod
1507 1999 1671 2048 oportet

98 2067 250 2125 liquo-i,
284 2077 324 2112 et
352 2069 482 2112 solvet
512 2070 626 2126 quod
656 2069 823 2125 ‹az-pedit
852 2068 980 2120 solvi,
1015 2077 1233 2125 tamquam
1265 2070 1342 2125 qui
1370 2070 1428 2111 ad
1459 2069 1670 2125 liquidum

97 2146 292 2189 ecclesiae
327 2145 512 2189 novmtd
549 2142 775 2203 requlam³.
841 2144 1105 2199 Augustinus
1146 2159 1310 2201 quoque
1351 2146 1472 2188 dicit:
1512 2145 1672 2203 Cepisti

84 2223 274 2279 fratrem
294 2232 411 2267 tuum
431 2224 603 2267 habere⁰
626 2232 842 2280 tamquam
863 2223 1161 2279 publicanum5
1195 2224 1303 2280 liyas
1324 2224 1446 2266 illum
1465 2226 1512 2266 in
1533 2233 1669 2274 terra,-

96 2302 171 2344 8ed
199 2310 246 2344 ut
275 2303 382 2345 iuste
412 2302 528 2359 Ziqes,
561 2303 668 2345 vide.
717 2301 834 2344 Nam
863 2302 1024 2344 iniusta
1054 2302 1224 2344 vincula
1255 2303 1424 2344 iusticia
1447 2303 1666 2358 dirumpit.

96 2376 291 2422 Gelasius
312 2379 435 2422 dicit:
469 2378 548 2422 Cui
577 2380 699 2422 illata
731 2387 790 2422 est
816 2381 1032 2432 sententia,
1067 2381 1252 2436 deponat
1273 2394 1455 2422 errorem
1477 2388 1515 2422 et
1533 2395 1668 2422 vacua

98 2465 167 2500 est.
217 2457 272 2501 Si
298 2459 459 2501 iniusta
490 2466 568 2511 est,
606 2466 721 2500 tanto
754 2471 845 2499 eam
875 2472 961 2499 non
993 2472 1141 2499 curare
1180 2457 1318 2510 debet,
1361 2466 1518 2514 quanto
1550 2459 1670 2515 apud

95 2534 238 2578 Deum
269 2544 307 2578 et
326 2536 539 2579 ecclesiam
561 2537 648 2579 eius
679 2537 883 2577 nemiuem
913 2543 1050 2591 potest
1068 2537 1219 2591 iniqua
1247 2550 1431 2591 qravare
1450 2537 1666 2578 sententia.

190 2621 218 2642 a,
251 2612 394 2642 sanxistis
415 2612 446 2642 V.
541 2612 570 2642 b.
604 2612 735 2643 diffitere
758 2613 789 2643 V.
884 2622 909 2642 c.
943 2612 1097 2642 sanctiunt
1120 2612 1153 2642 Z.
1245 2613 1274 2642 d.
1308 2613 1385 2642 nolit
1406 2612 1463 2642 VZ.
1556 2622 1581 2642 c.
1615 2612 1667 2653 Ce-

95 2664 172 2704 pisti
191 2664 303 2696 habere
324 2665 448 2696 fratrem
469 2666 555 2696 tuum
577 2667 611 2696 Z.

96 2722 99 2726 ’
192 2723 225 2759 1.
252 2723 353 2759 Haec
376 2723 579 2759 Burchardi
610 2723 939 2759 excommunicatio
972 2722 1101 2759 codem
1135 2726 1300 2769 tempore
1324 2723 1471 2759 videtur
1495 2723 1668 2760 Coloniae

97 2791 120 2817 a
143 2781 329 2818 Friderico
360 2781 460 2818 facta
491 2793 591 2828 esse,
625 2793 697 2829 quo
723 2783 826 2819 Cuno
853 2783 1048 2828 episcopus
1074 2783 1332 2819 Praenestinus
1363 2782 1498 2819 ibidem
1526 2783 1667 2819 Heinri-

97 2850 180 2877 cum
196 2841 232 2878 V
254 2841 512 2887 imperatorem
538 2842 745 2887 damnavit,
779 2843 801 2877 i.
826 2852 858 2877 e.
885 2841 944 2876 die
972 2842 1015 2876 19
1042 2840 1130 2887 Apr.
1153 2842 1243 2878 1115
1271 2841 1389 2889 „feria
1413 2842 1576 2878 secunda
1605 2854 1667 2888 pa-

97 2899 250 2947 schae“;
275 2912 312 2936 v.
338 2901 550 2937 relationem
576 2901 613 2937 in
638 2902 734 2937 Mon.
752 2901 874 2937 Germ.
894 2900 958 2936 SS.
972 2901 1024 2937 VI
1049 2901 1116 2936 251
1144 2913 1179 2937 n.
1197 2902 1255 2938 53.
1302 2901 1356 2939 Cf.
1383 2902 1494 2938 etiam
1521 2912 1578 2948 ep.
1599 2902 1666 2937 167

97 2969 208 3006 supra
231 2971 267 3005 p.
286 2961 367 2996 295.
488 2962 524 2997 2.
547 2961 593 2997 V.
612 2962 708 2997 Petr.
726 2962 760 3006 2,
780 2960 836 2996 15.
957 2960 991 2995 3.
1017 2960 1184 3006 Epistola
1209 2961 1406 2998 Clementis
1424 2961 1440 2997 I
1466 2971 1546 3006 cap.
1566 2963 1605 3007 23
1630 2972 1667 2997 v.

98 3018 308 3055 Decretales
332 3019 719 3057 Pseudo-Isidorianae
745 3019 802 3056 ed.
822 3019 1018 3055 Hinschius
1043 3030 1078 3066 p.
1097 3020 1155 3056 31.
