2028 3438
358 251 443 294 174
877 263 1097 295 nmmum
1127 263 1295 295 connx.
1316 287 1319 290 ,
1343 262 1389 295 89

358 367 439 414 89.
472 368 656 412 Clemens
677 369 759 412 III
790 372 997 426 antipapa
1028 370 1295 413 Ruthardwm
1335 370 1706 427 archiepiscopum'
1722 363 1906 426 Momm*-

473 448 606 490 tinum
637 448 694 489 ad
726 447 932 502 synodum
957 446 1152 490 Vercellis
1184 447 1416 490 habendam
1453 448 1541 489 iam
1576 448 1733 490 iterum
1755 441 1907 489 vend·-

1699 545 1701 547 ·
1729 521 1784 576 (E
1808 520 1909 576 17-711)

134 615 333 650 1089-1097
476 611 701 666 G(lemens)
741 611 962 669 episcopus
1002 626 1146 655 servus
1177 625 1392 656 servorum
1423 611 1504 655 Dei
1533 608 1911 665 R(uthar*doy⁴ocflz

357 688 481 731 fratri
526 692 581 732 et‘
612 689 857 745 coepiscopo
894 688 1137 744 Moguntino
1183 689 1359 733 salutem
1400 691 1441 732 et
1479 687 1748 746 apostolicam
1786 686 1911 732 benb-

359 765 595 813 dictionem.
1793 815 1795 817 ,

475 843 726 899 Nuper-rime
757 856 832 899 per
862 843 1110 886 confratrem
1136 845 1327 886 nostrum
1349 843 1591 899 episcopum
1610 832 1889 886 Faventinum

357 920 613 963 fraternitati
643 923 753 974 tuae,
785 923 832 963 ut
862 920 915 963 ad
947 920 1164 976 synodum,
1197 934 1321 976 quam
1352 934 1428 977 pro
1460 919 1592 963 tocius
1620 915 1911 963 ecolesinam

359 997 550 1040 cessariis
581 998 718 1040 causis
748 998 793 1040 in
823 997 908 1040 iam
941 997 1050 1040 dicto
1081 997 1171 1040 loco
1205 1001 1246 1040 et
1275 1000 1465 1054 tempore
1485 996 1734 1040 celebraturi
1753 996 1910 1051 sumus,

359 1075 472 1117 omni
509 1075 745 1131 postposita
776 1075 990 1118 occasione
1021 1074 1260 1130 advenires,
1299 1074 1588 1117 mandavimus
1621 1076 1662 1117 et
1692 1086 1768 1130 per
1798 1076 1911 1117 sum‘-

357 1165 471 1194 mam
509 1151 785 1194 obedientiam
818 1152 1119 1208 praecepimus.
1180 1151 1238 1194 Et
1268 1152 1454 1207 primum
1482 1150 1648 1206 quidem
1679 1150 1784 1194 bene
1807 1137 1912 1207 pro-

357 1228 530 1282 misisti3
572 1242 715 1271 verum
756 1231 923 1284 postea,
965 1228 1177 1272 voluntate
1216 1233 1291 1271 tua
1327 1229 1372 1271 in
1408 1228 1548 1284 aliqua
1577 1230 1697 1284 parte
1726 1230 1910 1284 peracta,

359 1318 453 1348 cum
492 1306 731 1362 praedictus
770 1306 940 1348 nuntius
978 1305 1144 1349 rediens
1181 1319 1324 1349 veram
1355 1305 1432 1348 tibi
1463 1308 1509 1347 ut
1539 1304 1912 1349 ceteris'obedien'-

357 1382 460 1424 tiam
479 1378 742 1438 iniungeret,
779 1383 937 1437 dixisti,
968 1385 1011 1426 te
1043 1397 1068 1425 a
1097 1383 1216 1426 nobis
1247 1396 1323 1439 per
1353 1385 1471 1425 tuum
1501 1382 1694 1425 nuntium
1724 1387 1816 1426 esse
1845 1395 1911 1426 re-

357 1458 559 1502 laxatum.
680 1459 797 1510 Quod
827 1462 874 1502 ut
906 1460 1160 1514 audivimus,
1202 1473 1324 1515 quam
1356 1460 1540 1514 graviter
1568 1459 1807 1515 tulerimus,
1838 1472 1911 1503 ne—

359 1536 449 1591 quit
484 1535 633 1579 efferri.
695 1536 785 1579 Hoc
815 1537 925 1579 enim
958 1536 1114 1580 dictum
1145 1550 1298 1591 magna
1324 1537 1586 1593 'perturbatio
1619 1535 1769 1593 synodi
1795 1536 1911 1580 vide·-

358 1612 500 1666 batur3
540 1626 634 1656 cum
674 1627 817 1656 omnes
855 1627 961 1670 pene
1000 1613 1250 1668 suffraganei
1281 1614 1343 1656 tui
1375 1614 1428 1656 ad
1459 1617 1500 1657 te
1529 1613 1777 1671 respiciant,
1817 1626 1910 1656 cum

359 1690 545 1732 omnium
589 1703 670 1732 vox
718 1691 791 1733 sit:
828 1691 967 1753 'Quod
992 1694 1208 1747 maqister
1254 1707 1365 1733 meus
1399 1692 1574 1747 fecerit,
1622 1693 1698 1735 hoc
1725 1692 1908 1748 faciam.

358 1765 622 1823 Quapropter
661 1768 794 1810 eidem
805 1756 815 1765 '¹
826 1767 899 1823 N.,
941 1768 1012 1823 qui
1049 1771 1136 1810 tam
1173 1768 1400 1811 nefandum
1438 1772 1524 1811 tam
1561 1768 1794 1812 execrabile
1822 1771 1911 1811 tam

357 1843 552 1886 nocivum
574 1847 742 1887 sanctae
765 1847 806 1887 et
826 1845 1053 1888 universali
1074 1844 1271 1888 ecclesiae
1292 1845 1554 1888 mendacium
1574 1844 1762 1902 protulit,
1789 1856 1910 1888 omne

359 1920 547 1963 divinum
580 1920 762 1964 officium
794 1922 1023 1978 apostolica
1054 1922 1302 1965 auctoritate
1332 1923 1642 1977 interdicimus,
1675 1923 1824 1978 donec,
1858 1921 1911 1965 ad

357 2010 433 2040 nos
465 1998 649 2053 veniens,
683 1998 734 2041 de
763 2002 882 2041 tanta
912 2002 999 2041 tam
1031 1999 1266 2042 detestandi
1299 2000 1505 2043 mendacii
1534 2000 1756 2055 iniquitate
1787 1999 1911 2043 satis-

357 2074 497 2118 faciat.
544 2074 662 2125 Quod
691 2075 775 2118 nisi
805 2089 936 2130 usque
968 2076 1021 2118 ad
1051 2076 1204 2120 festum
1236 2077 1370 2119 sancti
1391 2074 1628 2120 Michaelis²
1656 2077 1709 2120 ad
1737 2089 1827 2132 nos,
1859 2075 1910 2120 de

357 2151 435 2194 hac
463 2165 510 2195 re
542 2152 844 2207 satisfacturus,
875 2153 1050 2207 venerit,
1083 2153 1277 2210 ampliori
1309 2167 1433 2209 quam
1454 2154 1629 2197 forsitan
1650 2154 1817 2197 estimet
1837 2166 1909 2197 ex-

358 2229 723 2272 communicationi
754 2229 995 2273 subiacebit.

476 2306 570 2349 Tibi
600 2319 698 2349 vero
735 2306 963 2363 apostolica
994 2307 1239 2350 aucteritate
1271 2310 1313 2350 et
1349 2320 1425 2363 per
1454 2320 1597 2350 veram
1629 2307 1907 2351 obedientiam

357 2383 510 2425 iterum
543 2386 666 2438 atque
686 2383 836 2426 iterum
860 2384 1159 2440 praecipimus:
1192 2387 1239 2426 ut
1259 2384 1312 2426 ad
1333 2383 1552 2440 synodum,
1583 2384 1628 2427 in
1648 2384 1754 2427 festo
1776 2384 1909 2427 sancti

357 2456 572 2515 Dyonisii³
593 2459 793 2503 Vercellis
825 2460 1136 2515 celebrandam,
1176 2461 1340 2514 venias;
1381 2464 1422 2503 et
1452 2475 1595 2504 omnes
1626 2460 1908 2516 suffraganeos

356 2538 451 2578 tuos
483 2549 558 2591 per
590 2537 763 2579 eandem
796 2537 1074 2580 obedientiam
1106 2538 1344 2581 admoneas.
1769 2539 1771 2541 ’

450 2650 476 2671 a.
509 2651 546 2671 eae
568 2642 597 2671 V
614 2642 784 2679 76v-77,
808 2643 967 2682 Zp.140.

453 2705 485 2739 1.
511 2703 729 2752 Robertum3
754 2717 790 2741 v.
809 2705 1002 2741 Clementis
1027 2716 1084 2751 ep.
1106 2716 1217 2752 supra
1240 2706 1283 2741 T.
1300 2706 1352 2741 III
1377 2706 1457 2741 377.
1671 2705 1704 2740 2.
1731 2704 1830 2751 Sept.
1849 2706 1906 2741 29.

357 2762 391 2797 3.
417 2761 494 2798 Oct.
512 2763 546 2797 9.
