2028 3438
611 236 834 271 nnALmor
865 238 1035 271 connx.
1082 237 1128 271 65
1573 225 1656 268 137

87 347 295 404 snuswin
324 346 550 392 dilectione
585 345 786 403 quicquid
820 345 1062 402 iocundius,
1101 344 1148 389 in
1178 345 1368 390 oratione
1406 348 1450 389 et
1487 343 1659 389 servitio
1688 353 1778 389 1081

85 423 288 483 quiequid
320 425 524 473 devotius.
1427 428 1431 432 ·

209 502 401 547 Sinistra*
428 503 556 547 fama>
572 501 661 546 hoc
697 514 807 545 anno
848 514 875 544 a
909 499 1102 557 partibus
1140 498 1225 544 illis
1268 499 1441 544 veniens
1479 498 1660 543 multum

87 580 475 634 mof>÷exaeerbmit3
517 579 723 623 referens:
762 581 925 623 vestros
957 591 982 621 a
1011 577 1094 622 fide
1125 581 1168 622 et
1197 578 1435 633 dilectione,
1467 577 1545 621 sub
1578 591 1661 633 qua

87 668 178 703 msa·
198 657 252 702 in*
284 655 535 702 saxoniam·
573 653 865 712 dimiserant¹,
903 655 1106 700 defecisse
1143 658 1187 700 et
1224 659 1372 699 contra
1410 655 1660 710 dignitatem

88 731 273 780 'vestram
304 731 605 792 conspirasse².
653 733 774 777 Unde
803 733 909 777 mihi
930 733 1087 790 duplex
1117 737 1219 777 nata
1249 736 1315 777 est
1342 727 1536 788 tristicia,
1567 736 1659 776 tum

89 813 188 869 quia
226 811 395 858 debita*
433 812 610 856 caritate
646 814 788 855 vestro
819 810 970 854 honori
1007 825 1093 854 non
1122 825 1274 869 parum
1305 810 1528 866 timebam,
1567 813 1660 853 tum

89 890 190 947 quia
217 890 429 934 communi
467 890 653 933 omnium
686 889 882 933 miseriae
913 889 1209 943 condolebam3
1249 889 1349 946 quia
1389 901 1512 931 omne
1541 887 1660 931 nefas

87 960 328 1026 irrupitin
361 952 442 1011 hoc
480 979 602 1011 evum
642 969 685 1010 et
722 979 747 1010 a
779 966 1008 1010 traditione
1039 963 1222 1010 domini³
1262 967 1335 1010 vix
1373 965 1556 1022 aliquem
1594 978 1661 1010 re-

89 1028 459 1103 {ocat'iespectus
489 1043 588 1088 fidei
618 1044 686 1087 vel
716 1041 1005 1088 sacramenti‘.
1054 1043 1138 1088 Sed
1169 1043 1277 1088 alius
1297 1057 1443 1087 rumor
1474 1043 1662 1087 dolorem

87 1132 231 1168 meum
264 1116 450 1167 mutavit
485 1123 531 1166 in
561 1122 785 1178 gaudium3
828 1122 928 1178 quia
969 1121 1133 1178 audivi,
1174 1122 1373 1178 quicquid
1408 1121 1661 1166 turbationis

20 1254 24 1258 ,
87 1196 248 1257 fueram
278 1194 479 1245 *sedatum
520 1194 624 1244 esse
649 1202 692 1243 et
729 1199 872 1243 omnia
911 1200 965 1243 ad
1002 1199 1205 1244 honorem
1242 1203 1431 1244 vestrum
1470 1199 1659 1243 cessisse.

88 1278 219 1323 Novit
256 1283 399 1323 autem
436 1278 666 1334 Dominus,
707 1277 832 1334 quod,
871 1277 908 1321 si
946 1277 1064 1322 vobis
1102 1278 1165 1321 ita
1202 1278 1365 1321 vicinus
1405 1291 1562 1333 essem,
1599 1277 1663 1322 uti

87 1355 475 1413 ‘wirzeburgensis‘
506 1357 728 1414 episcopus
738 1353 766 1411 ⁵,
799 1355 867 1399 vel
896 1356 941 1398 in
970 1355 1045 1399 illa
1074 1355 1142 1399 vel
1172 1356 1217 1399 in
1249 1355 1334 1399 alia
1364 1369 1492 1399 causa
1522 1359 1664 1399 vestra

88 1430 232 1480 nullus
251 1435 381 1480 =vobis
413 1434 602 1480 affuisset
631 1434 835 1491 paratius,
866 1447 990 1477 nemo
1019 1432 1185 1478 fidelius
1215 1434 1283 1478 vel
1315 1434 1507 1478 devotius
1538 1446 1663 1491 opem

89 1513 259 1558 tulisset
288 1526 414 1570 quam
447 1527 537 1568 ego.-
585 1511 692 1564 Quia
722 1525 820 1555 vero
851 1511 978 1554 nimis
1009 1515 1196 1555 remotus
1228 1517 1359 1568 sum,·
1383 1512 1494 1569 quod
1525 1511 1663 1555 solum

90 1590 598 1647 absens1⁴'valeo,*bonae
627 1602 746 1633 meae
769 1589 996 1634 voluntatis
1026 1603 1180 1634 munus
1202 1590 1344 1634 offero.
1397 1589 1482 1634 Sed
1502 1590 1591 1633 sive
1617 1590 1664 1633 in

90 1669 210 1714 ouria
246 1669 336 1712 siv‘e
374 1668 497 1725 alibi,
536 1669 610 1713 ubi
639 1682 842 1726 praesens
873 1681 966 1712 esse
1004 1672 1171 1725 potero,
1210 1681 1288 1725 pro
1325 1667 1484 1712 honore
1523 1671 1663 1712 vestro

90 1747 236 1791 modis·
259 1746 468 1802 omnibus,
501 1747 587 1790 acsi
615 1746 748 1790 frater
778 1746 960 1792 carnalis
993 1759 1142 1801 essem,
1174 1745 1387 1790 laborabo.

119 1844 122 1849 ·
161 1841 165 1855 2
212 1823 381 1869 Gratias
413 1828 554 1869 autem
585 1824 820 1869 uberrimas
850 1824 986 1868 refero
1017 1824 1198 1868 bonitati
1229 1827 1415 1879 vestrae,
1454 1824 1553 1880 quia
1588 1838 1665 1881 per

91 1916 167 1947 vos
198 1901 446 1946 hiemalem·
485 1903 654 1953 domum
687 1902 817 1946 talem
849 1902 1004 1957 habeo,
1044 1905 1092 1945 ut
1129 1902 1175 1945 in
1215 1906 1329 1945 terra
1358 1905 1505 1945 nostra
1535 1901 1665 1945 talem

91 1986 140 2025 se
166 1978 322 2025 habere
359 1980 500 2024 nullus
539 1981 654 2024 dicat
683 1981 866 2024 omnino.
924 1979 971 2024 Si
1001 1979 1094 2023 fieri
1122 1983 1287 2037 posset,
1326 1983 1375 2023 ut
1406 1980 1556 2024 vestris
1587 1980 1664 2023 hu-

91 2058 221 2103 meris
251 2058 358 2103 mihi
382 2071 483 2102 -eam
515 2058 780 2113 attulissetis,
811 2071 896 2101 non
927 2057 1108 2102 maiores
1139 2058 1237 2101 inde
1268 2058 1387 2102 vobis
1408 2058 1567 2114 gratias
1588 2058 1664 2101 ha-

91 2135 258 2181 berem‘
295 2148 422 2193 quam
460 2136 605 2192 modo,
646 2149 723 2180 nec
760 2136 813 2180 ad
852 2135 1133 2191 reddendum,
1173 2136 1490 2192 quibuscunque
1527 2135 1664 2179 modis

91 2214 212 2259 vobis
241 2214 462 2272 placuerit,
492 2214 681 2272 paratior
712 2227 848 2258 essem
880 2227 1005 2270 quam
1036 2213 1174 2257 modo.

122 2307 126 2314 ’
151 2316 154 2321 Δ
212 2291 294 2336 Pro
326 2293 538 2336 communi
570 2292 745 2336 clericos
774 2294 919 2335 nostro
950 2294 1135 2335 vestram
1166 2304 1268 2346 rogo
1300 2289 1581 2346 clementiam,
1618 2294 1666 2334 ut

188 2414 215 2436 n..
249 2405 380 2436 Saxonia
398 2404 429 2436 0.
523 2405 552 2435 b.
587 2405 690 2435 debita
711 2421 741 2425 —
758 2407 823 2435 tum
846 2405 918 2444 quia
938 2414 995 2434 om.
1010 2404 1040 2435 V.
1137 2413 1162 2434 c.
1184 2404 1430 2442 wirzburgensis
1445 2403 1479 2434 Z.
1564 2403 1594 2434 d.
1626 2404 1666 2435 ad

93 2456 240 2499 praesens
255 2457 323 2495 172,
351 2458 462 2489 absens
487 2457 518 2490 0.
686 2468 712 2489 e.
745 2457 914 2497 hyemalem
931 2457 990 2488 VZ.
1158 2457 1178 2487 f.
1211 2457 1354 2488 referrem
1371 2457 1436 2495 VZ,
1465 2457 1608 2488 haberem
1634 2456 1665 2489 G.

94 2521 124 2552 a
156 2513 285 2545 coneilio
303 2513 335 2544 V.

191 2584 224 2620 1.
255 2583 441 2629 Rupertus
473 2582 568 2618 enim
600 2581 885 2626 Bambergensis
921 2583 959 2616 et
990 2580 1180 2617 Conradus
1211 2580 1459 2616 Traieetensis
1491 2581 1665 2628 episcopi,

95 2644 245 2679 causam
269 2642 431 2678 Heinrici
448 2642 499 2677 IV
516 2642 615 2687 regis
641 2644 848 2687 sequentes,
874 2641 911 2676 in
928 2639 1088 2676 Saxonia
1112 2650 1237 2676 mense
1260 2640 1458 2677 Februario
1478 2642 1569 2676 1081
1594 2641 1666 2676 col—

95 2702 218 2748 loquio
250 2701 300 2737 illi
332 2700 588 2747 Kaufungensi
624 2702 731 2736 simul
764 2699 1015 2736 interfuerant.
1054 2700 1097 2736 V.
1124 2700 1247 2735 Bruno
1279 2700 1326 2735 de
1356 2700 1452 2736 bello
1485 2699 1666 2736 Saxonico

97 2771 128 2798 c.
148 2762 235 2807 126,
268 2761 364 2797 Mon.
382 2760 504 2797 Germ.
527 2759 590 2796 SS.
606 2761 637 2797 V
657 2761 739 2796 382.
860 2761 893 2795 2.
928 2768 1052 2795 mense
1076 2759 1181 2796 Iunio
1209 2760 1297 2796 1081
1332 2760 1532 2796 adversarii
1556 2760 1667 2796 Hein—

97 2821 162 2857 rici
186 2821 238 2858 IV
266 2831 366 2867 „non
399 2821 508 2865 longe
533 2831 556 2856 a
580 2819 826 2865 Babenberg⁶⁴
854 2818 1020 2864 fuerunt,
1053 2822 1147 2855 teste
1177 2820 1348 2856 Brunone
1381 2820 1427 2855 de
1457 2818 1553 2856 bello
1580 2818 1665 2855 Sax.

97 2891 130 2917 c.
144 2881 226 2926 130,
250 2880 273 2916 l.
290 2881 313 2915 l.
331 2891 365 2925 p.
381 2880 462 2916 384.
575 2881 609 2915 3.
635 2879 796 2915 Heinrici
813 2879 876 2914 IV.
988 2878 1022 2914 4.
1049 2878 1132 2914 circ.
1152 2878 1210 2915 die
1227 2880 1249 2915 9
1267 2879 1364 2925 Aug.
1384 2880 1475 2915 1081
1493 2878 1540 2914 ab
1559 2879 1666 2915 Hein-

98 2940 164 2976 rici
193 2939 413 2975 adversariis
437 2939 668 2975 Hei-mannus
691 2949 756 2974 rex
782 2941 927 2974 creatus
951 2940 1020 2973 est.
1139 2939 1173 2974 5.
1200 2937 1385 2974 Adalbero
1418 2939 1546 2984 (quem
1573 2948 1667 2974 anno

101 2999 193 3036 1085
218 2998 264 3035 ab
290 2999 460 3035 Heinrico
480 2999 531 3036 IV
548 2998 731 3034 deiectum
757 3008 838 3034 esse
863 2997 1025 3042 scimus).
