2028 3438
633 244 698 276 nx
727 244 951 277 anmoins
981 245 1120 277 Lumo
1579 236 1666 280 539

97 352 156 396 tio
180 351 311 408 joaa
341 360 414 406 est,
445 352 746 396 Burcliardum
778 352 826 397 S.
849 353 1074 396 Michaelis
1102 342 1397 415 monachum¹3
1432 371 1508 398 nec
1537 357 1667 400 multo

92 437 206 487 post,
239 444 334 473 cum
356 429 512 473 librum
541 445 584 473 se
613 431 746 474 invito
778 430 963 474 celeriter
991 432 1286 488 pervulqatum
1317 447 1402 476 esse
1432 436 1665 491 reperisset,

96 507 192 553 iam
199 507 331 564 &pso
341 521 455 550 anno
474 503 623 551 '1135'
655 508 829 551 eundem
858 522 966 551 novo
996 510 1135 552 studio
1165 512 1411 553 retractavit
1438 526 1667 568 maynope-

95 595 245 641 reque
240 579 469 627 adama&
518 584 607 628 Sed
637 599 777 628 omnes
807 585 909 628 illae
937 600 1079 628 rerum
1101 587 1494 644 chronoloyicarum
1522 590 1667 645 inqui-

96 662 268 706 sitiones
282 656 610 715 Heimonianae,
643 662 748 704 leves
780 671 819 706 et
846 663 1129 720 perinfirmae‚
1162 666 1208 707 in
1231 665 1381 721 quibus
1410 680 1496 708 non
1522 667 1669 722 potius

97 737 198 782 vera
218 740 403 783 scieritia
433 746 494 783 est
523 754 652 797 quam
681 742 826 798 inepta
855 755 1125 784 numerorum
1157 741 1279 795 lusio,
1314 743 1444 799 plane
1472 743 1583 786 nihil
1611 745 1671 786 ad

97 815 251 860 mam
272 824 462 860 nostram
493 819 733 872 attinerent,
773 820 862 861 nisi
897 820 1051 861 ieiunis
1082 821 1170 862 suis
1207 820 1344 877 paleis
1375 820 1528 863 Heimo
1561 820 1670 863 bella

95 895 465 951 yranaquaedam
484 896 544 938 ad
563 896 784 939 historiam
803 898 1036 953 spectantia
1056 898 1358 953 immiscuisset.
1398 898 1471 940 Ex
1486 898 1668 954 praefa-

97 971 281 1015 tionibus·
311 973 423 1015 enim
442 973 626 1017 duarum
647 976 786 1031 operis
810 975 1054 1027 editionum,
1089 989 1217 1031 quam
1241 977 1386 1032 viyens
1417 983 1504 1019 tum
1528 975 1671 1032 fuerit

97 1043 364 1106 Bambay'ae
399 1052 576 1107 aqitatio
614 1053 871 1105 studiorum,
913 1052 1098 1109 intelliyi
1130 1061 1276 1109 potest.
1330 1053 1462 1096 Liber
1493 1061 1669 1110 quartus

99 1123 295 1171 editionis
326 1130 596 1185 posterioris,
635 1130 712 1172 ubi
739 1131 1043 1186 imperatorum
1072 1132 1183 1174 ratio
1214 1131 1410 1185 liabetur,
1451 1132 1503 1174 de
1533 1131 1669 1174 Hein-

97 1204 188 1249 rico
212 1204 261 1248 Π
279 1205 486 1249 nonnulla
516 1208 562 1250 in
592 1222 636 1250 se
658 1209 851 1262 continet,
886 1223 994 1265 quae
1013 1208 1293 1251 Adalbertum
1321 1210 1369 1251 in
1398 1211 1528 1252 vitam
1560 1211 1669 1252 eius-

100 1282 194 1326 dem
219 1284 489 1341 imperatoris
512 1286 571 1327 ad
589 1285 760 1328 verbum
783 1286 1047 1329 transtulisse
1065 1287 1266 1329 videmus.
1306 1286 1527 1344 Leyuntur
1547 1288 1672 1330 etiam

99 1361 147 1404 in
177 1362 333 1418 quinto·
352 1364 602 1419 posterioris
634 1364 828 1406 editionis
861 1364 968 1407 libro
999 1365 1058 1407 ad
1084 1364 1301 1421 pontifices
1325 1365 1542 1408 Romanos
1570 1379 1671 1421 per-

100 1439 267 1493 tinente,
300 1454 409 1497 quae
430 1442 662 1495 ostendunt,
696 1442 941 1484 Burdinum
962 1434 1214 1499 antipapam
1243 1443 1374 1499 paulo
1395 1443 1508 1499 plus,
1543 1456 1672 1499 quam

99 1519 315 1575 suspicari
342 1518 497 1572 solent,
529 1521 648 1577 apud
681 1517 914 1564 Germanos
945 1515 1162 1562 valuisset
1210 1519 1427 1563 Adiunxit
1453 1528 1672 1577 praeterea

99 1594 253 1639 Heimo
285 1581 408 1654 operi
436 1597 573 1653 cyclos
610 1597 831 1654 paschales
869 1597 921 1640 ab
955 1605 1048 1640 ortu
1078 1598 1231 1640 mundi
1263 1613 1394 1654 usque
1424 1599 1483 1641 ad
1512 1613 1672 1641 annum

100 1671 220 1717 1595
245 1687 506 1730 proyressos,
539 1676 586 1718 in
615 1689 794 1732 quorum
823 1675 1087 1732 maryinibus
1119 1676 1258 1718 breves
1288 1678 1511 1719 memorias
1542 1677 1671 1720 collo-

101 1752 232 1804 cavit,
269 1751 348 1794 ubi
384 1753 508 1795 etiam
543 1761 642 1809 post
679 1755 766 1796 eius
805 1753 962 1797 obitum
992 1769 1020 1796 a
1050 1753 1430 1810 Bamberyensibus
1466 1755 1673 1797 nonnulla

102 1829 302 1886 apposita
321 1837 420 1873 sunt
445 1831 505 1872 ad
524 1845 683 1873 annum
702 1831 829 1874 1179
858 1845 990 1888 usque
1019 1833 1288 1888 pertinentia.
1335 1832 1406 1875 De
1425 1834 1513 1876 vita
1535 1841 1673 1876 autem

101 1907 304 1964 nviqravit
333 1906 485 1950 Heimo
525 1909 594 1950 die
629 1908 686 1952 31
722 1908 827 1951 Iulii
859 1925 900 1951 a.
923 1906 1076 1952 1139⁵.
1133 1908 1260 1952 Cuius
1298 1918 1470 1953 mortem
1505 1910 1672 1967 fratres

105 1982 154 2029 S.
176 1976 322 2028 Iacchi
345 1993 473 2042 prata
501 1986 792 2029 recordatione
819 1986 1193 2043 prosequebantur,
1225 1995 1451 2045 propterea
1473 1989 1587 2045 quod
1608 2003 1672 2032 ec-

200 2166 235 2202 1.
260 2165 306 2203 V.
331 2164 427 2203 infra.
449 2165 629 2213 praefatio
653 2167 784 2213 prioris
800 2166 982 2203 editionis.
1095 2168 1130 2204 2.
1157 2167 1358 2215 Utramque
1381 2168 1464 2205 libri
1486 2170 1674 2206 tractatio·

103 2235 188 2262 nem
213 2236 309 2263 anno
327 2226 420 2263 1135
444 2225 580 2262 factam
606 2236 700 2273 esse,
726 2227 850 2263 multis
874 2227 964 2264 locis
988 2229 1153 2273 apparet.
1189 2228 1258 2263 Ed.
1274 2229 1293 2264 1
1320 2239 1399 2275 cap.
1418 2229 1452 2274 3,
1477 2228 1536 2264 ed.
1554 2230 1577 2265 2
1600 2229 1674 2265 L.I

104 2295 137 2322 c.
154 2285 198 2323 32
223 2285 288 2333 „In
312 2295 408 2323 anno
431 2286 598 2333 Domini,
632 2296 716 2323 cum
741 2287 813 2323 ista
837 2286 1047 2332 scribimus,
1081 2287 1266 2333 praesenti
1293 2288 1385 2324 1135
1410 2290 1497 2324 sunt
1521 2291 1673 2334 epactae

103 2344 288 2392 quatuor“
315 2348 405 2393 cet.;
437 2344 484 2382 cf.
510 2355 621 2391 supra
645 2357 680 2392 p.
700 2346 768 2382 537
794 2357 830 2382 n.
845 2346 880 2382 4.
925 2346 968 2382 In
992 2346 1105 2382 solius
1129 2346 1300 2383 editionis
1323 2347 1536 2393 posterioris
1561 2348 1603 2383 L.
1620 2348 1674 2385 IV

105 2414 137 2442 c.
154 2405 178 2441 3
201 2404 358 2450 legimus
382 2403 493 2441 haec:
521 2405 689 2452 „Etenim
715 2405 745 2441 si
771 2405 818 2441 ab
842 2405 912 2442 hoc
936 2405 1087 2441 instanti
1106 2415 1213 2451 anno,
1239 2405 1302 2451 qui
1318 2409 1376 2442 est
1392 2417 1510 2443 annus
1529 2407 1675 2443 Domini

106 2464 211 2511 1135,
235 2463 493 2511 retrogradus“
520 2466 590 2500 cet.
688 2466 721 2501 3.
743 2465 789 2502 V.
808 2463 987 2511 praefatio
1011 2464 1226 2510 posterioris
1243 2465 1427 2502 editionis.
1522 2467 1557 2502 4.
1582 2467 1674 2503 Bur·

105 2523 182 2560 dini
212 2533 301 2561 vero
333 2533 406 2559 non
431 2534 454 2559 a
477 2522 813 2569 Bambergcnsibus
845 2525 961 2560 solum
992 2523 1059 2560 sed
1092 2524 1202 2560 etiam
1234 2523 1281 2560 ab
1308 2524 1605 2571 Augustensibus
1637 2530 1675 2562 et

105 2581 449 2628 Osnabrugensibus
472 2583 651 2620 rationem
675 2582 837 2619 habitam
861 2593 955 2629 esse,
982 2582 1306 2620 animadvertimus
1330 2594 1377 2620 ex
1396 2585 1573 2630 Eginonis
1598 2585 1674 2631 epi-

105 2642 202 2679 stola
225 2642 334 2686 (Mon.
349 2641 471 2678 Germ.
489 2641 554 2679 SS.
568 2643 640 2678 XII
655 2643 742 2686 446)
767 2646 805 2679 et
829 2653 875 2679 ex
891 2642 1052 2679 Udalrici
1076 2642 1157 2678 cod.
1175 2653 1210 2679 n.
1230 2643 1300 2679 190
1324 2654 1437 2691 supra
1460 2655 1497 2690 p.
1515 2645 1586 2681 328
1612 2643 1673 2687 (cf.

105 2711 142 2748 p.
160 2702 291 2738 3290.
309 2702 358 2745 6).
466 2702 500 2737 5.
531 2701 638 2738 Diem
665 2706 703 2738 et
727 2713 859 2738 annum
887 2702 1047 2748 reperies
1071 2700 1167 2738 infra
1191 2702 1238 2738 ad
1258 2703 1368 2750 11393
1393 2703 1550 2740 eundem
1577 2704 1674 2740 diem

105 2760 144 2797 ln
166 2760 375 2806 necrologio
393 2760 429 2797 S.
443 2760 641 2797 Michaelis.
679 2762 720 2797 In
738 2762 947 2807 necrologio
972 2764 1096 2797 autem
1114 2760 1151 2798 S.
1165 2761 1289 2798 Iacobi
1313 2772 1409 2799 saec.
1423 2763 1512 2800 XVI
1537 2763 1674 2809 scripto

106 2819 296 2856 Heimonis
319 2830 417 2856 mors
441 2830 633 2866 perperam
659 2820 706 2856 ad
724 2821 746 2856 3
763 2821 844 2856 Kal.
862 2821 959 2866 Aug.
977 2821 1058 2865 (Iul.
1072 2821 1133 2865 30)
1159 2820 1314 2858 refertur
1335 2821 1405 2858 hoc
1422 2822 1549 2858 modo:
1578 2822 1674 2869 „An-

106 2878 328 2915 niversarius
353 2879 557 2926 Haymonis
581 2879 787 2926 presbyteri
813 2879 979 2916 canonici
1003 2879 1157 2916 ecclesie
1181 2883 1324 2928 nostre,
1353 2882 1415 2928 qui
1440 2883 1592 2918 multum
1618 2892 1674 2918 or—

107 2937 211 2974 navit
235 2941 273 2974 et
296 2938 439 2975 dotavit
463 2939 655 2975 ecclesiam
681 2941 843 2975 nostram
867 2938 968 2976 libris
993 2938 1099 2976 bonis
1123 2942 1163 2976 et
1178 2941 1292 2977 sacris
1308 2941 1520 2988 vestibus“;
1543 2952 1580 2979 v.
1598 2940 1674 2978 Sie-

107 2995 237 3035 benter
260 2997 409 3035 Bericht
432 2997 499 3035 des
522 2997 648 3036 histor.
661 2999 816 3037 Vereins
840 3009 886 3036 zu
911 2998 1096 3046 Bamberg
1119 3009 1156 3047 p.
1172 2999 1254 3037 225.
