2028 3438
260 348 352 384 1064

260 1346 351 1382 1065

376 219 433 262 56
865 231 1085 262 UDAme
1115 231 1282 262 conax.
1331 229 1387 263 28.
1405 228 1451 262 29

375 338 471 381 liter
501 338 690 381 fratrum.
738 321 825 382 Nec
850 351 925 392 ego
954 337 1066 381 solus
1095 337 1197 381 haec
1218 338 1431 381 sanctitati
1451 340 1616 381 vestrae
1637 336 1835 393 su'ggerQ.
1859 337 1934 383 sed

376 415 563 458 omnium
593 415 772 458 fratrum
805 414 995 471 querelas
1028 418 1070 458 et
1098 428 1243 471 preces
1275 415 1327 457 ad
1357 420 1541 458 vestram
1565 415 1836 463 sanctitatem.
1854 414 1933 463 {dev

375 493 501 535 fero¹¹.
548 492 680 547 Igitur
712 495 855 535 auctor
886 491 1072 536 scandali
1103 492 1155 535 ad
1184 494 1341 535 rectam
1372 492 1485 535 viam
1516 492 1774 536 auctoritate:
1792 494 1932 538 venna

375 569 598 613 reducatur
630 572 671 612 et
700 569 757 624 id,
791 569 900 625 quod
930 569 1080 612 fratres
1112 569 1400 612 scandalizans
1421 572 1610 626 usurpat,
1643 583 1693 613 ea
1711 571 1932 626 potestate,

377 659 458 702 qua
479 645 637 689 caelum
661 646 833 702 aperitis
856 649 898 690 et
918 646 1124 701 clauditis,
1147 647 1354 703 deponere
1371 649 1554 701 cogatur.
1600 646 1658 690 Et
1677 646 1738 690 ita
1750 645 1932 690 cessabit

376 724 618 779 conquestio
668 723 867 778 fratrum3
921 727 962 767 et
1010 723 1189 767 fideliter
1233 723 1350 767 vobis
1397 723 1604 767 deserviet
1653 722 1930 772 unanimitas*

376 801 651 843 sacerdotum.

495 876 575 928 Qui
588 884 601 899 ⁰
639 890 713 920 vos
758 876 910 920 olivam
948 877 1207 921 fructiferam
1251 876 1459 934 plantavit
1502 877 1547 920 in
1585 876 1707 920 domo
1745 876 1930 932 Domini.

376 953 628 1011 multiplicet
656 954 921 998 sanctitatem
952 957 1133 998 vestram
1164 957 1211 997 ut
1240 954 1408 998 cedrum
1439 952 1603 997 Libani.

381 1094 462 1141 29.
494 1095 697 1139 Canonici
724 1097 1049 1153 Bamberqenses
1080 1096 1347 1140 Adelbertum
1379 1095 1409 1138 I
1433 1097 1792 1154 archiepiscopum
1815 1096 1931 1140 Bre-

495 1188 673 1215 mensem
709 1182 880 1230 roqant,
913 1183 960 1216 ut
990 1175 1100 1216 litem
1131 1175 1214 1217 sibi
1240 1174 1404 1216 illatam
1432 1175 1478 1216 in
1513 1171 1719 1218 Gunthem·
1731 1175 1934 1231 ,episcopi

494 1252 673 1293 reditum
704 1251 868 1307 dzfferri
895 1249 1068 1293 iubeatd.
1742 1249 1796 1303 (E
1827 1250 1930 1304 206)

492 1338 844 1383 Reverentissimo
888 1343 1175 1383 sacrosanctae
1204 1339 1443 1383 Bremensis
1480 1338 1676 1385 ecclesiae
1713 1335 1931 1396 episcopo¹

374 1416 424 1459 N.
457 1415 637 1460 decanus
678 1430 770 1460 cum
808 1417 1024 1460 universo⁹
1054 1415 1391 1471 Babenbergensi
1422 1416 1531 1460 clero
1566 1420 1654 1460 tam
1683 1419 1930 1474 perpetuam

376 1507 501 1549 quam
532 1493 715 1537 debitam
747 1494 1039 1538 devotissimae
1070 1494 1286 1553 orationis
1300 1493 1590 1537 constantiam.

493 1570 612 1622 Quod
648 1571 692 1613 in
729 1573 849 1614 tanta
886 1584 1025 1614 rerum
1057 1571 1334 1614 humanarum
1371 1573 1620 1627 tempestate
1651 1570 1801 1614 vestris
1832 1583 1930 1615 con-

376 1647 480 1691 siliis
512 1651 654 1691 vestra
684 1648 930 1691 auctoritate
960 1652 1048 1692 tam
1078 1648 1298 1702 negociosa
1317 1648 1484 1704 imperii
1515 1647 1836 1691 amministratio
1867 1647 1930 1691 di-

375 1724 474 1767 vina
505 1725 783 1781 disposicione
813 1719 1069 1780 gubernatur
1078 1722 1106 1780 ²,
1138 1725 1365 1768 universali
1396 1726 1574 1782 quodam
1597 1720 1749 1780 gaudio
1771 1738 1928 1780 omnes,

377 1815 478 1857 quos
499 1805 613 1845 recta
635 1802 748 1846 ducit
769 1802 1035 1857 existimati0‚
1069 1802 1388 1859 amplectuntur.
1426 1802 1724 1846 Verumtamen
1753 1802 1929 1846 interius

376 1882 417 1922 et
448 1879 752 1934 quodammodo
784 1879 1032 1923 familiarius
1072 1879 1175 1922 haec
1207 1879 1398 1936 voluptas
1436 1880 1591 1922 nostris
1622 1878 1809 1923 illabitur
1839 1879 1928 1923 ani-

375 1956 475 2010 mis3
508 1959 653 2013 utpote
686 1957 769 2013 qui,
801 1957 959 2000 tociens
990 1956 1113 2000 rebus
1143 1956 1318 2013 perditis
1349 1957 1507 2000 tociens
1532 1956 1777 2014 desperatiS,
1806 1970 1928 2013 prae-

375 2034 657 2077 sentissimam
695 2034 739 2076 in
777 2034 895 2077 vobis
928 2047 1073 2090 opem,
1105 2034 1316 2089 singulare
1352 2035 1397 2077 in
1435 2033 1553 2077 vobis
1591 2033 1755 2091 experti
1785 2046 1927 2078 sumus

372 2111 640 2167 praesidium.

494 2187 576 2231 Sed
621 2188 700 2231 etsi
738 2187 852 2231 nullo
891 2187 1173 2244 experientiae
1216 2190 1341 2242 gustu
1382 2187 1542 2242 gratiae
1581 2190 1744 2231 vestrae
1789 2188 1927 2231 suavi-

374 2269 504 2309 tatem
535 2266 795 2320 libassemus,
827 2266 1059 2321 praesentis
1090 2268 1233 2308 tamen
1261 2265 1463 2321 temporis
1486 2263 1710 2308 difficultas
1739 2268 1924 2320 urgeret:

374 2346 422 2385 ut
458 2356 533 2385 nos
566 2346 750 2397 vestrae,
786 2343 975 2397 quamvis
1006 2342 1312 2399 inexploratae,
1354 2341 1729 2386 committeremus‘
1757 2341 1927 2386 benivo-

374 2419 563 2462 lentiaess.
687 2419 901 2462 Summam
934 2433 1031 2474 ergo
1061 2419 1124 2462 rei
1152 2418 1297 2475 paucis
1330 2418 1545 2461 advertite.

493 2496 673 2538 Domino
712 2493 879 2539 nostro³
910 2496 1127 2553 praedium
1159 2498 1222 2539 est
1252 2495 1600 2550 ecclesiasticum,
1641 2495 1751 2551 quod
1780 2495 1831 2538 N.
1854 2508 1925 2539 vo-

376 2576 509 2628 catur,
541 2572 725 2629 amplum
759 2587 858 2616 sane
890 2576 931 2617 et
960 2574 1232 2627 fructuosum,
1264 2572 1314 2615 de
1346 2585 1425 2627 quo
1451 2572 1667 2628 episcopus
1688 2571 1738 2615 N.
1762 2575 1925 2616 contro-

468 2682 493 2702 ει.
527 2672 623 2702 refero
643 2673 699 2709 VZ,
723 2673 824 2703 defero
853 2674 887 2703 G.
972 2673 1000 2703 b.
1032 2674 1131 2703 unitas
1153 2673 1186 2703 G.
1264 2681 1288 2702 e.
1322 2671 1379 2708 Qui
1399 2687 1428 2691 —
1447 2671 1552 2701 Libani
1573 2681 1628 2702 om.
1644 2672 1700 2702 VZ.
1784 2672 1813 2702 d.
1846 2682 1884 2703 ex
1902 2672 1929 2703 V

377 2726 555 2761 89—89v,
580 2725 654 2764 Zp.
670 2727 861 2756 188—189.
955 2736 980 2756 e.
1012 2727 1077 2755 toto
1100 2725 1133 2755 Z.
1226 2725 1247 2754 f.
1280 2725 1465 2755 committere
1482 2724 1513 2754 V.
1613 2733 1641 2761 g.
1673 2725 1834 2755 debeamus
1856 2724 1924 2755 alia

374 2788 470 2808 manu
490 2777 524 2807 in
544 2777 684 2816 maryine
702 2778 730 2808 V
745 2778 885 2809 additum
906 2783 958 2809 est.

471 2848 503 2882 1.
529 2846 728 2882 Adalberto
746 2847 772 2881 I.
881 2849 912 2883 2.
944 2848 1047 2893 regni
1070 2858 1193 2883 curam
1218 2846 1351 2882 scimus
1381 2845 1464 2881 inde
1490 2856 1512 2880 a
1537 2845 1656 2881 medio
1680 2844 1756 2882 fere
1780 2856 1811 2882 a.
1831 2845 1924 2882 1064

373 2915 491 2950 usque
516 2904 563 2940 ad
578 2909 789 2950 vergentem
814 2916 949 2942 annum
968 2907 1058 2942 1065
1076 2905 1122 2942 ab
1139 2904 1337 2942 Adalberto
1361 2907 1562 2940 sustentam
1579 2914 1671 2940 esse.
1766 2904 1799 2940 3.
1825 2903 1923 2940 Gun-

374 2964 476 3000 thero
502 2964 682 3010 episcopo.
