2028 3438
243 347 336 383 1105

219 396 293 427 Dec.
309 398 348 426 22
383 417 391 426 .

372 221 460 265 244
883 234 1104 267 nmmum
1132 234 1303 267 connx.
1351 232 1418 267 129

373 340 599 392 duxerimg
633 342 800 395 quantis
833 340 1044 383 laboribus
1077 339 1136 384 eth
1167 341 1504 384 tribulationibus
1541 342 1642 383 meis
1672 348 1755 383 tuo.
1775 339 1929 383 111011υή

371 417 651 471 znservierim,
685 422 806 472 φασιν
838 425 875 459 et
904 425 1083 473 quantae
1112 419 1364 461 inimicicias
1382 432 1468 474 pro
1499 425 1536 460 te
1555 416 1926 460 habam-imum

373 493 503 545 boam,
536 492 648 534 solus
680 501 739 535 est
769 495 968 536 conscius.
1070 493 1144 536 Ille
1177 496 1316 536 autem
1346 493 1514 548 iterum,
1545 491 1927 548 iamdvtereioffsub

319 597 321 599 -
375 568 557 611 eiusdem
590 567 687 611 fidei
719 571 760 611 et
791 569 1041 613 sacramenti
1080 569 1377 624 obtestatione,
1417 570 1453 612 si
1489 570 1726 624 ingrueret⁹
1765 569 1927 614 occasio

225 1195 300 1225 Dec.
316 1195 354 1224 25

374 645 568 701 periculi⁷
596 649 723 701 caput
754 659 874 688 suum
906 659 982 702 pro
1014 646 1151 702 capite
1182 660 1274 690 meo
1307 647 1409 702 fore,
1442 646 1636 702 promisit
1664 645 1802 690 mihis·
1827 679 1829 681 .
1852 670 1853 675 =
1879 658 1900 683 ’1

495 721 564 765 Sic
594 725 817 778 postquam
848 722 999 766 clausit
1028 736 1095 766 me
1125 723 1170 766 in
1200 723 1343 767 eodem
1377 722 1562 778 castello,
1595 722 1694 779 quia
1723 722 1929 766 omnioeiu

375 798 499 842 corde
522 802 564 842 et
583 799 706 842 corde
728 803 818 842 erat
836 799 999 842 locutus
1013 796 1035 852 ¹,
1059 799 1280 842 manifeste
1302 799 1484 843 ostendit
1503 800 1565 843 rei
1585 802 1771 843 eventus.
1798 798 1930 843 hfiEx

377 875 570 918 omnibus
601 875 705 918 meis
738 879 909 930 quartus
931 889 1006 931 ego
1038 889 1143 919 sum
1161 876 1366 931 inclusus3
1398 889 1474 920 1166
1495 876 1930 933 ειᾱωὶίιῖίροίῑῑιὶῒηιιὶ-

374 951 478 995 libet
508 951 626 994 alius.
680 951 882 996 Custodes
915 953 1125 1009 deputati,
1165 953 1235 1008 qui
1266 954 1377 997 vitae
1407 967 1525 997 meae
1555 955 1677 997 erant
1705 953 1930 998 atrociores

375 1028 548 1070 inimici.
605 1027 855 1072 Benedictus
893 1043 968 1086 per
1008 1030 1147 1072 omnia
1176 1030 1313 1085 Deus,
1353 1030 1567 1074 exaltandi
1604 1032 1646 1074 et
1681 1029 1932 1075 humiliandi

378 1104 686 1160 quemcunquer
715 1105 895 1149 voluerit
924 1120 998 1149 rex
1029 1107 1359 1162 potentissimus.
1840 1117 1871 1145 -1

497 1181 603 1224 Cum
633 1182 763 1236 igitur
793 1183 886 1239 ipso
925 1183 1206 1226 sacratissimo
1239 1184 1306 1227 die
1342 1182 1576 1226 nativitatis
1606 1186 1705 1227 suae
1740 1183 1932 1228 omnibus

378 1258 607 1314 redemptis
639 1259 726 1301 suis
757 1259 828 1302 ille
859 1263 1028 1302 sanctus
1067 1263 1306 1304 sanctorum
1336 1274 1440 1318 puer
1468 1260 1617 1304 fuisset
1644 1263 1790 1316 natus,
1829 1260 1934 1304 mihi

381 1336 458 1379 soli
488 1328 626 1378 Filius*
655 1333 749 1378 ille²
779 1349 864 1379 non
902 1339 966 1380 est
996 1337 1117 1380 datus
1126 1343 1153 1379 ⁸.
1208 1337 1317 1380 Nam
1345 1361 1400 1367 -
1429 1340 1478 1380 ut
1512 1340 1675 1381 taceam
1711 1337 1935 1394 obprobria

381 1413 556 1456 iniurias
587 1412 723 1455 minas
754 1412 914 1467 gladios
946 1414 990 1456 in
1028 1414 1231 1457 cervicem
1262 1428 1398 1457 meam
1437 1414 1638 1470 exertos''‚
1675 1414 1759 1458 nisi
1777 1414 1935 1458 :omnia

381 1490 590 1546 imperata
619 1489 819 1543 facerem3
856 1490 1008 1533 famem
1041 1491 1167 1534 etiam
1201 1494 1242 1534 et
1273 1491 1400 1546 sitim,
1433 1504 1558 1547 quam
1587 1491 1862 1548 perferebam,
1894 1494 1936 1535 et

384 1567 434 1610 ab
465 1566 572 1621 illis,
613 1580 715 1622 quos
752 1567 906 1609 iniuria
937 1570 1027 1610 erat
1056 1567 1197 1611 videre
1235 1571 1277 1611 et
1308 1568 1471 1622 audire3
1509 1568 1571 1611 uti
1601 1569 1729 1612 etiam
1757 1571 1934 1624 taceam,
1998 1568 2005 1575 '

385 1643 494 1698 quod
526 1646 590 1685 est
619 1643 801 1698 gravius,
832 1658 900 1687 me
932 1644 1032 1687 olim
1063 1645 1165 1687 satis
1188 1644 1352 1688 felicem
1372 1645 1502 1688 fuisse
1523 1669 1577 1674 —
1599 1644 1703 1688 illud
1724 1658 1936 1701 nunquam

385 1719 619 1774 obliviscar,
643 1719 770 1762 ffludk
790 1721 1021 1775 nunquam¹
1044 1721 1231 1765 desinam
1257 1722 1447 1765 omnibus
1469 1722 1706 1765 christianis
1727 1722 1936 1778 conqueri,

386 1797 496 1852 quod
527 1796 610 1839 illis
642 1784 918 1840 sanctissimis
949 1798 1094 1842 diebus
1127 1799 1215 1841 sine
1246 1799 1361 1841 omni
1391 1791 1621 1842 christiana
1648 1799 1938 1843 communione

384 1874 429 1916 in
460 1886 625 1916 carcere
655 1873 760 1916 1110’ῃ
790 1875 862 1917 fui.

503 1950 551 1992 In
580 1950 664 1993 illis
696 1951 951 2007 penitentiae
982 1955 1024 1994 et
1052 1951 1335 1995 tribulationis
1366 1966 1484 1996 meae
1515 1951 1660 1996 diebus
1692 1966 1716 1995 a
1738 1951 1823 1995 filio
1843 1965 1936 1996 meo

386 2027 538 2070 missus
557 2027 671 2070 venit
692 2027 742 2070 ad
765 2041 831 2071 me
854 2028 1022 2083 quidam
1045 2029 1306 2085 principum¹¹
1321 2029 1533 2086 Wipertus
1545 2036 1574 2084 ⁰,
1596 2029 1756 2072 dicens:
1777 2028 1938 2072 nullum

386 2103 498 2147 vitae
529 2118 647 2147 meae
679 2118 768 2147 esse
800 2105 1040 2160 consilium,
1078 2106 1161 2148 nisi
1198 2107 1288 2149 sine
1318 2106 1404 2149 ulla
1435 2106 1762 2149 contradictione
1783 2106 1939 2159 ‚omnia

386 2181 505 2235 regni
535 2181 718 2235 insignia
747 2182 960 2224 redderem
989 2196 1041 2225 ex
1062 2182 1274 2226 voluntate
1306 2186 1347 2226 et
1376 2183 1553 2240 imperio
1584 2183 1834 2240 principum.
1880 2181 1939 2225 At

389 2271 462 2313 ego
486 2282 539 2287 -
571 2258 650 2301 etsi
680 2258 814 2301 omnis
849 2262 981 2313 terra,
1023 2262 1223 2314 quantum
1263 2260 1542 2315 inhabitatur,
1580 2260 1697 2315 regni
1733 2259 1818 2303 mei
1854 2261 1939 2302 ter—

387 2335 526 2377 minus
566 2338 693 2390 esset,
740 2335 886 2378 nolens
915 2336 1048 2384 vitam
1086 2349 1213 2390 regno
1259 2340 1537 2379 commutare*
1567 2358 1622 2366 --
1653 2336 1752 2392 quia
1789 2335 1938 2379 vellem

388 2411 541 2454 nollem
563 2412 621 2454 sic
644 2412 849 2466 agendum
871 2415 912 2454 et
932 2412 991 2454 sic
1013 2411 1251 2455 definitum&¹
1277 2412 1574 2467 intelligebam,
1607 2425 1800 2455 coronam
1822 2425 1938 2469 scep-

389 2491 501 2530 trum
533 2502 695 2531 crucem
727 2488 915 2532 lanceam
947 2493 989 2532 et
1018 2489 1204 2543 gladium
1233 2490 1329 2532 misi
1359 2489 1630 2544 Moguntiam.

509 2565 645 2620 Tunc,
684 2566 988 2613 communicato
1019 2566 1190 2608 consilio
1222 2579 1317 2608 cum
1347 2566 1526 2608 inimicis
1558 2566 1682 2620 meis,
1723 2565 1938 2620 egrediens

483 2691 509 2712 a.
542 2683 734 2720 produxerim
755 2683 819 2713 GE.
923 2683 951 2712 b.
984 2683 1137 2713 laboribus
1160 2684 1190 2713 et
1209 2683 1313 2722 recepi
1333 2693 1370 2713 ex
1394 2682 1547 2722 Siqeberti
1568 2683 1671 2713 chron.
1680 2695 1691 2719 ‚·
1712 2692 1768 2713 om.
1787 2681 1938 2714 VZBGE.

391 2743 416 2764 c.
449 2734 531 2772 quod
552 2734 586 2764 Z.
690 2735 718 2764 d.
751 2736 858 2765 iterum
879 2735 939 2765 iam
961 2745 1016 2765 om.
1032 2736 1070 2765 E.
1167 2746 1192 2766 e.
1224 2737 1369 2774 ingruerit
1390 2735 1424 2765 G.
1527 2735 1548 2765 f.
1581 2744 1669 2774 quem
1690 2735 1728 2765 E.
1825 2744 1853 2772 g.
1886 2744 1938 2765 na-

390 2787 439 2816 tus
461 2787 491 2816 V.
595 2787 625 2816 11.
660 2788 778 2816 exortos
800 2788 838 2817 E.
935 2788 954 2817 i.
988 2790 1018 2817 et
1039 2787 1110 2818 add.
1125 2789 1162 2818 E.
1257 2788 1288 2818 k.
1319 2788 1395 2817 illud
1416 2797 1472 2818 om.
1490 2788 1578 2818 VZB.
1680 2787 1700 2817 l.
1733 2796 1885 2826 nunquam
1903 2802 1936 2807 -

391 2839 534 2876 conqueri
555 2848 610 2868 om.
629 2840 659 2869 V.
763 2849 801 2869 m.
833 2840 885 2869 illo
908 2849 963 2870 om.
983 2840 1071 2870 VZB.
1175 2850 1204 2870 n.
1237 2841 1377 2879 princeps
1398 2841 1436 2870 E.
1533 2850 1561 2870 o.
1582 2839 1774 2870 Wichbertus
1795 2840 1834 2877 E,
1857 2839 1938 2869 Wie-

390 2891 493 2920 bertus
515 2890 550 2921 G.
673 2901 703 2930 p.
736 2893 921 2923 committere
943 2894 981 2923 E.
1106 2902 1135 2932 q.
1168 2893 1317 2923 difinitum
1338 2893 1376 2923 E.

485 2954 518 2989 1.
536 2953 594 2988 Ps.
606 2954 660 2999 11,
672 2955 711 2989 3:
729 2955 864 3000 „Labia
877 2955 1012 3001 dolosa,
1027 2955 1064 2990 in
1077 2956 1184 2991 corde
1199 2959 1235 2991 et
1248 2955 1355 2991 corde
1368 2955 1480 2991 locuti
1493 2954 1612 2991 sunt“.
1661 2956 1695 2991 2.
1710 2954 1938 2991 eucharistia.
