2028 3438
251 368 340 402 1071

230 416 305 453 Aug.
319 416 356 445 17

231 1369 307 1406 Aug.
320 1368 358 1398 18

381 238 438 281 80
855 260 857 262 ·
903 250 1121 282 nmmum
1152 250 1320 282 connx.
1366 249 1413 282 38

380 359 539 410 autem,
580 356 624 399 in
656 356 772 398 cuius
803 369 930 398 manu
962 360 1059 400 sunt
1088 356 1215 400 corda
1244 370 1389 411 regum
1422 359 1464 399 et
1494 356 1634 399 omnia
1662 356 1756 399 iura
1784 369 1933 411 regno·

378 446 495 488 rum,
517 433 579 476 ita
607 432 811 489 principis
843 433 1030 476 animum
1050 433 1271 489 mitigavit,
1304 437 1351 476 ut
1371 433 1424 476 ad
1446 433 1777 476 exhortationem
1788 439 1934 476 aswer-

378 510 522 553 dotum
553 509 683 552 nichil
712 509 986 566 responderet
1016 523 1224 567 asperum,
1255 510 1385 554 nichil
1416 510 1668 553 christian-ae
1689 509 1934 566 disciplinae

379 587 613 630 adversum.
670 585 790 629 Dixit
827 588 989 630 tamen:
1022 601 1067 630 se
1097 588 1160 642 id,
1199 587 1309 643 quod
1338 587 1513 642 fecerat,
1552 587 1589 630 si
1622 590 1788 644 posset,
1820 586 1934 630 iuste

379 663 508 707 velle⁸
539 662 783 717 defendere3
823 664 934 719 quod
973 664 1009 706 si
1046 665 1184 707 minus
1216 664 1480 720 procederet,
1518 663 1647 712 nichil
1684 677 1730 707 se
1766 663 1935 707 divinae

379 740 620 784 auctoritati
650 740 870 784 contraire.
917 741 981 783 Ita
1011 739 1148 784 verbis
1180 741 1442 784 sacerdotum
1473 741 1684 796 delinitus,
1718 740 1934 784 nobiscum

379 813 600 861 concilium
630 818 824 872 intravit3
867 821 908 861 61
937 817 1028 872 ille,
1060 817 1110 860 de
1142 831 1223 873 quo
1255 818 1415 873 questio
1449 821 1557 873 erat,
1594 818 1649 861 ad
1679 816 1935 861 audientiam

380 895 505 937 venit.
554 894 702 937 Vocati
739 908 837 938 vero
868 895 1132 938 intraverunt
1169 898 1211 938 61
1248 894 1323 938 filii
1355 895 1688 938 Constantiensis
1720 894 1933 949 ecclesiae,

379 971 541 1015 libellos
574 972 850 1015 accusationis
888 972 1148 1028 porrigentes
1180 976 1241 1027 et,
1283 985 1328 1015 se
1364 973 1561 1015 canonice
1590 972 1850 1029 probaturos·
1871 981 1933 1027 ea,

381 1048 528 1104 quibus
552 1062 772 1104 personam
802 1048 1117 1104 insimulabant,
1147 1052 1441 1105 protestantes.
1489 1049 1631 1093 Multis
1653 1051 1934 1093 autem-accu-

380 1125 612 1169 sationibus
643 1125 752 1168 ultro
785 1126 971 1181 citroque
1003 1126 1208 1181 decursiS,
1241 1126 1339 1181 quia
1360 1126 1512 1169 >multis
1542 1127 1587 1169 in
1618 1127 1838 1170 adversum
1869 1125 1935 1168 ni-

379 1203 564 1246 tentibus
595 1216 662 1245 res
692 1203 737 1245 in
758 1203 1007 1259 profundam
1035 1206 1199 1246 noctem
1219 1206 1433 1260 protracta
1463 1208 1539 1259 est,
1572 1202 1792 1246 concilium
1803 1202 1934 1246 zhuius

381 1279 477 1335 diei,
516 1280 669 1322 infecto
711 1279 845 1322 adhuc
884 1280 1075 1335 negocio,
1108 1280 1342 1324 necessario
1374 1279 1650 1336 diremptum'³
1691 1283 1766 1323 est.
1835 1314 1837 1317 .
1879 1278 1936 1322 :In

382 1357 610 1400 crastinum
651 1360 788 1400 autem
829 1357 1067 1412 designatus
1104 1357 1196 1412 ille,
1244 1357 1332 1400 Deo
1370 1359 1418 1400 ut
1456 1357 1663 1400 credimus
1702 1357 1798 1400 *eius
1837 1369 1936 1400 con-

382 1435 598 1478 scientiam
638 1437 872 1488 coartante,
918 1448 1003 1477 non
1044 1434 1155 1477 ultra
1195 1437 1419 1490 expectans
1466 1433 1724 1478 audienciam
1770 1433 1935 1478 concilii

380 1525 457 1555 nec
488 1512 698 1555 sustinens
730 1510 891 1567 pondus
922 1511 1179 1554 imminentis
1210 1511 1374 1566 iudicii,
1404 1511 1495 1567 ipse
1524 1512 1569 1554 in
1605 1525 1654 1554 se
1680 1510 1935 1554 sentenciam

382 1589 490 1632 tulit.
546 1589 603 1631 Et
641 1587 811 1630 anulum
851 1591 892 1631 et
928 1588 1105 1631 ferulam
1143 1588 1395 1645 pastoralem
1434 1589 1492 1643 ei,
1535 1602 1559 1631 a
1591 1602 1671 1643 quo
1703 1591 1934 1645 acceperat,

381 1665 572 1720 reddens,
605 1679 679 1708 nos
711 1665 836 1719 longa
867 1665 1083 1720 questione
1104 1669 1145 1708 61
1173 1665 1418 1719 fatigatione
1440 1665 1636 1719 absolvit3
1669 1665 1747 1708 hoc
1769 1667 1934 1708 tantum

381 1742 658 1799 praetendens
691 1742 990 1785 excusationis:
1023 1743 1133 1798 quod
1161 1743 1279 1786 iuxta
1300 1742 1524 1786 Caelestini
1554 1755 1689 1799 papae
1709 1741 1935 1786 decretalia

381 1820 601 1877 episcopus
633 1820 724 1862 dari
753 1819 882 1863 nollet
912 1820 1054 1863 invitis
1068 1817 1090 1862 ¹.

501 1896 636 1953 Super
672 1897 736 1940 his
777 1910 874 1951 ergo
913 1901 955 1940 et
991 1910 1117 1953 super
1154 1897 1344 1940 omnibus
1378 1895 1588 1940 beneficiis
1624 1896 1935 1940 misericordiae

382 1989 482 2019 suae
519 1975 675 2029 gratias
714 1974 896 2030 primum
937 1973 1099 2028 agimus
1138 1975 1248 2030 patri
1293 1974 1695 2028 misericordiarum,
1743 1973 1814 2029 qui
1857 1986 1934 2016 nos

381 2051 560 2095 humiles
598 2065 740 2095 servos
778 2064 874 2093 suos
914 2051 959 2093 in
998 2052 1273 2108 temptatione
1312 2051 1535 2095 clementer
1567 2050 1799 2104 exaudivit3
1839 2050 1936 2094 dein

383 2129 635 2186 apostolicae
673 2128 762 2171 sedi
800 2128 970 2184 eiusque
1008 2129 1343 2172 reverentissimo
1383 2127 1586 2185 praesuli,
1634 2141 1664 2170 a'
1697 2141 1778 2183 qua
1815 2130 1936 2184 petr-a

381 2206 583 2263 profluxit
618 2206 695 2249 hec
730 2208 820 2248 tota
849 2206 1185 2261 perseverantiae
1221 2209 1389 2249 nostrae
1427 2204 1649 2258 fortitudo3
1688 2206 1855 2247 orantes
1894 2207 1936 2248 et

381 2283 641 2339 postulantes
680 2282 894 2325 dominum
933 2282 1070 2326 Deum
1107 2286 1314 2326 nostrum:
1363 2286 1409 2325 ut
1445 2283 1683 2326 interventu
1719 2281 1784 2325 sui
1821 2280 1936 2324 Petri

382 2360 504 2403 huius
544 2359 832 2403 sanctissimae
871 2359 981 2402 sedis
1021 2360 1181 2416 apicem
1228 2359 1367 2402 stabili
1411 2359 1492 2402 fide
1533 2372 1635 2416 pace
1674 2361 1716 2402 et
1756 2358 1800 2401 in
1836 2371 1934 2401 vcon-

380 2437 561 2480 fessione
592 2437 656 2479 sui
687 2436 867 2479 nominis
888 2437 949 2479 ita
970 2437 1149 2480 solidare
1174 2440 1216 2480 et
1235 2436 1481 2480 confirmare
1502 2436 1707 2490 dignetur,
1739 2435 1934 2491 quatinus

383 2513 631 2556 universalis
670 2512 840 2555 ecclesie
878 2513 1113 2570 plenitudo,
1162 2527 1266 2569 quae
1306 2516 1369 2556 est
1409 2526 1559 2569 corpus
1597 2512 1774 2567 Christi,
1813 2511 1934 2554 huius

383 2590 532 2647 capitis
563 2590 742 2633 sanitate
773 2593 974 2647 perpetuo
1006 2590 1197 2647 proficiat
1227 2593 1269 2633 et
1298 2589 1509 2644 glorietur.

501 2666 653 2709 Ratum
691 2669 831 2709 autem
870 2667 1088 2721 duximus,
1128 2666 1250 2709 huius
1288 2666 1452 2709 concilii
1483 2666 1671 2709 ordinem
1703 2668 1745 2708 et
1776 2665 1934 2708 exitum

382 2746 546 2786 vestrae
585 2742 819 2796 significare
857 2744 1089 2797 sanctitati3
1138 2746 1202 2798 ut,
1241 2743 1356 2785 cuius
1405 2742 1651 2785 auctoritate
1689 2746 1861 2798 ceptum
1894 2745 1935 2785 et

383 2820 612 2863 confectum
647 2823 724 2874 est,
757 2820 844 2862 eius
877 2825 918 2863 et
949 2834 1121 2863 assensu
1151 2823 1360 2862 mereatur
1391 2819 1591 2861 roborari.

478 2930 503 2949 a.
536 2919 628 2949 vellet
646 2920 702 2950 VZ.
829 2920 857 2949 b.
891 2920 1040 2958 direptum
1060 2920 1089 2949 V.

480 2984 511 3017 1.
538 2993 572 3017 ν.
592 2992 702 3027 supra
724 2991 760 3026 p.
780 2983 823 3016 76
850 2993 883 3017 n.
903 2983 935 3017 2.
