2028 3438
595 241 659 272 nx
687 242 938 274 rumonus
970 243 1167 276 o'r'roms
1581 234 1667 278 839

94 345 404 394 irretractabile
434 360 527 392 esse
559 348 733 393 verbum
765 349 817 394 ab
849 363 921 394 ore
951 351 1108 394 summi
1140 351 1351 409 pontificis
1383 352 1513 397 semel
1543 354 1667 397 emis-
1696 364 1788 401 1184

46 441 52 447 ·
94 437 210 483 sum,
232 438 319 471 >nen
340 427 407 471 est
435 438 563 470 ausus
594 426 707 472 ultra
733 426 869 484 loqui3
902 428 976 472 sed
998 428 1228 486 apostolica
1250 429 1540 475 benedictione
1571 445 1667 488 per-

93 505 230 561 nepta,
260 516 456 549 reversus
487 507 553 549 est
584 504 638 548 ad
668 505 822 549 fratres
853 519 964 550 suos.
1015 505 1085 551 Sic
1117 507 1253 551 omnis
1285 521 1381 565 spes
1404 507 1549 564 dilata,
1582 522 1665 553 non

93 580 261 628 sublata
289 584 367 626 est.

180 684 185 697 ι
210 658 314 704 Otto
345 672 445 704 vero
473 658 838 716 Babenbergensis
873 662 1109 720 episcopus,
1140 662 1286 707 volens
1316 662 1469 707 litteris
1500 665 1665 720 exequi,

93 736 204 794 quod
241 736 419 783 idoneae
450 751 655 795 personae
686 752 769 782 non
802 743 999 796 poterant
1028 741 1247 798 prosequi,
1286 739 1480 785 Urbano¹
1514 755 1664 798 papae,
1688 757 1891 794 1185-1187

93 813 351 873 quiLucio,
389 818 432 860 et
461 814 665 871 Gregorio
675 813 704 872 ²³,
743 817 840 874 qui⁶
872 817 1042 862 Urbano
1075 818 1298 874 successit,
1339 818 1503 863 litteras
1536 819 1667 863 semel
1693 828 1784 864 1187

91 896 136 938 ot
163 892 346 938 secundo
377 893 508 938 misit.
557 893 641 939 Sed
670 894 802 939 nichil
832 895 1031 952 profecit,
1069 895 1271 940 Romanis
1302 897 1375 941 vix
1404 896 1570 941 litteras
1600 898 1665 941 in-

91 970 256 1029 spicere
285 970 558 1027 dignantibus
589 975 632 1016 et
662 972 918 1017 dicentibus:
952 973 1026 1017 Ad
1057 975 1162 1018 talia
1190 977 1365 1032 neyocia
1387 991 1474 1019 non
1501 977 1666 1019 scedula

90 1051 164 1094 sed
191 1051 414 1094 reverende
431 1058 530 1094 eunt
552 1051 806 1094 exhibendae
834 1040 1050 1109 personae.
1100 1053 1298 1096 Romana
1318 1055 1452 1107 curia,
1485 1055 1665 1098 inoblita

89 1129 297 1182 iusticias,
326 1143 416 1172 rem
437 1137 524 1172 tam
550 1130 758 1185 qrandem
777 1144 863 1172 non
885 1131 1071 1173 coneedit
1087 1130 1241 1186 facile,
1274 1146 1327 1174 ne
1344 1131 1466 1187 forte
1486 1147 1666 1189 magnae

91 1208 132 1250 ei
164 1208 383 1265 inputetur
411 1208 655 1264 inperio-iae.
710 1206 780 1250 Sic
810 1207 893 1250 iam
928 1207 1018 1251 viee
1050 1208 1181 1252 tercia
1218 1209 1347 1265 periit
1376 1208 1495 1252 labor
1528 1212 1569 1253 et
1599 1210 1664 1253 in-

89 1297 235 1342 pensa.
621 1275 624 1279 ’

93 1383 95 1385 >
207 1360 509 1407 Wolframmus
531 1374 629 1405 vero
662 1361 806 1418 abbas,
837 1362 1008 1406 honoris
1034 1364 1170 1408 sancti
1193 1363 1359 1408 Ottonis
1392 1378 1568 1421 memor,
1602 1365 1663 1409 la·
1690 1377 1782 1413 1189

89 1440 204 1486 boris
233 1439 443 1484 inmemor
473 1463 529 1469 —
562 1439 758 1484 omnibus
791 1440 1113 1498 desperantibus
1146 1445 1208 1497 et,
1247 1445 1295 1486 ut
1326 1442 1456 1499 solet,
1488 1443 1662 1487 vadian-

88 1514 247 1563 tibus³z
279 1517 317 1561 si
346 1530 545 1574 umquam
567 1516 726 1562 Romae
757 1519 981 1575 quiequam
1006 1518 1231 1576 proficeret
1251 1545 1306 1550 -
1329 1521 1436 1577 ipse,
1469 1522 1662 1577 quamvis

88 1595 244 1654 pedum
274 1597 440 1639 tumore
471 1598 739 1651 gravaretur,
776 1610 862 1639 una
892 1610 985 1640 cum
1019 1598 1250 1641 venerabili
1282 1597 1478 1642 Cunrado
1511 1599 1663 1644 abbate

88 1673 143 1718 de
170 1672 441 1729 michilvew,
478 1673 687 1717 universis
717 1674 921 1730 preciosis
953 1688 1060 1731 quae
1092 1675 1274 1719 habebat
1304 1676 1348 1719 in
1381 1689 1483 1719 auro
1522 1679 1564 1720 et
1595 1690 1662 1720 ar-

88 1754 214 1808 gento
251 1751 297 1795 in
335 1750 525 1796 sacculo⁰
556 1752 777 1808 repositis,
818 1766 872 1796 ne
909 1752 1019 1796 forte
1058 1757 1252 1811 sumptus
1291 1754 1330 1798 ei
1362 1753 1587 1798 deficerent
1617 1755 1662 1798 in

89 1829 172 1886 via,
201 1829 247 1874 in
277 1842 507 1887 parasceue
538 1829 650 1874 cirea
678 1829 825 1873 horam
846 1831 1022 1890 terciam
1043 1830 1220 1875 Romam
1242 1831 1359 1876 venit
1379 1835 1433 1888 et,
1467 1823 1661 1877 omnibus
1684 1851 1789 1889 Apr.‘1

88 1907 316 1966 expositis,
347 1907 403 1951 ad
433 1907 634 1951 domnum
667 1907 925 1952 Clementem
957 1923 1115 1966 papam
1145 1909 1322 1952 tercium
1354 1911 1573 1966 processit.
1621 1911 1661 1954 A

88 1999 171 2044 quo
201 1985 528 2030 clementissime
559 1988 800 2042 susceptus,
840 1986 1124 2043 interrogatus
1157 1991 1240 2031 est:
1284 1987 1367 2031 Ubi
1396 1997 1455 2032 est
1490 1989 1660 2045 reflectio

87 2073 175 2119 tua,
206 2066 283 2111 ubi
303 2063 491 2122 pomcha‘¹
512 2065 766 2108 manduces?
776 2060 789 2082 ⁴
833 2064 891 2107 Et
922 2064 1228 2109 demonstravit
1259 2065 1298 2108 ei
1328 2055 1547 2108 cuiusdam
1568 2079 1660 2110 car—

87 2141 242 2187 dinalis
279 2141 524 2186 cenaculum
564 2139 747 2196 grande⁵
788 2146 830 2185 et
867 2141 1170 2198 diversorium,
1211 2146 1258 2186 ut
1295 2143 1355 2186 ibi
1393 2140 1587 2200 pararet⁶
1619 2147 1661 2188 et

86 2219 374 2264 manducaret.
421 2218 566 2264 Abbas
597 2219 740 2276 itaque
771 2220 963 2276 miratus,
997 2221 1106 2277 quod
1138 2221 1183 2264 in
1215 2234 1278 2276 eo,
1311 2221 1378 2264 cui
1403 2225 1501 2278 post
1521 2221 1658 2265 Deum

87 2311 211 2342 omne
231 2311 342 2354 genu
361 2301 559 2342 curvatur
579 2297 859 2353 terrestrium,
892 2297 1020 2342 talem
1042 2298 1375 2355 hospitalitatem
1408 2302 1450 2343 et
1477 2300 1656 2355 gratiam

86 2375 331 2431 invenisset,
363 2375 472 2420 letus
505 2375 621 2419 vadit
652 2376 706 2419 ad
737 2376 972 2433 hospicium
1006 2376 1087 2420 sibi
1119 2376 1397 2431 designatum.

205 2453 371 2498 Deinde
401 2466 496 2497 eum
529 2466 721 2497 accessus
753 2454 806 2497 ad
834 2454 1034 2497 domnum
1066 2468 1221 2511 papam
1254 2455 1292 2498 ei
1325 2467 1547 2498 concessus
1579 2459 1656 2510 est,

86 2531 251 2576 litteras
283 2531 427 2575 domni
456 2529 735 2589 inperatoris⁷
767 2534 810 2576 et
839 2531 1113 2576 Pomeranice
1143 2532 1281 2587 gentis
1314 2532 1352 2575 ei
1384 2532 1558 2589 optulit;
1595 2533 1657 2576 di-

87 2623 208 2666 cens,
246 2609 324 2654 hoc
354 2610 577 2654 universae
608 2609 807 2654 eeclesiae
839 2609 1095 2653 desiderium
1129 2623 1240 2665 esse,
1278 2614 1344 2665 ut,
1381 2623 1458 2653 sua
1489 2610 1657 2655 favente

87 2687 335 2743 clemencia,
375 2687 524 2732 beatus
557 2687 656 2731 Otto
687 2687 958 2731 canonizetur
990 2691 1033 2731 et
1062 2687 1114 2731 de
1151 2687 1325 2744 pulvere
1364 2701 1531 2731 sacrum
1566 2689 1655 2732 eius

87 2778 239 2824 corpus
271 2765 469 2810 elevetur.
525 2764 594 2808 Ad
627 2764 737 2820 quod
769 2778 902 2822 papa:
943 2766 1167 2822 Numquid
1197 2768 1247 2808 cle
1282 2766 1429 2810 Ottone
1461 2769 1655 2824 episcopo

185 2894 211 2915 a.
246 2887 277 2915 et
298 2884 370 2915 add.
385 2885 423 2915 B.
549 2884 578 2913 b.
612 2882 787 2913 Michilwelt
809 2884 846 2914 A.
973 2893 999 2914 c.
1033 2884 1136 2914 saculo
1158 2885 1197 2915 A.
1324 2885 1353 2915 d.
1385 2894 1478 2924 pasca
1499 2886 1536 2916 A.

184 2949 217 2984 1.
242 2948 306 2994 111,
334 2948 587 2984 1185-1187.
732 2948 766 2983 2.
792 2947 892 2993 VIII,
920 2948 1022 2984 1187.
1169 2948 1202 2983 3.
1235 2948 1388 2994 pignore
1416 2948 1653 2985 certantibus.

88 3007 124 3044 4.
142 3005 198 3044 Of.
212 3007 322 3044 Marc.
334 3007 390 3053 14,
405 3007 461 3043 14.
523 3007 557 3043 5.
576 3004 631 3043 Of.
643 3006 753 3042 Marc.
764 3006 821 3052 14,
835 3006 890 3043 15.
957 3008 991 3043 6.
1010 3005 1064 3043 Cf.
1077 3007 1187 3044 Marc.
1198 3007 1254 3053 14,
1270 3008 1324 3044 15.
1388 3009 1420 3044 7.
1438 3008 1652 3045 Friderieil.
