2028 3438
424 269 619 310 “amuis
647 272 754 308 vim
785 274 996 308 owoms.
1031 277 1131 308 Lm.
1153 277 1204 307 111
1238 275 1281 309 15
1572 266 1659 309 673

19 384 21 387 ”
87 382 232 427 nanim
253 382 338 429 ibi-¹
347 382 544 427 fortuito
542 378 866 441 pretereuntem
889 383 1112 441 aspiciens,
1142 382 1269 426 naulo
1291 382 1390 427 dato
1413 376 1503 428 eam
1528 398 1660 440 quan·
1686 395 1778 431 1127

11 454 20 502 .“
86 459 224 504 moitis
242 460 411 516 ingredi
429 460 702 506 accelerabat.
825 460 945 513 Quod
964 459 1213 504 Uodalrious
1234 460 1315 504 Dei
1342 464 1447 504 nutu
1467 462 1660 505 animad-

87 530 271 594 duobus,
300 535 434 582 sociis
457 539 679 583 confestim
709 538 926 582 indicavit.
974 537 1041 581 Illi
1073 537 1233 594 pernici
1263 550 1389 582 cursu
1420 552 1516 582 eum
1547 539 1660 583 inse-

87 618 280 669 mutuus
288 608 545 672 'primusque
575 609 838 660 Adalbertus
878 616 1111 672 interpres,
1150 627 1245 659 eum
1284 615 1657 672 comprehendens,

86 684 265 736 inditum
298 687 632 737 &renitentem
660 694 830 737 domum
862 693 1001 737 redire
1032 691 1247 749 compulit.
1297 692 1397 748 Qui,
1431 693 1562 737 alcius
1593 694 1658 737 in-

86 762 326 825 emisenus
348 775 479 827 ‘seque
504 764 816 828 *deprehensum
848 771 1001 815 acriter
1032 769 1198 825 dolens,
1239 783 1395 827 pauoos
1431 771 1603 815 tandem
1635 784 1659 815 e

87 839 442 904 suissffpe'ficzssose
470 848 595 892 huius
616 847 683 893 vie
707 840 842 893 socios
864 848 1018 895 habere
1040 848 1215 902 meruit;
1249 848 1335 904 qui,
1367 849 1547 891 nimium
1568 849 1658 892 eius

85 917 308 970 fervorem?
325 926 637 971 considerantes
650 960 662 982 ,
700 926 818 971 nefas
850 926 1079 970 censebant
1113 938 1208 970 eum
1247 938 1445 969 revocare
1484 928 1557 969 aut
1593 925 1658 968 in-

87 996 342 1046 comitamur
377 1003 628 1059 relinquere.
750 1004 911 1048 Navem
957 1016 1056 1059 ergo
1104 1003 1306 1059 ingressi,
1353 1016 1450 1047 cum
1497 1003 1657 1047 civitati

87 1077 358 1125 mama
352 1081 792 1139 appropinquassent,
844 1081 1130 1138 speculatores
1177 1094 1248 1124 eos
1295 1083 1570 1135 agnoscentes
1618 1084 1660 1124 et

86 1148 414 1203 consider-{nites
442 1158 604 1214 ingenti
646 1159 831 1215 strepitu
869 1158 1029 1202 civibus
1069 1159 1288 1214 antiquum
1329 1158 1485 1202 erroris
1524 1158 1659 1212 magi-

84 1226 243 1279 sti-*iim
252 1228 524 1292 superuenire
555 1236 856 1290 acclamabant,
894 1236 961 1280 cui
993 1249 1088 1280 cum
1119 1235 1272 1290 gladiis
1304 1238 1347 1279 et
1376 1235 1558 1279 fustibus
1590 1248 1659 1278 oc-

86 1316 275 1357 suffere
284 1316 328 1358 et
355 1337 410 1344 —
435 1313 489 1357 ad
518 1313 718 1357 iniuriam
747 1314 921 1357 deorum
953 1313 1249 1356 vindicandam
1276 1337 1327 1342 —
1354 1312 1527 1367 indigne
1548 1315 1660 1356 trac-

85 1383 447 1448 tarfflexp'ediretss
495 1391 614 1443 Quod
654 1391 837 1434 famulus
869 1390 950 1434 Dei
980 1404 1076 1434 cum
1115 1404 1192 1448 per
1223 1391 1497 1447 interpretem
1530 1403 1659 1444 agno-

84 1467 229 1524 visset,-
242 1483 246 1486 ·
259 1468 496 1526 intrepidus
521 1482 570 1513 ac
590 1469 728 1513 calore
759 1468 857 1513 fidei
890 1471 1092 1523 armatus,
1126 1468 1260 1511 crucis
1283 1467 1484 1512 vexillum
1508 1467 1657 1522 erexit,

84 1535 397 1603 pontificalibus
440 1558 532 1590 sese
584 1547 841 1590 indumentis
892 1546 1140 1603 preparavit
1187 1546 1330 1601 eisque
1383 1545 1551 1589 obviam
1597 1545 1659 1588 ire

85 1614 344 1668 deliberavit
380 1615 626 1680 ’Primoque
663 1624 881 1668 eeclesiam
920 1623 1125 1680 principis
1157 1622 1467 1680 apostolorum,
1509 1626 1659 1678 quam*

85 1699 184 1745 ant'e
213 1692 379 1758 portam
413 1692 598 1746 eiusdem
631 1702 747 1746 urbis
778 1702 870 1758 ipse
894 1703 1175 1756 exstruxerat,
1207 1701 1437 1755 ingressus,
1471 1699 1658 1743 debitum

84 1769 270 1822 Ghfistol
290 1772 557 1836 persolvebat
587 1779 856 1835 obsequium,
893 1780 979 1822 iam
1021 1779 1190 1834 iamque
1230 1777 1467 1835 prestolans
1509 1777 1658 1821 barba-

83 1861 227 1900 rorum
265 1863 486 1901 occursum
524 1870 728 1914 suamque
766 1857 811 1900 in
841 1856 1009 1900 Christo
1050 1855 1469 1899 consummationem.
1594 1854 1659 1897 Illi

84 1938 197 1990 vero,
230 1937 327 1991 post
351 1935 568 1979 'modicum
597 1934 856 1979 tumultuoso
878 1933 1059 1990 strepitu
1091 1934 1225 1990 portis
1248 1935 1530 1990 erumpentes,
1563 1946 1657 1976 cum

84 2001 228 2056 servos
249 2011 408 2056 Ghristi
439 2013 603 2056 divinas
634 2012 779 2056 laudes
811 2011 993 2069 psallere
1025 2015 1259 2067 cernerent,
1292 2011 1364 2054 diu
1396 2010 1659 2066 multumque

83 2080 314 2134 hesitantes
336 2093 379 2134 et
407 2090 520 2134 inter
541 2104 587 2134 se
609 2090 808 2146 quidnam
831 2092 1005 2144 agerent
1026 2089 1303 2144 conferentes,
1335 2088 1520 2143 tandem,
1553 2091 1659 2131 nutu

83 2165 165 2211 Dei
201 2158 353 2211 timore
391 2168 626 2225 perterriti,
671 2168 739 2211 via
778 2181 862 2223 qua
898 2170 1103 2210 ‘venerant
1146 2166 1309 2209 confusi
1347 2166 1655 2220 regrediuntur.

83 2235 321 2300 Illo‘igitur
351 2245 420 2289 die
431 2249 494 2307 ‚et
523 2245 716 2301 sequenti
756 2245 930 2288 sabbato
971 2245 1015 2287 in
1049 2244 1195 2288 eadem
1237 2243 1413 2287 ecclesia
1443 2257 1538 2286 cum
1570 2243 1657 2286 suis

84 2312 253 2367 theorie'
276 2334 429 2367 vacans
462 2323 610 2366 horam
649 2323 860 2379 passionis
901 2321 1097 2365 sicienter
1129 2321 1380 2378 expectavit.
1434 2320 1659 2364 Dominica

80 2403 224 2444 autem
248 2400 544 2456 illucescente,
586 2401 723 2457 primo
764 2413 889 2443 mane
926 2402 1023 2456 post
1061 2399 1270 2455 completa
1309 2398 1535 2441 missarum
1575 2398 1657 2442 sol-

83 2466 270 2535 lempnia
299 2467 399 2522 Otto
425 2467 577 2521 'servus
610 2478 710 2532 Dei,
744 2476 972 2534 pontificali
1013 2476 1234 2520 redimitus
1275 2475 1407 2519 infula
1439 2477 1656 2532 crucisque

84 2554 238 2599 vexillo
269 2554 446 2612 prelato,
476 2546 798 2610 euangelizandi
828 2555 966 2610 gratia
997 2555 1040 2597 in
1069 2553 1236 2597 turbam
1269 2554 1494 2609 processit3
1526 2553 1656 2597 Udal-

83 2633 225 2677 rieu'm·
249 2621 348 2676 'vice
387 2633 553 2677 diaconi
593 2633 818 2676 dalmatica
856 2632 1050 2675 indutum
1093 2634 1135 2674 et
1165 2629 1439 2674 Adelbertum
1480 2632 1526 2675 in
1564 2632 1654 2675 loco

84 2699 331 2754 subdiacon-i
360 2710 550 2766 'aliosque
582 2710 698 2754 verbi
719 2710 799 2753 Dei
832 2712 1124 2766 cooperatores
1146 2707 1227 2752 sibi
1249 2721 1480 2751 assumens.
1519 2708 1656 2751 Erant

84 2791 225 2832 autem
263 2787 351 2831 illic
390 2788 618 2845 piramides
651 2801 804 2842 magne
841 2790 883 2830 et
922 2786 966 2829 in
1006 2785 1136 2829 altum
1170 2799 1287 2829 more
1326 2786 1530 2842 paganico
1563 2800 1655 2828 mu-

0 758 14 1013 vawffl-s-m-‹wv
1 626 11 638 „

177 2939 204 2960 ι.
236 2931 365 2970 sequens
387 2929 508 2970 solium
535 2929 652 2960 codicis
678 2929 704 2960 C
722 2929 860 2959 excisum
887 2933 939 2959 esc.
979 2927 1093 2968 Recepi
1120 2927 1218 2968 igitur
1240 2938 1278 2958 ea:
1301 2926 1405 2958 codice
1426 2928 1471 2964 Ε,
1501 2937 1581 2967 quae
1607 2938 1655 2958 se-

84 2987 239 3022 quuntur.-
261 2986 330 3014 ante
352 2985 471 3022 portam
490 2999 522 3004 —
539 2993 636 3023 usque
657 2982 701 3013 ad
720 2982 876 3022 sequentis
893 2982 1007 3022 capitis
1029 2981 1124 3012 verba
1142 2980 1234 3012 hacc.-
1256 2981 1372 3012 relictis
1394 2981 1425 3011 in
1440 2981 1530 3011 domo
1553 2991 1652 3011 sacer-

85 3036 218 3073 dotibus,
241 3038 357 3074 egressi
381 3037 571 3067 unanimiter.

143 3092 251 3127 Jnns.
274 3096 467 3124 Bibliotheca
482 3096 519 3123 v.
1322 3087 1369 3122 43
