2028 3438
83 903 437 961 HERRORDI
469 904 803 963 DIALOGUS
846 905 935 961 DE
977 905 1252 963 ΟΤΤΟΝΕ
1301 906 1613 965 EPISCOPO

605 1000 1096 1058 BAMBERGENSI.

58 1203 336 1268 Hwbotdue
366 1235 453 1278 qua
490 1236 541 1265 ea
576 1223 747 1279 reqione
781 1220 1035 1266 Germaniae
1062 1222 1225 1278 faerit,
1266 1223 1376 1266 latet.
1424 1223 1633 1276 „Advena

63 1300 173 1342 enim
203 1307 243 1342 et
263 1299 547 1356 pereyrinus“
568 1300 833 1356 Bamberqae
855 1301 1051 1343 sexennio
1081 1308 1179 1357 post
1202 1300 1367 1344 Ottonis
1400 1301 1557 1345 obitum
1587 1303 1634 1345 in

61 1390 281 1421 numerum
304 1376 501 1434 fram
522 1376 676 1423 Sancti
698 1377 921 1420 Michaelis
952 1379 1144 1421 introivit
1174 1393 1286 1421 anno
1309 1375 1454 1422 1145ι
1484 1394 1632 1436 „pres-

61 1454 183 1511 byter-
210 1462 249 1500 ut
283 1451 581 1508 monachusfl,
617 1455 877 1512 yubernante
914 1456 1155 1499 coenobium
1191 1455 1339 1499 abbate
1369 1452 1631 1511 Hermanno,

158 1589 193 1625 1.
215 1588 264 1626 V.
285 1587 387 1626 Libri
409 1588 428 1625 I
451 1589 695 1635 prooemium:
725 1589 846 1636 „Nam
872 1599 943 1635 ego
967 1589 1112 1627 advena
1142 1600 1224 1626 sum
1249 1589 1349 1636 apud
1372 1601 1441 1627 vos
1469 1593 1508 1626 et
1530 1600 1632 1637 pere-

60 1648 188 1695 grinus
206 1667 251 1675 —
268 1651 355 1685 ante
378 1646 450 1685 hoe
471 1648 746 1686 'tredeeennium
771 1649 942 1686 introitus
964 1649 1037 1685 mei
1053 1649 1101 1685 ad
1117 1659 1185 1686 vos
1210 1659 1276 1685 sex
1292 1650 1352 1686 ille
1377 1649 1493 1700 (Qtto)
1518 1660 1634 1686 annos

59 1708 134 1745 iam
163 1700 325 1745 habebat
354 1707 393 1744 in
419 1707 597 1744 tumulo“.
719 1710 753 1745 2.
785 1709 828 1746 In
852 1709 1069 1755 Necrologio
1094 1708 1131 1745 S.
1149 1708 1336 1746 Michaelis
1367 1709 1417 1746 ad
1441 1709 1464 1746 5
1487 1709 1535 1746 K.
1553 1709 1632 1746 Oct.

61 1777 175 1814 supra
196 1767 322 1814 aare
346 1766 559 1804 Herbordus
583 1768 805 1815 appellatur:
840 1767 1063 1815 „presbyter
1087 1771 1126 1804 et
1148 1769 1350 1806 monachus
1374 1771 1522 1805 nostrae
1547 1778 1632 1805 con-

59 1825 322 1873 gregationis“.
359 1826 475 1870 Quem
502 1826 803 1874 „scholasticum“
822 1827 990 1864 coenobii
1013 1826 1138 1873 fuisse,
1163 1828 1320 1873 legimus
1343 1828 1382 1864 in
1406 1826 1634 1874 praefatione

61 1886 318 1923 miraculorum
343 1885 589 1932 quorundam,
622 1886 713 1923 inito
738 1887 885 1923 saeculo
909 1887 1000 1922 XIII
1024 1897 1047 1922 a
1070 1886 1250 1923 monacho
1275 1886 1312 1923 S.
1329 1887 1517 1923 Michaelis
1548 1897 1633 1923 con·

61 1945 300 1992 scriptorum,
330 1954 426 1991 quae
450 1947 489 1981 et
511 1945 549 1981 in
573 1945 700 1982 codice
723 1945 977 1983 Herbordiano
1001 1946 1035 1983 N
1060 1945 1122 1990 (de
1146 1955 1220 1991 quo
1245 1957 1281 1982 v.
1306 1944 1414 1990 infra)
1442 1945 1505 1983 fol.
1523 1947 1571 1982 84
1596 1949 1634 1982 et

59 2005 99 2042 in
123 2003 268 2041 duabus
290 2003 466 2041 Andreae
489 2004 678 2041 codicibus
703 2005 732 2042 G
757 2009 795 2041 et
818 2006 849 2041 B
874 2005 936 2049 (de
960 2003 1093 2050 quibus
1118 2015 1153 2040 v.
1179 2015 1292 2051 supra
1314 2016 1350 2051 p.
1368 2005 1452 2049 582)
1478 2004 1634 2041 habetur

61 2064 285 2111 saepiusque
306 2062 408 2100 edita
431 2066 500 2110 est,
531 2066 574 2100 ut
599 2064 696 2111 apud
721 2064 902 2110 Ludewig
925 2062 990 2100 SS.
1008 2073 1078 2099 rer.
1096 2063 1226 2099 Bamb.
1245 2064 1261 2100 Ι
1286 2064 1368 2110 526,
1392 2065 1489 2101 Mon.
1507 2064 1630 2100 Germ.

60 2123 127 2161 SS.
144 2123 217 2160 ΧΠ
241 2123 323 2160 917.
367 2122 513 2160 Etenim
546 2122 683 2159 ibidem
713 2123 805 2160 haec
834 2124 1022 2169 leguntur:
1058 2122 1179 2169 „Quia
1208 2123 1320 2169 igitur
1343 2124 1421 2160 vita
1445 2124 1564 2160 sancti
1588 2134 1632 2160 ac

60 2182 255 2230 'singularis
285 2181 430 2228 patroni
459 2183 592 2229 nostri,
624 2183 676 2229 pii
709 2193 751 2219 ac
775 2183 856 2220 Deo
880 2182 983 2228 digni
1014 2180 1233 2220 confessoris
1258 2182 1402 2219 Ottonis
1432 2183 1469 2218 in
1497 2182 1630 2229 libello,

61 2245 170 2289 quem
194 2241 396 2278 dramatico
427 2242 587 2278 carmine
611 2243 672 2279 vel
704 2243 815 2279 etiam
848 2251 959 2288 prosa
989 2241 1206 2278 decurrente
1238 2242 1519 2279 scolasticus
1552 2252 1630 2279 no-

60 2305 157 2338 ster
178 2299 445 2338 Herbordus
467 2301 756 2338 luculentissime
781 2301 1012 2348 persudavit,
1041 2301 1185 2347 plenius
1210 2301 1418 2347 conscripta
1441 2302 1630 2347 cognosci-

60 2365 121 2398 tm·
136 2379 180 2387 —-
197 2369 277 2406 nos,
301 2359 439 2406 quasi
463 2360 598 2397 inertes
619 2363 658 2397 et
676 2360 787 2397 rudes
811 2360 974 2406 alumpni
997 2360 1218 2396 laudabilem
1242 2361 1491 2406 praeceptoris
1516 2361 1631 2398 nostri

60 2420 294 2457 devotionem
324 2419 434 2464 longe
458 2419 607 2465 quidem
638 2420 768 2466 impari
797 2419 950 2455 scientia
978 2422 1261 2466 prosequentes,
1293 2420 1398 2465 signa
1416 2440 1457 2446 -
1477 2421 1631 2457 collecta

60 2479 218 2527 posteris
241 2478 498 2516 commendare
523 2480 690 2526 aggressi
714 2478 876 2515 sumus“.
917 2479 1053 2516 Docuit
1076 2478 1259 2515 Robertus
1282 2479 1455 2525 Klempin
1479 2479 1530 2524 (in
1547 2480 1629 2517 Bal-

51 2538 176 2576 fisehe
200 2537 355 2575 Studien
379 2537 431 2574 IX
458 2538 504 2574 55
529 2541 618 2585 sq.)‚
643 2539 734 2575 haec
759 2538 935 2574 miracula
957 2540 1044 2585 post
1067 2548 1201 2574 annum
1228 2538 1319 2574 1201
1345 2537 1502 2575 formata
1526 2549 1628 2587 esse3

59 2609 129 2636 nee
151 2607 240 2635 vero
266 2607 448 2643 censeam,
473 2607 520 2634 ex
544 2598 666 2635 verbis
691 2599 766 2634 his:
795 2599 920 2645 „quasi
939 2618 981 2623 —
1000 2597 1163 2643 alumpni
1182 2618 1224 2623 —
1243 2598 1490 2645 praeceptoris
1514 2599 1630 2636 nostri

60 2658 293 2695 devotionem
309 2656 593 2703 prosequentes“
613 2658 733 2703 putari
750 2658 869 2703 licere,
889 2657 1144 2694 miraculorum
1162 2657 1374 2703 scriptorem
1392 2668 1521 2704 reapse
1538 2659 1628 2695 Her-

59 2717 166 2754 bordi
189 2716 409 2762 discipulum
433 2715 560 2753 fuisse.
601 2716 675 2754 Sed
700 2717 1029 2763 quomodocunque
1060 2726 1119 2752 res
1144 2726 1185 2752 se
1210 2715 1338 2764 habet,
1371 2717 1441 2755 hoc
1464 2719 1627 2755 testimo-

60 2777 161 2813 nium
185 2776 337 2821 dignum
362 2779 419 2811 est
443 2776 543 2821 quod
567 2779 763 2823 spectetur.
801 2775 853 2812 At
875 2775 1059 2822 falluntur,
1085 2775 1146 2821 qui
1164 2775 1392 2814 Herbordum
1418 2777 1455 2814 S.
1472 2777 1627 2814 Michae-

60 2836 106 2872 lis
129 2835 387 2872 scholasticum
412 2835 639 2882 coniungunt
662 2846 746 2872 cum
771 2837 916 2872 Tutone
946 2835 1006 2878 (de
1031 2845 1104 2880 quo
1129 2845 1164 2871 v.
1191 2845 1301 2882 supra
1323 2848 1359 2882 p.
1378 2837 1448 2873 542
1474 2849 1508 2873 n.
1527 2838 1564 2881 2)
1591 2841 1629 2874 et

59 2894 274 2932 Eberhardo
298 2893 374 2940 (qui
399 2899 586 2940 comparet
609 2896 646 2932 in
664 2897 749 2932 anni
768 2896 860 2947 1152
884 2894 1018 2931 tabulis
1043 2905 1101 2940 ap.
1114 2894 1339 2932 Ussermann
1355 2896 1479 2942 Episc.
1496 2896 1626 2933 Bamb.

1661 1387 1752 1423 1145

61 2954 143 2991 cod.
167 2953 270 3000 prob.
297 2964 332 2989 n.
355 2954 434 2999 115,
461 2954 530 2990 116
554 2966 590 3000 p.
612 2956 691 3001 107,
719 2956 820 3000 108>3
850 2955 985 3001 quippe
1010 2954 1072 3000 qui
1098 2963 1170 2990 non
1195 2954 1362 2991 coenobii
1386 2955 1423 2992 S.
1442 2956 1627 2992 Michaelis
1683 2987 1686 2991 .

62 3013 230 3050 monachi
255 3012 319 3048 sed
346 3013 492 3049 maioris
518 3015 694 3050 ecclesiae
719 3014 925 3051 scholastici
951 3018 987 3050 et
1012 3015 1175 3051 canonici
1200 3014 1345 3052 fuerint.
