2028 3438
414 275 501 318 710
793 287 1031 318 HERBORDI
1060 287 1301 318 DIALocus.
1348 287 1434 317 Lm.
1457 287 1474 316 1
1504 283 1596 318 3-'7

414 398 456 425 et
479 403 570 425 eum
594 391 651 435 qui
675 392 796 435 accipit
820 392 1019 426 deteriorem
1043 392 1134 426 facit.
1170 392 1256 425 Usu
1281 392 1388 424 enim
1411 390 1547 424 facile
1572 390 1815 435 accipiendi
1831 391 1969 426 eciam

414 451 467 484 ad
489 451 794 494 inpupdenciam
818 451 996 494 petendi
1021 451 1316 494 depravantur
1341 450 1480 493 aliqui
1503 449 1570 484 vel
1594 450 1646 483 ad
1670 461 1735 490 ea,
1765 450 1969 499 qnejdata

414 515 530 550 sunt,
563 509 904 553 contempnendi.
947 510 1057 552 Quam.
1079 510 1121 543 ob
1146 520 1215 541 rem
1240 508 1274 541 id
1299 508 1432 551 quidem
1457 508 1593 542 dubium
1615 520 1683 542 non
1707 514 1776 555 est,
1807 509 1889 559 guin
1911 508 1968 543 illa

413 568 616 612 benignitas,
643 579 706 611 que
732 573 861 601 constet
886 579 926 600 ex
951 579 1053 610 opera
1079 573 1113 600 et
1137 567 1311 607 industria,
1337 572 1370 600 et
1393 567 1564 601 honestior
1589 568 1632 601 sit
1656 563 1784 601 multo
1811 562 1847 600 et
1868 565 1967 601 latius

414 633 529 670 pateat
559 632 658 670 atque
690 627 783 659 sine
809 626 1068 659 detrimento
1101 626 1163 658 sui
1194 631 1235 658 et
1265 626 1457 659 auctoris
1481 625 1593 659 valeat
1622 625 1784 669 prodesse
1807 625 1968 670 pluribus.

414 686 661 729 Nonnunquam
685 691 796 720 tamen
822 685 1031 728 largiendum
1056 690 1107 717 est
1115 697 1124 724 ;
1157 695 1265 727 neque
1289 684 1353 718 hoc
1377 684 1592 727 benignitatis
1623 695 1731 728 genus
1754 684 1887 731 omnino
1908 696 1967 719 re-

414 744 630 788 pudiandum.
668 744 751 777 Sed
776 744 983 787 precipue
1008 744 1049 776 in
1073 743 1281 776 mendicis
1307 749 1350 776 et
1374 744 1640 786 pauperibus
1666 748 1796 787 atque
1820 743 1967 794 deme—

415 803 538 836 sticis
563 802 670 835 fidei
695 803 734 835 in
760 802 928 835 nomine
952 802 1120 835 Domini
1145 802 1530 842 sacrificandum,
1562 807 1596 835 et
1627 813 1708 847 sepe
1741 801 1791 836 de
1822 790 1972 836 seculo*

415 862 545 895 eciam
569 861 698 894 idoneis
724 867 764 894 et
787 860 983 894 honestis
1008 861 1197 893 hominibus
1221 861 1448 904 indigentibus
1466 860 1508 893 de
1533 872 1569 894 re
1593 860 1746 894 familiari
1769 860 1968 905 impet-'cien-

415 921 493 954 dum
518 925 579 953 est.
624 920 767 963 Neque
800 920 857 953 ibi
882 919 1113 953 benefacta
1137 919 1338 953 locantur
1361 919 1491 960 male,
1524 919 1621 962 quia
1645 919 1744 953 inde
1767 923 1968 957 adnuun-

415 991 534 1022 quam
558 979 723 1022 gracior
750 979 914 1011 fructus
939 979 1178 1021 proveniet.
1225 978 1295 1012 Sed
1325 978 1435 1012 omnia
1467 978 1644 1021 diligenter
1675 983 1783 1025 atque,
1798 978 1970 1012 moderate

414 1038 515 1077 fiant;
544 1035 640 1071 vmulti
664 1038 752 1070 enim
777 1036 962 1070 inconsulte
986 1036 1159 1080 largiendo
1185 1037 1384 1080 patrimonia
1408 1036 1607 1070 effuderunt.
1657 1037 1769 1080 Ergo
1794 1037 1856 1070 ita
1874 1035 1968 1070 vlar-

414 1097 632 1140 giendum,
665 1102 710 1129 ut
735 1107 898 1139 semper
923 1096 964 1129 id
989 1107 1116 1138 posse
1141 1095 1390 1128 inveniaris.
1433 1095 1520 1135 Quid
1546 1100 1657 1129 autem
1680 1092 1970 1139 stulciusat‘que

415 1155 657 1188 demencius
683 1166 782 1198 quam
806 1155 866 1195 id,
899 1166 987 1188 cum
1011 1155 1190 1188 honeste
1215 1155 1314 1197 quid
1338 1154 1514 1197 agimus,
1546 1165 1613 1188 non
1645 1159 1842 1198 procurare,
1874 1158 1912 1189 ut
1935 1154 1971 1188 id

414 1225 516 1258 agere
542 1214 597 1247 diu
624 1214 811 1257 possimus?
861 1215 965 1256 Atqui
989 1214 1094 1247 eciam
1119 1219 1338 1246 consecuntur
1362 1213 1576 1256 largicionem
1607 1213 1734 1257 rapine.
1776 1213 1858 1255 Oum
1882 1213 1971 1247 enim

414 1272 657 1307 inconsulte
683 1273 794 1305 dando
819 1284 919 1316 egere
937 1273 1097 1315 ceperint,
1124 1272 1239 1305 alienis
1265 1272 1360 1306 bonis
1377 1284 1494 1305 manus
1511 1271 1633 1305 inferre
1650 1277 1829 1315 coguntur-3
1854 1278 1888 1316 et
1911 1271 1970 1313 ita,

415 1343 489 1365 cum
519 1331 748 1365 benivolencie
779 1332 993 1375 conparande
1019 1343 1119 1364 causa
1151 1331 1293 1364 benefici
1324 1331 1470 1364 vocari
1501 1336 1731 1374 appetunt,
1762 1329 1968 1364 malefac-

415 1397 533 1424 tores
565 1391 696 1430 fiunt,
730 1401 792 1423 nec
822 1395 950 1424 tantam
983 1389 1244 1423 benivolenciam
1270 1395 1464 1423 assecuntur
1494 1400 1619 1429 eorum,
1651 1389 1769 1432 quibus
1795 1389 1970 1430 dederunt,

415 1455 540 1493 quanta
565 1450 735 1482 incurrunt
759 1450 835 1483 odia
860 1461 985 1490 eorum,
1011 1449 1129 1492 quibus
1155 1449 1361 1482 ademerunt.
1412 1438 1421 1444 ’
1467 1438 1509 1480 4.
1550 1448 1657 1488 Quam
1681 1449 1724 1482 ob
1743 1459 1813 1482 rem
1836 1459 1900 1482 nec
1923 1448 1971 1482 ita

415 1508 602 1542 claudenda
627 1514 679 1542 est
703 1519 757 1541 res
781 1508 964 1547 familiaris,
990 1514 1026 1540 ut
1051 1519 1124 1541 eam
1149 1507 1339 1550 benignitas
1365 1507 1494 1550 aperire
1519 1519 1585 1541 non
1610 1507 1727 1551 possit,
1757 1518 1820 1541 nec
1843 1507 1891 1541 ita
1913 1519 1969 1554 re-

416 1567 578 1607 seranda,
610 1573 647 1600 ut
679 1567 839 1610 passim
871 1572 987 1610 pateat
1011 1567 1173 1599 omnibus.
1225 1566 1345 1599 Modus
1372 1566 1589 1606 adhibeatur,
1621 1566 1715 1609 isque
1739 1565 1903 1599 referatur
1927 1566 1972 1600 ad

414 1626 602 1659 facultates.
640 1626 782 1659 Omnino
806 1625 996 1658 meminisse
1013 1625 1115 1658 debet
1131 1625 1248 1665 omnis,
1275 1625 1343 1667 qui
1368 1624 1634 1658 liberalitati
1659 1625 1820 1658 studet:
1854 1630 1899 1658 ut
1923 1625 1971 1665 de

416 1682 612 1725 summob,
648 1696 727 1718 non
760 1685 808 1717 (le
839 1684 962 1717 fundo
994 1684 1174 1723 tribuat3
1207 1689 1247 1716 et
1277 1684 1338 1717 ita
1363 1684 1412 1716 de
1437 1689 1527 1717 toto
1559 1684 1728 1725 fundat,
1758 1695 1810 1717 ne
1840 1689 1972 1720 totum

417 1743 632 1776 effundat.
757 1733 796 1775 5.
843 1743 919 1776 Duo
951 1749 1062 1775 autem
1094 1748 1170 1775 sunt
1200 1753 1326 1786 genera
1356 1742 1540 1785 largorum;
1572 1754 1710 1786 quorum
1740 1742 1798 1775 alii
1827 1742 1971 1786 prodigi,

418 1802 474 1836 alii
497 1802 652 1835 liberales
675 1808 766 1836 sunt.
815 1802 952 1844 Prodigi
982 1807 1076 1842 sunt,
1109 1801 1165 1844 qui
1196 1801 1302 1844 epulis
1335 1807 1368 1834 et
1392 1801 1669 1834 visceracionibus
1695 1807 1729 1834 et
1759 1801 1969 1835 ioculato-

418 1873 503 1894 rum
536 1861 727 1894 muneribus
765 1867 805 1894 et
842 1859 1072 1903 superfluo
1110 1859 1225 1892 cultu
1263 1860 1444 1893 vestium
1481 1859 1662 1903 aliisque
1703 1860 1971 1894 vanitatibus

416 1919 575 1963 pecunias
600 1919 822 1962 profundunt;
847 1920 880 1952 in
906 1920 1024 1962 quibus
1050 1918 1198 1961 profecto
1222 1919 1413 1951 memoriam
1439 1923 1515 1962 post
1539 1930 1576 1951 se
1593 1923 1650 1952 aut
1668 1918 1794 1953 nullam
1810 1923 1868 1953 aut
1892 1920 1969 1953 bre-

371 2012 374 2015 *
417 1979 584 2012 vissimam
609 1984 686 2011 sunt
710 1978 867 2012 relicturi.
988 1968 1026 2009 6.
1072 1977 1242 2010 Liberales
1263 1983 1374 2010 autem
1399 1983 1486 2017 sunt,
1513 1977 1568 2020 qui
1592 1977 1659 2010 suis
1675 1977 1890 2011 facultatibus
1915 1983 1973 2020 aut

418 2042 533 2081 captos
559 2050 579 2070 a
603 2038 807 2080 predonibus
832 2037 1009 2076 redimunt,
1035 2041 1093 2069 aut
1118 2036 1336 2079 obligatos
1370 2047 1426 2069 ere
1459 2035 1568 2070 alieno
1598 2035 1792 2069 miserati
1823 2035 1970 2071 absol-

417 2102 536 2136 vunt,
566 2102 624 2129 aut
648 2096 769 2129 amicos
795 2101 836 2129 et
861 2095 1127 2139 propinquos
1156 2095 1314 2127 adiuvant
1337 2095 1371 2127 in
1395 2095 1495 2127 rebus
1521 2095 1698 2137 querendis
1721 2094 1775 2128 vel
1797 2094 1972 2138 augendis,

418 2161 459 2188 et
483 2155 552 2198 qui
577 2155 794 2198 recipiunt
818 2154 972 2187 iustum
997 2154 1038 2186 in
1062 2154 1226 2186 nomine
1250 2153 1376 2193 iusti,
1401 2158 1444 2186 ut
1467 2154 1701 2186 mercedem
1724 2153 1830 2186 iusti
1854 2153 1969 2187 acci—

420 2225 572 2268 piant1.
636 2214 683 2262 In
720 2214 798 2257 hoc
837 2227 989 2268 genere
1027 2213 1237 2268 largorum
1278 2226 1361 2255 non
1399 2217 1555 2256 temere
1586 2213 1778 2257 Ottonem
1818 2213 1971 2256 consti-

419 2294 511 2344 tue,
559 2291 628 2345 qui
666 2291 813 2333 talium
863 2294 1103 2346 sumptuum
1143 2289 1385 2332 facultatem
1430 2289 1609 2332 fructum
1657 2290 1822 2345 putavit
1867 2290 1972 2332 divi-

420 2365 614 2409 ciarum².

540 2445 579 2486 7.
629 2444 763 2486 Tanta
796 2456 893 2486 vero
925 2443 967 2485 in
1001 2442 1136 2485 dando
1169 2455 1268 2484 usus
1300 2446 1363 2484 est
1383 2441 1646 2495 discretione,
1678 2445 1724 2484 ut
1744 2455 1972 2497 numquam

421 2521 643 2575 prodigus,
686 2533 850 2575 semper
881 2524 1017 2562 autem
1059 2519 1243 2562 liberalis
1281 2518 1549 2560 inveniretur.
1609 2518 1801 2561 Inmanes
1832 2522 1970 2561 autem

421 2597 603 2639 iacturas
651 2600 692 2639 et
738 2599 952 2652 sumptus⁰
998 2595 1182 2638 infinitos
1240 2595 1359 2650 parvi
1411 2594 1640 2650 pendebat,
1692 2595 1727 2637 si
1779 2597 1851 2637 aut
1899 2608 1972 2637 sue

424 2677 495 2715 aut
528 2674 654 2716 etiam
677 2673 810 2715 aliene
833 2672 1160 2715 subveniendum
1183 2675 1272 2714 erat
1291 2671 1542 2726 necessitati,
1575 2675 1646 2714 aut
1676 2671 1711 2713 si
1733 2670 1971 2725 dignitatisd

515 2788 542 2808 a.
575 2778 822 2808 sanctificandum
843 2777 910 2808 ΝΟ.
1058 2778 1087 2807 b.
1121 2787 1162 2807 an
1184 2778 1318 2807 summa?
1462 2785 1487 2806 c.
1521 2778 1655 2815 sumptos
1678 2785 1759 2806 corr.
1780 2776 1814 2806 in
1835 2777 1972 2815 sumptus
2010 2778 2021 2785 ⁶

424 2831 464 2868 N,
489 2832 625 2869 sumptus
654 2830 684 2860 G.
817 2831 847 2860 d.
880 2831 1018 2868 dignitati
1039 2829 1105 2861 ΝΟ.

520 2896 551 2928 1.
578 2893 703 2928 Matth.
721 2895 774 2938 10,
791 2894 855 2929 41:
883 2897 942 2939 „et
966 2893 1028 2938 qui
1051 2893 1179 2938 recipit
1198 2912 1238 2918 —
1258 2890 1445 2936 accipiet“.
1565 2892 1597 2926 2.
1624 2891 1697 2927 Cic.
1715 2891 1761 2926 de
1785 2891 1845 2926 off.
1863 2890 1897 2926 11
1917 2891 1971 2935 16,

425 2954 487 2987 56:
523 2952 750 2997 „taliumque
784 2956 992 2996 sumptuum
1024 2951 1234 2987 facultatem
1266 2949 1423 2986 fructum
1455 2948 1659 2984 divitiarum
1695 2952 1800 2994 putat
1835 2948 1972 2992 (Theo-

424 3010 649 3056 phrastus)“.
