<?xml version="1.0" encoding="UTF-8"?>
<!DOCTYPE html PUBLIC "-//W3C//DTD XHTML 1.0 Transitional//EN"
    "http://www.w3.org/TR/xhtml1/DTD/xhtml1-transitional.dtd">
<html xmlns="http://www.w3.org/1999/xhtml" xml:lang="en" lang="en">
 <head>
  <title>
</title>
<meta http-equiv="Content-Type" content="text/html;charset=utf-8" />
  <meta name='ocr-system' content='tesseract 3.04.00' />
  <meta name='ocr-capabilities' content='ocr_page ocr_carea ocr_par ocr_line ocrx_word'/>
</head>
<body>
  <div class='ocr_page' id='page_1' title='image "bibliothecarerum05wattuoft_0828.png"; bbox 0 0 2028 3438; ppageno 0'>
   <div class='ocr_carea' id='block_1_1' title="bbox 411 265 1621 309">
    <p class='ocr_par' dir='ltr' id='par_1_1' title="bbox 411 265 1621 309">
     <span class='ocr_line' id='line_1_1' title="bbox 411 265 1621 309; baseline 0.002 -3"><span class='ocrx_word' id='word_1_1' title='bbox 411 265 496 306; x_wconf 83' lang='grc'>812</span> <span class='ocrx_word' id='word_1_2' title='bbox 760 277 995 308; x_wconf 72' lang='lat' dir='ltr'>nssssssossm</span> <span class='ocrx_word' id='word_1_3' title='bbox 1026 277 1265 309; x_wconf 78' lang='lat' dir='ltr'>DIALOGUS.</span> <span class='ocrx_word' id='word_1_4' title='bbox 1314 278 1398 308; x_wconf 78' lang='lat' dir='ltr'>Lm.</span> <span class='ocrx_word' id='word_1_5' title='bbox 1422 278 1471 308; x_wconf 91' lang='lat'>111</span> <span class='ocrx_word' id='word_1_6' title='bbox 1505 273 1621 308; x_wconf 81' lang='lat'>17.18</span> 
     </span>
    </p>
   </div>
   <div class='ocr_carea' id='block_1_2' title="bbox 294 381 1958 2812">
    <p class='ocr_par' dir='ltr' id='par_1_2' title="bbox 294 381 1958 1512">
     <span class='ocr_line' id='line_1_2' title="bbox 294 381 1957 440; baseline 0.001 -14"><span class='ocrx_word' id='word_1_7' title='bbox 294 392 382 426; x_wconf 79' lang='lat'>1127</span> <span class='ocrx_word' id='word_1_8' title='bbox 408 381 530 425; x_wconf 86' lang='lat' dir='ltr'>facile</span> <span class='ocrx_word' id='word_1_9' title='bbox 570 384 819 437; x_wconf 87' lang='lat' dir='ltr'>portaretur.</span> <span class='ocrx_word' id='word_1_10' title='bbox 876 381 1071 426; x_wconf 81' lang='lat' dir='ltr'>Substitit</span> <span class='ocrx_word' id='word_1_11' title='bbox 1101 384 1319 440; x_wconf 86' lang='lat' dir='ltr'>episcopus</span> <span class='ocrx_word' id='word_1_12' title='bbox 1352 386 1394 426; x_wconf 94' lang='lat' dir='ltr'>et</span> <span class='ocrx_word' id='word_1_13' title='bbox 1423 382 1644 438; x_wconf 78' lang='lat' dir='ltr'><strong>diligenter</strong></span> <span class='ocrx_word' id='word_1_14' title='bbox 1673 386 1957 429; x_wconf 52' lang='lat' dir='ltr'>ratemf&#39;con-</span> 
     </span>
     <span class='ocr_line' id='line_1_3' title="bbox 409 458 1957 516; baseline 0.003 -16"><span class='ocrx_word' id='word_1_15' title='bbox 409 458 638 512; x_wconf 83' lang='lat' dir='ltr'>siderabat3</span> <span class='ocrx_word' id='word_1_16' title='bbox 678 459 1000 515; x_wconf 88' lang='lat' dir='ltr'>perpenditque,</span> <span class='ocrx_word' id='word_1_17' title='bbox 1038 460 1147 514; x_wconf 91' lang='lat' dir='ltr'>quod</span> <span class='ocrx_word' id='word_1_18' title='bbox 1185 461 1229 503; x_wconf 92' lang='lat' dir='ltr'>in</span> <span class='ocrx_word' id='word_1_19' title='bbox 1260 459 1551 516; x_wconf 68' lang='lat' dir='ltr'>pacatissimo¹¹</span> <span class='ocrx_word' id='word_1_20' title='bbox 1584 472 1706 503; x_wconf 86' lang='lat' dir='ltr'>amne</span> <span class='ocrx_word' id='word_1_21' title='bbox 1733 459 1807 503; x_wconf 81' lang='lat' dir='ltr'>vix</span> <span class='ocrx_word' id='word_1_22' title='bbox 1835 464 1957 504; x_wconf 84' lang='lat' dir='ltr'>conto</span> 
     </span>
     <span class='ocr_line' id='line_1_4' title="bbox 409 534 1956 592; baseline 0.002 -15"><span class='ocrx_word' id='word_1_23' title='bbox 409 534 639 589; x_wconf 86' lang='lat' dir='ltr'>gubernata</span> <span class='ocrx_word' id='word_1_24' title='bbox 669 549 793 578; x_wconf 89' lang='lat' dir='ltr'>unam</span> <span class='ocrx_word' id='word_1_25' title='bbox 826 549 1046 592; x_wconf 82' lang='lat' dir='ltr'>personam</span> <span class='ocrx_word' id='word_1_26' title='bbox 1078 539 1246 592; x_wconf 89' lang='lat' dir='ltr'>portare</span> <span class='ocrx_word' id='word_1_27' title='bbox 1277 535 1497 591; x_wconf 88' lang='lat' dir='ltr'>sufficeret,</span> <span class='ocrx_word' id='word_1_28' title='bbox 1513 535 1682 579; x_wconf 70' lang='lat' dir='ltr'>&#39;nedum</span> <span class='ocrx_word' id='word_1_29' title='bbox 1701 535 1746 579; x_wconf 88' lang='lat' dir='ltr'>in</span> <span class='ocrx_word' id='word_1_30' title='bbox 1765 534 1956 580; x_wconf 80' lang='lat' dir='ltr'>fluctibus</span> 
     </span>
     <span class='ocr_line' id='line_1_5' title="bbox 408 612 1958 667; baseline 0.001 -13"><span class='ocrx_word' id='word_1_31' title='bbox 408 612 582 655; x_wconf 86' lang='lat' dir='ltr'>marinis</span> <span class='ocrx_word' id='word_1_32' title='bbox 622 612 712 655; x_wconf 90' lang='lat' dir='ltr'>sine</span> <span class='ocrx_word' id='word_1_33' title='bbox 750 613 861 655; x_wconf 92' lang='lat' dir='ltr'>omni</span> <span class='ocrx_word' id='word_1_34' title='bbox 905 612 1206 667; x_wconf 78' lang='lat' dir='ltr'>gubernaculo,</span> <span class='ocrx_word' id='word_1_35' title='bbox 1249 612 1331 655; x_wconf 90' lang='lat' dir='ltr'>nisi</span> <span class='ocrx_word' id='word_1_36' title='bbox 1369 613 1446 655; x_wconf 92' lang='lat' dir='ltr'>hoc</span> <span class='ocrx_word' id='word_1_37' title='bbox 1481 612 1620 656; x_wconf 91' lang='lat' dir='ltr'>divine</span> <span class='ocrx_word' id='word_1_38' title='bbox 1650 612 1817 656; x_wconf 81' lang='lat' dir='ltr'>virtutis</span> <span class='ocrx_word' id='word_1_39' title='bbox 1848 617 1958 658; x_wconf 70' lang='lat' dir='ltr'>esset</span> 
     </span>
     <span class='ocr_line' id='line_1_6' title="bbox 408 677 1956 745; baseline 0.001 -14"><span class='ocrx_word' id='word_1_40' title='bbox 408 688 666 732; x_wconf 80' lang='lat' dir='ltr'>miraculum.</span> <span class='ocrx_word' id='word_1_41' title='bbox 724 677 891 731; x_wconf 82' lang='lat' dir='ltr'>Gratias</span> <span class='ocrx_word' id='word_1_42' title='bbox 931 690 1018 743; x_wconf 86' lang='lat' dir='ltr'>agit</span> <span class='ocrx_word' id='word_1_43' title='bbox 1047 689 1135 733; x_wconf 91' lang='lat' dir='ltr'>Deo</span> <span class='ocrx_word' id='word_1_44' title='bbox 1175 689 1321 733; x_wconf 90' lang='lat' dir='ltr'>beatus</span> <span class='ocrx_word' id='word_1_45' title='bbox 1362 690 1556 744; x_wconf 84' lang='lat' dir='ltr'>antistes,</span> <span class='ocrx_word' id='word_1_46' title='bbox 1596 689 1707 745; x_wconf 83' lang='lat' dir='ltr'>quod</span> <span class='ocrx_word' id='word_1_47' title='bbox 1743 688 1956 734; x_wconf 77' lang='lat' dir='ltr'>incredule</span> 
     </span>
     <span class='ocr_line' id='line_1_7' title="bbox 407 765 1955 819; baseline 0.001 -11"><span class='ocrx_word' id='word_1_48' title='bbox 407 766 521 819; x_wconf 89' lang='lat' dir='ltr'>genti</span> <span class='ocrx_word' id='word_1_49' title='bbox 556 766 752 809; x_wconf 89' lang='lat' dir='ltr'>virtutem</span> <span class='ocrx_word' id='word_1_50' title='bbox 785 779 904 808; x_wconf 90' lang='lat' dir='ltr'>suam</span> <span class='ocrx_word' id='word_1_51' title='bbox 935 765 1010 808; x_wconf 90' lang='lat' dir='ltr'>tali</span> <span class='ocrx_word' id='word_1_52' title='bbox 1040 766 1150 809; x_wconf 88' lang='lat' dir='ltr'>facto</span> <span class='ocrx_word' id='word_1_53' title='bbox 1182 766 1520 810; x_wconf 83' lang='lat' dir='ltr'>demonstrasset.</span> <span class='ocrx_word' id='word_1_54' title='bbox 1565 765 1785 809; x_wconf 72' lang='lat' dir='ltr'>Liberatus</span> <span class='ocrx_word' id='word_1_55' title='bbox 1816 766 1955 810; x_wconf 74' lang='lat' dir='ltr'>autem</span> 
     </span>
     <span class='ocr_line' id='line_1_8' title="bbox 407 842 1954 901; baseline 0.001 -17"><span class='ocrx_word' id='word_1_56' title='bbox 407 842 646 885; x_wconf 87' lang='lat' dir='ltr'>subridens:</span> <span class='ocrx_word' id='word_1_57' title='bbox 680 842 804 885; x_wconf 73' lang='lat' dir='ltr'>Hanc</span> <span class='ocrx_word' id='word_1_58' title='bbox 824 844 980 885; x_wconf 75' lang='lat' dir='ltr'>idcirco</span> <span class='ocrx_word' id='word_1_59' title='bbox 1001 845 1202 900; x_wconf 69' lang='lat' dir='ltr'>suspendi</span> <span class='ocrx_word' id='word_1_60' title='bbox 1216 844 1312 899; x_wconf 82' lang='lat' dir='ltr'>feci</span> <span class='ocrx_word' id='word_1_61' title='bbox 1330 845 1388 886; x_wconf 82' lang='lat' dir='ltr'>ad</span> <span class='ocrx_word' id='word_1_62' title='bbox 1404 852 1586 901; x_wconf 78' lang='lat' dir='ltr'>portam,</span> <span class='ocrx_word' id='word_1_63' title='bbox 1617 852 1663 886; x_wconf 73' lang='lat' dir='ltr'>ut</span> <span class='ocrx_word' id='word_1_64' title='bbox 1681 845 1954 899; x_wconf 63' lang='lat' dir='ltr'>inqredientes</span> 
     </span>
     <span class='ocr_line' id='line_1_9' title="bbox 407 919 1954 976; baseline 0.002 -15"><span class='ocrx_word' id='word_1_65' title='bbox 407 928 444 961; x_wconf 72' lang='lat' dir='ltr'>et</span> <span class='ocrx_word' id='word_1_66' title='bbox 482 921 730 975; x_wconf 52' lang='lat' dir='ltr'>&amp;redientes</span> <span class='ocrx_word' id='word_1_67' title='bbox 769 920 843 962; x_wconf 72' lang='lat' dir='ltr'>hoc</span> <span class='ocrx_word' id='word_1_68' title='bbox 878 919 1002 975; x_wconf 73' lang='lat' dir='ltr'>facto</span> <span class='ocrx_word' id='word_1_69' title='bbox 1041 921 1263 973; x_wconf 67' lang='lat' dir='ltr'>discerent,</span> <span class='ocrx_word' id='word_1_70' title='bbox 1304 922 1408 976; x_wconf 80' lang='lat' dir='ltr'>quid</span> <span class='ocrx_word' id='word_1_71' title='bbox 1442 923 1488 963; x_wconf 79' lang='lat' dir='ltr'>in</span> <span class='ocrx_word' id='word_1_72' title='bbox 1525 922 1613 963; x_wconf 70' lang='lat' dir='ltr'>suia</span> <span class='ocrx_word' id='word_1_73' title='bbox 1648 920 1954 964; x_wconf 67' lang='lat' dir='ltr'>necessitatibus</span> 
     </span>
     <span class='ocr_line' id='line_1_10' title="bbox 407 997 1953 1054; baseline 0.002 -17"><span class='ocrx_word' id='word_1_74' title='bbox 407 997 456 1038; x_wconf 83' lang='lat' dir='ltr'>de</span> <span class='ocrx_word' id='word_1_75' title='bbox 488 997 775 1038; x_wconf 68' lang='lat' dir='ltr'>misericordia.</span> <span class='ocrx_word' id='word_1_76' title='bbox 806 997 893 1038; x_wconf 79' lang='lat' dir='ltr'>Dei</span> <span class='ocrx_word' id='word_1_77' title='bbox 922 1012 971 1038; x_wconf 80' lang='lat' dir='ltr'>ac</span> <span class='ocrx_word' id='word_1_78' title='bbox 1002 998 1052 1039; x_wconf 83' lang='lat' dir='ltr'>de</span> <span class='ocrx_word' id='word_1_79' title='bbox 1082 999 1162 1039; x_wconf 73' lang='lat' dir='ltr'>tuis</span> <span class='ocrx_word' id='word_1_80' title='bbox 1193 999 1371 1049; x_wconf 60' lang='lat' dir='ltr'>meritis,</span> <span class='ocrx_word' id='word_1_81' title='bbox 1409 998 1666 1040; x_wconf 68' lang='lat' dir='ltr'>sanctissime</span> <span class='ocrx_word' id='word_1_82' title='bbox 1691 1005 1843 1053; x_wconf 49' lang='lat' dir='ltr'>pater,¹</span> <span class='ocrx_word' id='word_1_83' title='bbox 1859 1011 1953 1054; x_wconf 72' lang='lat' dir='ltr'>epe-</span> 
     </span>
     <span class='ocr_line' id='line_1_11' title="bbox 404 1072 1954 1130; baseline 0.002 -16"><span class='ocrx_word' id='word_1_84' title='bbox 404 1088 501 1115; x_wconf 64' lang='lat' dir='ltr'>rare</span> <span class='ocrx_word' id='word_1_85' title='bbox 532 1073 732 1116; x_wconf 77' lang='lat' dir='ltr'>deberent..</span> <span class='ocrx_word' id='word_1_86' title='bbox 855 1072 930 1115; x_wconf 91' lang='lat' dir='ltr'>His</span> <span class='ocrx_word' id='word_1_87' title='bbox 962 1072 1105 1128; x_wconf 87' lang='lat' dir='ltr'>dictis,</span> <span class='ocrx_word' id='word_1_88' title='bbox 1137 1074 1178 1115; x_wconf 91' lang='lat' dir='ltr'>in</span> <span class='ocrx_word' id='word_1_89' title='bbox 1211 1073 1563 1117; x_wconf 77' lang='lat' dir='ltr'>consertissimas⁰</span> <span class='ocrx_word' id='word_1_90' title='bbox 1594 1072 1739 1116; x_wconf 80' lang='lat' dir='ltr'>turbas</span> <span class='ocrx_word' id='word_1_91' title='bbox 1770 1074 1954 1130; x_wconf 69' lang='lat' dir='ltr'>pagano-</span> 
     </span>
     <span class='ocr_line' id='line_1_12' title="bbox 405 1148 1953 1207; baseline 0.001 -16"><span class='ocrx_word' id='word_1_92' title='bbox 405 1162 512 1204; x_wconf 82' lang='lat' dir='ltr'>rum,</span> <span class='ocrx_word' id='word_1_93' title='bbox 544 1149 746 1192; x_wconf 88' lang='lat' dir='ltr'>ministris</span> <span class='ocrx_word' id='word_1_94' title='bbox 778 1149 1086 1205; x_wconf 82' lang='lat' dir='ltr'>comitantibus,</span> <span class='ocrx_word' id='word_1_95' title='bbox 1117 1151 1161 1192; x_wconf 91' lang='lat' dir='ltr'>in</span> <span class='ocrx_word' id='word_1_96' title='bbox 1192 1150 1374 1193; x_wconf 90' lang='lat' dir='ltr'>medium</span> <span class='ocrx_word' id='word_1_97' title='bbox 1405 1150 1540 1192; x_wconf 90' lang='lat' dir='ltr'>forum</span> <span class='ocrx_word' id='word_1_98' title='bbox 1573 1162 1663 1193; x_wconf 88' lang='lat' dir='ltr'>sese</span> <span class='ocrx_word' id='word_1_99' title='bbox 1693 1148 1836 1193; x_wconf 88' lang='lat' dir='ltr'>intulit</span> <span class='ocrx_word' id='word_1_100' title='bbox 1865 1150 1953 1207; x_wconf 88' lang='lat' dir='ltr'>epi-</span> 
     </span>
     <span class='ocr_line' id='line_1_13' title="bbox 404 1225 1954 1283; baseline 0.001 -15"><span class='ocrx_word' id='word_1_101' title='bbox 404 1239 565 1281; x_wconf 88' lang='lat' dir='ltr'>scopus.</span> <span class='ocrx_word' id='word_1_102' title='bbox 612 1225 747 1268; x_wconf 86' lang='lat' dir='ltr'>Erant</span> <span class='ocrx_word' id='word_1_103' title='bbox 778 1229 916 1269; x_wconf 91' lang='lat' dir='ltr'>autem</span> <span class='ocrx_word' id='word_1_104' title='bbox 946 1227 1006 1269; x_wconf 93' lang='lat' dir='ltr'>ibi</span> <span class='ocrx_word' id='word_1_105' title='bbox 1036 1227 1190 1281; x_wconf 88' lang='lat' dir='ltr'>gradus</span> <span class='ocrx_word' id='word_1_106' title='bbox 1220 1225 1382 1282; x_wconf 80' lang='lat' dir='ltr'>lignei¹,</span> <span class='ocrx_word' id='word_1_107' title='bbox 1422 1227 1473 1269; x_wconf 92' lang='lat' dir='ltr'>de</span> <span class='ocrx_word' id='word_1_108' title='bbox 1502 1226 1651 1282; x_wconf 87' lang='lat' dir='ltr'>quibus</span> <span class='ocrx_word' id='word_1_109' title='bbox 1682 1239 1891 1283; x_wconf 79' lang='lat' dir='ltr'>precones</span> <span class='ocrx_word' id='word_1_110' title='bbox 1911 1229 1954 1270; x_wconf 89' lang='lat' dir='ltr'>et</span> 
     </span>
     <span class='ocr_line' id='line_1_14' title="bbox 403 1303 1952 1358; baseline 0.003 -14"><span class='ocrx_word' id='word_1_111' title='bbox 403 1303 672 1357; x_wconf 87' lang='lat' dir='ltr'>magistratus</span> <span class='ocrx_word' id='word_1_112' title='bbox 717 1303 951 1346; x_wconf 89' lang='lat' dir='ltr'>concionari</span> <span class='ocrx_word' id='word_1_113' title='bbox 998 1303 1109 1347; x_wconf 91' lang='lat' dir='ltr'>soliti</span> <span class='ocrx_word' id='word_1_114' title='bbox 1147 1307 1277 1347; x_wconf 89' lang='lat' dir='ltr'>erant.</span> <span class='ocrx_word' id='word_1_115' title='bbox 1335 1304 1380 1346; x_wconf 92' lang='lat' dir='ltr'>In</span> <span class='ocrx_word' id='word_1_116' title='bbox 1420 1303 1568 1358; x_wconf 88' lang='lat' dir='ltr'>quibus</span> <span class='ocrx_word' id='word_1_117' title='bbox 1608 1306 1724 1346; x_wconf 83' lang='lat' dir='ltr'>stans</span> <span class='ocrx_word' id='word_1_118' title='bbox 1762 1303 1952 1348; x_wconf 86' lang='lat' dir='ltr'>minister</span> 
     </span>
     <span class='ocr_line' id='line_1_15' title="bbox 403 1379 1951 1437; baseline 0.001 -16"><span class='ocrx_word' id='word_1_119' title='bbox 403 1379 610 1434; x_wconf 87' lang='lat' dir='ltr'>euangelii</span> <span class='ocrx_word' id='word_1_120' title='bbox 656 1393 888 1423; x_wconf 90' lang='lat' dir='ltr'>sermonem</span> <span class='ocrx_word' id='word_1_121' title='bbox 929 1381 1059 1436; x_wconf 84' lang='lat' dir='ltr'>cepit3</span> <span class='ocrx_word' id='word_1_122' title='bbox 1098 1381 1310 1424; x_wconf 84' lang='lat' dir='ltr'>fremitum</span> <span class='ocrx_word' id='word_1_123' title='bbox 1350 1383 1488 1423; x_wconf 85' lang='lat' dir='ltr'>autem</span> <span class='ocrx_word' id='word_1_124' title='bbox 1530 1380 1770 1424; x_wconf 86' lang='lat' dir='ltr'>dissidentis</span> <span class='ocrx_word' id='word_1_125' title='bbox 1807 1380 1951 1437; x_wconf 88' lang='lat' dir='ltr'>populi</span> 
     </span>
     <span class='ocr_line' id='line_1_16' title="bbox 403 1456 1550 1512; baseline -0.001 -12"><span class='ocrx_word' id='word_1_126' title='bbox 403 1456 633 1501; x_wconf 86' lang='lat' dir='ltr'>Witscacus</span> <span class='ocrx_word' id='word_1_127' title='bbox 665 1457 753 1499; x_wconf 88' lang='lat' dir='ltr'>vice</span> <span class='ocrx_word' id='word_1_128' title='bbox 784 1457 973 1512; x_wconf 88' lang='lat' dir='ltr'>preconis</span> <span class='ocrx_word' id='word_1_129' title='bbox 1005 1470 1132 1499; x_wconf 87' lang='lat' dir='ltr'>manu</span> <span class='ocrx_word' id='word_1_130' title='bbox 1164 1460 1205 1500; x_wconf 92' lang='lat' dir='ltr'>et</span> <span class='ocrx_word' id='word_1_131' title='bbox 1236 1469 1334 1499; x_wconf 88' lang='lat' dir='ltr'>voce</span> <span class='ocrx_word' id='word_1_132' title='bbox 1367 1457 1550 1500; x_wconf 87' lang='lat' dir='ltr'>sedabat.</span> 
     </span>
    </p>

    <p class='ocr_par' dir='ltr' id='par_1_3' title="bbox 397 1533 1951 2812">
     <span class='ocr_line' id='line_1_17' title="bbox 524 1533 1950 1588; baseline 0.001 -13"><span class='ocrx_word' id='word_1_133' title='bbox 524 1534 590 1576; x_wconf 83' lang='lat'>18.</span> <span class='ocrx_word' id='word_1_134' title='bbox 639 1533 825 1588; x_wconf 85' lang='lat' dir='ltr'>Cumque</span> <span class='ocrx_word' id='word_1_135' title='bbox 863 1547 1006 1576; x_wconf 90' lang='lat' dir='ltr'>omnes</span> <span class='ocrx_word' id='word_1_136' title='bbox 1045 1533 1339 1576; x_wconf 79' lang='lat' dir='ltr'>conticuissent</span> <span class='ocrx_word' id='word_1_137' title='bbox 1377 1537 1418 1577; x_wconf 89' lang='lat' dir='ltr'>et</span> <span class='ocrx_word' id='word_1_138' title='bbox 1449 1533 1618 1577; x_wconf 90' lang='lat' dir='ltr'>verbum</span> <span class='ocrx_word' id='word_1_139' title='bbox 1651 1533 1950 1577; x_wconf 83' lang='lat' dir='ltr'>exhortationis</span> 
     </span>
     <span class='ocr_line' id='line_1_18' title="bbox 402 1607 1949 1667; baseline -0.001 -14"><span class='ocrx_word' id='word_1_140' title='bbox 402 1624 500 1667; x_wconf 88' lang='lat' dir='ltr'>pars</span> <span class='ocrx_word' id='word_1_141' title='bbox 531 1611 717 1653; x_wconf 84' lang='lat' dir='ltr'>maxima</span> <span class='ocrx_word' id='word_1_142' title='bbox 737 1609 915 1653; x_wconf 90' lang='lat' dir='ltr'>libenter</span> <span class='ocrx_word' id='word_1_143' title='bbox 937 1610 1112 1665; x_wconf 85' lang='lat' dir='ltr'>audiret,</span> <span class='ocrx_word' id='word_1_144' title='bbox 1146 1623 1238 1653; x_wconf 90' lang='lat' dir='ltr'>ecce</span> <span class='ocrx_word' id='word_1_145' title='bbox 1259 1623 1366 1653; x_wconf 90' lang='lat' dir='ltr'>unus</span> <span class='ocrx_word' id='word_1_146' title='bbox 1388 1610 1646 1654; x_wconf 88' lang='lat' dir='ltr'>sacerdotum</span> <span class='ocrx_word' id='word_1_147' title='bbox 1658 1607 1687 1665; x_wconf 77' lang='lat'>²,</span> <span class='ocrx_word' id='word_1_148' title='bbox 1717 1610 1783 1653; x_wconf 88' lang='lat' dir='ltr'>vir</span> <span class='ocrx_word' id='word_1_149' title='bbox 1803 1609 1949 1665; x_wconf 82' lang='lat' dir='ltr'>Belial,</span> 
     </span>
     <span class='ocr_line' id='line_1_19' title="bbox 402 1686 1951 1743; baseline 0.001 -14"><span class='ocrx_word' id='word_1_150' title='bbox 402 1687 549 1743; x_wconf 91' lang='lat' dir='ltr'>plenus</span> <span class='ocrx_word' id='word_1_151' title='bbox 581 1687 734 1741; x_wconf 84' lang='lat' dir='ltr'>furore,</span> <span class='ocrx_word' id='word_1_152' title='bbox 765 1687 931 1743; x_wconf 91' lang='lat' dir='ltr'>pinguis</span> <span class='ocrx_word' id='word_1_153' title='bbox 964 1690 1005 1729; x_wconf 93' lang='lat' dir='ltr'>et</span> <span class='ocrx_word' id='word_1_154' title='bbox 1025 1700 1234 1743; x_wconf 86' lang='lat' dir='ltr'>procerus,</span> <span class='ocrx_word' id='word_1_155' title='bbox 1266 1687 1310 1729; x_wconf 90' lang='lat' dir='ltr'>in</span> <span class='ocrx_word' id='word_1_156' title='bbox 1336 1687 1517 1730; x_wconf 89' lang='lat' dir='ltr'>medium</span> <span class='ocrx_word' id='word_1_157' title='bbox 1538 1687 1657 1730; x_wconf 89' lang='lat' dir='ltr'>turbe</span> <span class='ocrx_word' id='word_1_158' title='bbox 1678 1699 1769 1730; x_wconf 84' lang='lat' dir='ltr'>sese</span> <span class='ocrx_word' id='word_1_159' title='bbox 1787 1686 1951 1730; x_wconf 83' lang='lat' dir='ltr'>fortiter</span> 
     </span>
     <span class='ocr_line' id='line_1_20' title="bbox 402 1763 1949 1820; baseline 0.001 -15"><span class='ocrx_word' id='word_1_160' title='bbox 402 1763 632 1818; x_wconf 80' lang='lat' dir='ltr'>intrudens,</span> <span class='ocrx_word' id='word_1_161' title='bbox 665 1763 905 1806; x_wconf 87' lang='lat' dir='ltr'>cambucam</span> <span class='ocrx_word' id='word_1_162' title='bbox 939 1777 1054 1805; x_wconf 89' lang='lat' dir='ltr'>suam</span> <span class='ocrx_word' id='word_1_163' title='bbox 1087 1776 1214 1805; x_wconf 90' lang='lat' dir='ltr'>manu</span> <span class='ocrx_word' id='word_1_164' title='bbox 1245 1764 1446 1818; x_wconf 84' lang='lat' dir='ltr'>gestabat,</span> <span class='ocrx_word' id='word_1_165' title='bbox 1479 1764 1726 1820; x_wconf 85' lang='lat' dir='ltr'>spiransque</span> <span class='ocrx_word' id='word_1_166' title='bbox 1758 1765 1800 1806; x_wconf 90' lang='lat' dir='ltr'>et</span> <span class='ocrx_word' id='word_1_167' title='bbox 1825 1763 1949 1807; x_wconf 81' lang='lat' dir='ltr'>anhe-</span> 
     </span>
     <span class='ocr_line' id='line_1_21' title="bbox 399 1839 1951 1896; baseline 0.001 -14"><span class='ocrx_word' id='word_1_168' title='bbox 399 1840 490 1882; x_wconf 89' lang='lat' dir='ltr'>lans</span> <span class='ocrx_word' id='word_1_169' title='bbox 529 1853 659 1895; x_wconf 90' lang='lat' dir='ltr'>usque</span> <span class='ocrx_word' id='word_1_170' title='bbox 698 1840 750 1882; x_wconf 89' lang='lat' dir='ltr'>ad</span> <span class='ocrx_word' id='word_1_171' title='bbox 788 1840 901 1895; x_wconf 90' lang='lat' dir='ltr'>ipsos</span> <span class='ocrx_word' id='word_1_172' title='bbox 939 1840 1094 1894; x_wconf 89' lang='lat' dir='ltr'>gradus</span> <span class='ocrx_word' id='word_1_173' title='bbox 1135 1841 1308 1884; x_wconf 86' lang='lat' dir='ltr'>accessit</span> <span class='ocrx_word' id='word_1_174' title='bbox 1345 1841 1564 1896; x_wconf 87' lang='lat' dir='ltr'>levataque</span> <span class='ocrx_word' id='word_1_175' title='bbox 1594 1853 1720 1883; x_wconf 89' lang='lat' dir='ltr'>manu</span> <span class='ocrx_word' id='word_1_176' title='bbox 1749 1839 1878 1883; x_wconf 88' lang='lat' dir='ltr'>semel</span> <span class='ocrx_word' id='word_1_177' title='bbox 1909 1843 1951 1884; x_wconf 92' lang='lat' dir='ltr'>et</span> 
     </span>
     <span class='ocr_line' id='line_1_22' title="bbox 399 1916 1948 1973; baseline 0.001 -15"><span class='ocrx_word' id='word_1_178' title='bbox 399 1917 463 1959; x_wconf 91' lang='lat' dir='ltr'>bis</span> <span class='ocrx_word' id='word_1_179' title='bbox 507 1916 773 1972; x_wconf 89' lang='lat' dir='ltr'>columpnam</span> <span class='ocrx_word' id='word_1_180' title='bbox 811 1917 1015 1970; x_wconf 88' lang='lat' dir='ltr'>graduum</span> <span class='ocrx_word' id='word_1_181' title='bbox 1054 1916 1310 1960; x_wconf 89' lang='lat' dir='ltr'>validissime</span> <span class='ocrx_word' id='word_1_182' title='bbox 1347 1918 1563 1973; x_wconf 88' lang='lat' dir='ltr'>percussit.</span> <span class='ocrx_word' id='word_1_183' title='bbox 1620 1917 1729 1960; x_wconf 89' lang='lat' dir='ltr'>Dein</span> <span class='ocrx_word' id='word_1_184' title='bbox 1768 1916 1948 1960; x_wconf 83' lang='lat' dir='ltr'>clamore</span> 
     </span>
     <span class='ocr_line' id='line_1_23' title="bbox 401 1986 1946 2050; baseline 0.001 -15"><span class='ocrx_word' id='word_1_185' title='bbox 401 2006 550 2047; x_wconf 89' lang='lat' dir='ltr'>magno</span> <span class='ocrx_word' id='word_1_186' title='bbox 591 1997 632 2036; x_wconf 94' lang='lat' dir='ltr'>et</span> <span class='ocrx_word' id='word_1_187' title='bbox 662 1993 798 2036; x_wconf 89' lang='lat' dir='ltr'>verbis</span> <span class='ocrx_word' id='word_1_188' title='bbox 837 1994 975 2037; x_wconf 90' lang='lat' dir='ltr'>nescio</span> <span class='ocrx_word' id='word_1_189' title='bbox 1015 1994 1163 2049; x_wconf 91' lang='lat' dir='ltr'>quibus</span> <span class='ocrx_word' id='word_1_190' title='bbox 1196 1994 1491 2037; x_wconf 88' lang='lat' dir='ltr'>contumeliose</span> <span class='ocrx_word' id='word_1_191' title='bbox 1532 1986 1704 2050; x_wconf 82' lang='lat' dir='ltr'>prolatis</span> <span class='ocrx_word' id='word_1_192' title='bbox 1735 1991 1946 2036; x_wconf 87' lang='lat' dir='ltr'>silentium</span> 
     </span>
     <span class='ocr_line' id='line_1_24' title="bbox 400 2064 1946 2125; baseline 0.001 -13"><span class='ocrx_word' id='word_1_193' title='bbox 400 2070 572 2112; x_wconf 88' lang='lat' dir='ltr'>mandat</span> <span class='ocrx_word' id='word_1_194' title='bbox 602 2070 802 2125; x_wconf 84' lang='lat' dir='ltr'>loquenti,</span> <span class='ocrx_word' id='word_1_195' title='bbox 835 2083 988 2125; x_wconf 89' lang='lat' dir='ltr'>sueque</span> <span class='ocrx_word' id='word_1_196' title='bbox 1009 2072 1121 2114; x_wconf 91' lang='lat' dir='ltr'>vocis</span> <span class='ocrx_word' id='word_1_197' title='bbox 1149 2071 1427 2125; x_wconf 88' lang='lat' dir='ltr'>grossitudine</span> <span class='ocrx_word' id='word_1_198' title='bbox 1448 2083 1643 2124; x_wconf 89' lang='lat' dir='ltr'>magnum</span> <span class='ocrx_word' id='word_1_199' title='bbox 1667 2064 1829 2125; x_wconf 76' lang='lat' dir='ltr'>tonans,</span> <span class='ocrx_word' id='word_1_200' title='bbox 1861 2083 1946 2114; x_wconf 89' lang='lat' dir='ltr'>ser-</span> 
     </span>
     <span class='ocr_line' id='line_1_25' title="bbox 401 2136 1944 2204; baseline 0.001 -16"><span class='ocrx_word' id='word_1_201' title='bbox 401 2160 565 2189; x_wconf 90' lang='lat' dir='ltr'>monem</span> <span class='ocrx_word' id='word_1_202' title='bbox 595 2146 836 2202; x_wconf 89' lang='lat' dir='ltr'>interpretis</span> <span class='ocrx_word' id='word_1_203' title='bbox 875 2150 916 2190; x_wconf 92' lang='lat' dir='ltr'>et</span> <span class='ocrx_word' id='word_1_204' title='bbox 947 2148 1130 2204; x_wconf 75' lang='lat' dir='ltr'>episcopi</span> <span class='ocrx_word' id='word_1_205' title='bbox 1170 2148 1326 2204; x_wconf 87' lang='lat' dir='ltr'>pariter</span> <span class='ocrx_word' id='word_1_206' title='bbox 1357 2147 1565 2203; x_wconf 90' lang='lat' dir='ltr'>oppressit</span> <span class='ocrx_word' id='word_1_207' title='bbox 1599 2146 1834 2203; x_wconf 87' lang='lat' dir='ltr'>populoque</span> <span class='ocrx_word' id='word_1_208' title='bbox 1863 2136 1944 2190; x_wconf 86' lang='lat' dir='ltr'>ait:</span> 
     </span>
     <span class='ocr_line' id='line_1_26' title="bbox 401 2223 1947 2281; baseline 0 -16"><span class='ocrx_word' id='word_1_209' title='bbox 401 2223 487 2276; x_wconf 72' lang='lat' dir='ltr'>Sic,</span> <span class='ocrx_word' id='word_1_210' title='bbox 523 2239 545 2265; x_wconf 92' lang='lat' dir='ltr'>o</span> <span class='ocrx_word' id='word_1_211' title='bbox 567 2225 767 2265; x_wconf 69' lang='lat' dir='ltr'>insensati</span> <span class='ocrx_word' id='word_1_212' title='bbox 795 2225 911 2266; x_wconf 70' lang='lat' dir='ltr'>stulti</span> <span class='ocrx_word' id='word_1_213' title='bbox 938 2233 974 2266; x_wconf 80' lang='lat' dir='ltr'>et</span> <span class='ocrx_word' id='word_1_214' title='bbox 994 2227 1156 2278; x_wconf 54' lang='lat' dir='ltr'>inertes,</span> <span class='ocrx_word' id='word_1_215' title='bbox 1191 2240 1320 2281; x_wconf 76' lang='lat' dir='ltr'>quare</span> <span class='ocrx_word' id='word_1_216' title='bbox 1340 2225 1500 2281; x_wconf 78' lang='lat' dir='ltr'>decepti</span> <span class='ocrx_word' id='word_1_217' title='bbox 1528 2232 1566 2266; x_wconf 75' lang='lat' dir='ltr'>et</span> <span class='ocrx_word' id='word_1_218' title='bbox 1593 2225 1798 2267; x_wconf 73' lang='lat' dir='ltr'>incantati</span> <span class='ocrx_word' id='word_1_219' title='bbox 1825 2225 1947 2267; x_wconf 68' lang='lat' dir='ltr'>estis?</span> 
     </span>
     <span class='ocr_line' id='line_1_27' title="bbox 398 2300 1946 2357; baseline 0.001 -16"><span class='ocrx_word' id='word_1_220' title='bbox 398 2301 505 2342; x_wconf 80' lang='lat' dir='ltr'>Ecce</span> <span class='ocrx_word' id='word_1_221' title='bbox 535 2301 661 2342; x_wconf 69' lang='lat' dir='ltr'>hostie</span> <span class='ocrx_word' id='word_1_222' title='bbox 692 2309 821 2342; x_wconf 75' lang='lat' dir='ltr'>vester</span> <span class='ocrx_word' id='word_1_223' title='bbox 852 2309 888 2343; x_wconf 74' lang='lat' dir='ltr'>et</span> <span class='ocrx_word' id='word_1_224' title='bbox 918 2302 1044 2344; x_wconf 69' lang='lat' dir='ltr'>hostis</span> <span class='ocrx_word' id='word_1_225' title='bbox 1076 2303 1246 2344; x_wconf 81' lang='lat' dir='ltr'>deorum</span> <span class='ocrx_word' id='word_1_226' title='bbox 1277 2310 1514 2343; x_wconf 74' lang='lat' dir='ltr'>vestrorum.</span> <span class='ocrx_word' id='word_1_227' title='bbox 1565 2300 1680 2353; x_wconf 78' lang='lat' dir='ltr'>Quid</span> <span class='ocrx_word' id='word_1_228' title='bbox 1699 2302 1946 2357; x_wconf 65' lang='lat' dir='ltr'>empectatis?</span> 
     </span>
     <span class='ocr_line' id='line_1_28' title="bbox 398 2375 1944 2434; baseline 0.001 -16"><span class='ocrx_word' id='word_1_229' title='bbox 398 2377 441 2418; x_wconf 95' lang='lat' dir='ltr'><em>F</em></span> <span class='ocrx_word' id='word_1_230' title='bbox 440 2386 601 2419; x_wconf 75' lang='lat' dir='ltr'>erentne</span> <span class='ocrx_word' id='word_1_231' title='bbox 621 2379 789 2432; x_wconf 75' lang='lat' dir='ltr'>impune</span> <span class='ocrx_word' id='word_1_232' title='bbox 813 2386 850 2420; x_wconf 73' lang='lat' dir='ltr'>et</span> <span class='ocrx_word' id='word_1_233' title='bbox 870 2387 1142 2434; x_wconf 69' lang='lat' dir='ltr'>contemptum</span> <span class='ocrx_word' id='word_1_234' title='bbox 1164 2387 1200 2420; x_wconf 75' lang='lat' dir='ltr'>et</span> <span class='ocrx_word' id='word_1_235' title='bbox 1220 2377 1446 2420; x_wconf 71' lang='lat' dir='ltr'>iniuriam?</span> <span class='ocrx_word' id='word_1_236' title='bbox 1491 2375 1643 2419; x_wconf 81' lang='lat' dir='ltr'>Omnes</span> <span class='ocrx_word' id='word_1_237' title='bbox 1666 2380 1803 2419; x_wconf 82' lang='lat' dir='ltr'>autem</span> <span class='ocrx_word' id='word_1_238' title='bbox 1833 2377 1944 2420; x_wconf 75' lang='lat' dir='ltr'>ince-</span> 
     </span>
     <span class='ocr_line' id='line_1_29' title="bbox 398 2453 1942 2508; baseline 0.001 -14"><span class='ocrx_word' id='word_1_239' title='bbox 398 2453 551 2495; x_wconf 88' lang='lat' dir='ltr'>debant</span> <span class='ocrx_word' id='word_1_240' title='bbox 581 2453 748 2494; x_wconf 86' lang='lat' dir='ltr'>hastati.</span> <span class='ocrx_word' id='word_1_241' title='bbox 796 2453 871 2495; x_wconf 89' lang='lat' dir='ltr'>Ait</span> <span class='ocrx_word' id='word_1_242' title='bbox 892 2467 1009 2507; x_wconf 87' lang='lat' dir='ltr'>ergo:</span> <span class='ocrx_word' id='word_1_243' title='bbox 1044 2455 1130 2496; x_wconf 79' lang='lat' dir='ltr'>Hec</span> <span class='ocrx_word' id='word_1_244' title='bbox 1161 2456 1247 2497; x_wconf 75' lang='lat' dir='ltr'>dies</span> <span class='ocrx_word' id='word_1_245' title='bbox 1272 2456 1456 2497; x_wconf 75' lang='lat' dir='ltr'>omnibus</span> <span class='ocrx_word' id='word_1_246' title='bbox 1479 2454 1685 2495; x_wconf 75' lang='lat' dir='ltr'>erroribus</span> <span class='ocrx_word' id='word_1_247' title='bbox 1708 2455 1794 2496; x_wconf 74' lang='lat' dir='ltr'>eius</span> <span class='ocrx_word' id='word_1_248' title='bbox 1813 2454 1942 2508; x_wconf 78' lang='lat' dir='ltr'>finem</span> 
     </span>
     <span class='ocr_line' id='line_1_30' title="bbox 397 2520 1941 2585; baseline 0.001 -15"><span class='ocrx_word' id='word_1_249' title='bbox 397 2531 588 2584; x_wconf 73' lang='lat' dir='ltr'>imponet.</span> <span class='ocrx_word' id='word_1_250' title='bbox 638 2528 872 2584; x_wconf 90' lang='lat' dir='ltr'>Omnesque</span> <span class='ocrx_word' id='word_1_251' title='bbox 902 2530 1142 2584; x_wconf 86' lang='lat' dir='ltr'>adhortans,</span> <span class='ocrx_word' id='word_1_252' title='bbox 1174 2529 1438 2584; x_wconf 86' lang='lat' dir='ltr'>singillatimd</span> <span class='ocrx_word' id='word_1_253' title='bbox 1460 2541 1656 2583; x_wconf 83' lang='lat' dir='ltr'>quosque,</span> <span class='ocrx_word' id='word_1_254' title='bbox 1688 2520 1746 2571; x_wconf 73' lang='lat' dir='ltr'>de&#39;</span> <span class='ocrx_word' id='word_1_255' title='bbox 1768 2542 1941 2585; x_wconf 90' lang='lat' dir='ltr'>quorum</span> 
     </span>
     <span class='ocr_line' id='line_1_31' title="bbox 398 2604 1941 2662; baseline 0.001 -16"><span class='ocrx_word' id='word_1_256' title='bbox 398 2604 657 2658; x_wconf 88' lang='lat' dir='ltr'>malignitate</span> <span class='ocrx_word' id='word_1_257' title='bbox 689 2609 824 2647; x_wconf 89' lang='lat' dir='ltr'>certus</span> <span class='ocrx_word' id='word_1_258' title='bbox 857 2610 958 2660; x_wconf 82' lang='lat' dir='ltr'>erat,</span> <span class='ocrx_word' id='word_1_259' title='bbox 981 2607 1162 2662; x_wconf 88' lang='lat' dir='ltr'>propriis</span> <span class='ocrx_word' id='word_1_260' title='bbox 1183 2605 1418 2648; x_wconf 89' lang='lat' dir='ltr'>nominibus</span> <span class='ocrx_word' id='word_1_261' title='bbox 1441 2604 1726 2661; x_wconf 86' lang='lat' dir='ltr'>compellabat.</span> <span class='ocrx_word' id='word_1_262' title='bbox 1774 2605 1830 2649; x_wconf 91' lang='lat' dir='ltr'>Et</span> <span class='ocrx_word' id='word_1_263' title='bbox 1851 2607 1941 2661; x_wconf 86' lang='lat' dir='ltr'>qui-</span> 
     </span>
     <span class='ocr_line' id='line_1_32' title="bbox 397 2681 1940 2737; baseline 0.001 -14"><span class='ocrx_word' id='word_1_264' title='bbox 397 2694 556 2735; x_wconf 87' lang='lat' dir='ltr'>cunque</span> <span class='ocrx_word' id='word_1_265' title='bbox 584 2682 734 2736; x_wconf 89' lang='lat' dir='ltr'>spiritu</span> <span class='ocrx_word' id='word_1_266' title='bbox 756 2695 906 2724; x_wconf 82' lang='lat' dir='ltr'>vesano</span> <span class='ocrx_word' id='word_1_267' title='bbox 930 2682 1194 2736; x_wconf 87' lang='lat' dir='ltr'>agitabantur</span> <span class='ocrx_word' id='word_1_268' title='bbox 1217 2682 1444 2737; x_wconf 87' lang='lat' dir='ltr'>quibusque</span> <span class='ocrx_word' id='word_1_269' title='bbox 1464 2681 1670 2724; x_wconf 84' lang='lat' dir='ltr'>familiare</span> <span class='ocrx_word' id='word_1_270' title='bbox 1690 2682 1770 2725; x_wconf 89' lang='lat' dir='ltr'>fuit</span> <span class='ocrx_word' id='word_1_271' title='bbox 1791 2682 1940 2725; x_wconf 86' lang='lat' dir='ltr'>audac-</span> 
     </span>
     <span class='ocr_line' id='line_1_33' title="bbox 397 2757 1939 2812; baseline 0.002 -14"><span class='ocrx_word' id='word_1_272' title='bbox 397 2760 460 2799; x_wconf 89' lang='lat' dir='ltr'>ter</span> <span class='ocrx_word' id='word_1_273' title='bbox 491 2757 623 2810; x_wconf 89' lang='lat' dir='ltr'>magis</span> <span class='ocrx_word' id='word_1_274' title='bbox 657 2771 779 2812; x_wconf 91' lang='lat' dir='ltr'>quam</span> <span class='ocrx_word' id='word_1_275' title='bbox 812 2758 997 2801; x_wconf 91' lang='lat' dir='ltr'>consulte</span> <span class='ocrx_word' id='word_1_276' title='bbox 1028 2772 1114 2801; x_wconf 87' lang='lat' dir='ltr'>rem</span> <span class='ocrx_word' id='word_1_277' title='bbox 1149 2772 1282 2812; x_wconf 84' lang='lat' dir='ltr'>agere,</span> <span class='ocrx_word' id='word_1_278' title='bbox 1316 2759 1367 2801; x_wconf 87' lang='lat' dir='ltr'>ad</span> <span class='ocrx_word' id='word_1_279' title='bbox 1398 2758 1571 2800; x_wconf 91' lang='lat' dir='ltr'>dicentis</span> <span class='ocrx_word' id='word_1_280' title='bbox 1605 2771 1745 2801; x_wconf 88' lang='lat' dir='ltr'>vocem</span> <span class='ocrx_word' id='word_1_281' title='bbox 1777 2757 1939 2801; x_wconf 88' lang='lat' dir='ltr'>inflam-</span> 
     </span>
    </p>
   </div>
   <div class='ocr_carea' id='block_1_3' title="bbox 397 2874 1936 2964">
    <p class='ocr_par' dir='ltr' id='par_1_4' title="bbox 397 2874 1936 2964">
     <span class='ocr_line' id='line_1_34' title="bbox 489 2874 1936 2913; baseline 0.001 -11"><span class='ocrx_word' id='word_1_282' title='bbox 489 2883 515 2902; x_wconf 88' lang='lat' dir='ltr'>a.</span> <span class='ocrx_word' id='word_1_283' title='bbox 547 2876 641 2902; x_wconf 86' lang='lat' dir='ltr'>ratem</span> <span class='ocrx_word' id='word_1_284' title='bbox 663 2874 776 2912; x_wconf 71' lang='lat' dir='ltr'>scripsi</span> <span class='ocrx_word' id='word_1_285' title='bbox 799 2885 860 2913; x_wconf 72' lang='lat' dir='ltr'>pro</span> <span class='ocrx_word' id='word_1_286' title='bbox 882 2884 943 2904; x_wconf 88' lang='lat' dir='ltr'>rem</span> <span class='ocrx_word' id='word_1_287' title='bbox 967 2876 1036 2905; x_wconf 83' lang='lat' dir='ltr'>NR.</span> <span class='ocrx_word' id='word_1_288' title='bbox 1161 2876 1189 2904; x_wconf 92' lang='lat' dir='ltr'>b.</span> <span class='ocrx_word' id='word_1_289' title='bbox 1221 2875 1381 2913; x_wconf 84' lang='lat' dir='ltr'>pacissimo</span> <span class='ocrx_word' id='word_1_290' title='bbox 1404 2875 1443 2904; x_wconf 89' lang='lat' dir='ltr'>N.</span> <span class='ocrx_word' id='word_1_291' title='bbox 1574 2884 1599 2904; x_wconf 86' lang='lat' dir='ltr'>c.</span> <span class='ocrx_word' id='word_1_292' title='bbox 1631 2875 1874 2904; x_wconf 83' lang='lat' dir='ltr'>conuertissimas</span> <span class='ocrx_word' id='word_1_293' title='bbox 1896 2875 1936 2910; x_wconf 88' lang='lat' dir='ltr'>N,</span> 
     </span>
     <span class='ocr_line' id='line_1_35' title="bbox 397 2926 1104 2964; baseline 0 -8"><span class='ocrx_word' id='word_1_294' title='bbox 397 2926 636 2956; x_wconf 83' lang='lat' dir='ltr'>consertissimas</span> <span class='ocrx_word' id='word_1_295' title='bbox 658 2926 696 2955; x_wconf 77' lang='lat' dir='ltr'>R.</span> <span class='ocrx_word' id='word_1_296' title='bbox 821 2927 849 2955; x_wconf 91' lang='lat' dir='ltr'>d.</span> <span class='ocrx_word' id='word_1_297' title='bbox 882 2927 1042 2964; x_wconf 87' lang='lat' dir='ltr'>singilatim</span> <span class='ocrx_word' id='word_1_298' title='bbox 1066 2928 1104 2956; x_wconf 92' lang='lat' dir='ltr'>N.</span> 
     </span>
    </p>
   </div>
   <div class='ocr_carea' id='block_1_4' title="bbox 491 2992 1826 3040">
    <p class='ocr_par' dir='ltr' id='par_1_5' title="bbox 491 2992 1826 3040">
     <span class='ocr_line' id='line_1_36' title="bbox 491 2992 1826 3040; baseline 0.001 -11"><span class='ocrx_word' id='word_1_299' title='bbox 491 2995 523 3029; x_wconf 92' lang='lat'>1.</span> <span class='ocrx_word' id='word_1_300' title='bbox 550 2992 603 3030; x_wconf 83' lang='lat' dir='ltr'>Cf.</span> <span class='ocrx_word' id='word_1_301' title='bbox 622 2993 701 3030; x_wconf 90' lang='lat' dir='ltr'>Ebo</span> <span class='ocrx_word' id='word_1_302' title='bbox 719 2995 769 3029; x_wconf 90' lang='lat'>111</span> <span class='ocrx_word' id='word_1_303' title='bbox 789 2995 849 3030; x_wconf 81' lang='lat'>15:</span> <span class='ocrx_word' id='word_1_304' title='bbox 878 2995 1091 3040; x_wconf 84' lang='lat' dir='ltr'>„piramides</span> <span class='ocrx_word' id='word_1_305' title='bbox 1115 2995 1356 3031; x_wconf 86' lang='lat' dir='ltr'>muratae“.</span> <span class='ocrx_word' id='word_1_306' title='bbox 1477 2996 1509 3031; x_wconf 80' lang='lat'>2.</span> <span class='ocrx_word' id='word_1_307' title='bbox 1535 2993 1589 3031; x_wconf 78' lang='lat' dir='ltr'>Cf.</span> <span class='ocrx_word' id='word_1_308' title='bbox 1606 2994 1685 3031; x_wconf 88' lang='lat' dir='ltr'>Ebo</span> <span class='ocrx_word' id='word_1_309' title='bbox 1702 2995 1754 3030; x_wconf 91' lang='lat'>111</span> <span class='ocrx_word' id='word_1_310' title='bbox 1774 2996 1826 3031; x_wconf 87' lang='grc'>16.</span> 
     </span>
    </p>
   </div>
  </div>
 </body>
</html>
