2028 3438
451 265 694 297 maumam
722 265 966 297 numetis.
1014 266 1102 297 Lm.
1124 267 1176 297 111
1206 264 1349 298 24-26
1604 254 1691 298 819

117 371 317 428 motibus,
348 370 612 416 vinculorum
633 371 882 429 impaciens,
913 386 958 417 se
980 372 1142 416 solvere
1163 372 1416 428 luctabatur,
1449 372 1523 416 sed
1544 373 1688 416 divino
1719 383 1811 419 1127

116 447 274 494 iudicio
302 449 568 505 constrictus,
600 463 677 506 per
706 449 864 506 funem,
897 450 968 507 qui
998 450 1104 494 collo
1126 450 1305 494 iniectus
1327 453 1431 505 erat,
1462 450 1690 494 intercluso

118 525 320 582 anhelitu,
350 530 543 571 mortuus
575 529 652 571 est.

236 604 309 648 25.
347 603 586 662 Episcopus
619 608 780 660 autem,
812 604 893 648 Dei
925 608 1138 662 protectus
1171 605 1349 660 auxilio,
1383 618 1478 649 cum
1509 605 1689 649 Iulinam

117 681 324 738 venisset,
361 681 494 726 nichil
529 682 591 726 ibi
621 682 889 726 adversitatis
920 681 1120 727 invenit¹.
1177 683 1334 727 Omnes
1366 683 1457 726 eius
1487 683 1689 738 redargu-

116 759 258 804 tiones
293 759 344 804 de
384 759 599 818 apostasia
637 773 712 803 seu
742 760 794 805 de
833 761 927 805 aliis
961 760 1202 806 excessibus
1241 760 1452 817 patienter
1481 760 1688 816 ferebant,

115 836 292 894 indigna
321 839 365 882 et
393 836 508 882 mala
538 850 668 894 opera
698 852 776 881 sua
801 838 939 893 dignis
961 838 1325 882 emendationibus
1346 838 1400 881 ad
1422 838 1511 882 eius
1535 839 1691 882 doctri-

115 920 217 958 nam
240 920 484 972 *expurgare
515 918 559 959 et
588 916 799 971 corrigere
830 916 982 973 parati.
1030 915 1105 960 Ille
1135 930 1236 960 vero
1266 930 1343 973 per
1374 930 1524 960 manus
1552 916 1690 973 impo-

115 991 313 1037 sitionem
350 996 395 1037 et
429 993 541 1037 sacri
571 993 688 1037 verbi
727 993 1063 1038 exhortationem
1099 997 1244 1038 sancte
1282 998 1325 1038 et
1355 993 1585 1051 apostolice
1622 1007 1689 1038 ec-

114 1069 244 1115 clesie
270 1083 418 1115 omnes
446 1071 710 1127 reformavit,
742 1071 970 1129 baptizatis
1002 1071 1145 1129 pueris
1177 1075 1220 1115 et
1250 1085 1535 1128 quoscumque
1563 1071 1688 1115 huius

115 1148 370 1193 sacramenti
401 1152 596 1206 expertes
626 1149 801 1194 invenit.
866 1149 984 1194 Sicut
1014 1149 1125 1194 enim
1159 1148 1352 1206 exemplo
1385 1149 1687 1193 Stetinensium

113 1225 282 1284 pridem
311 1240 338 1270 a
365 1225 448 1271 fide
478 1231 754 1283 recesserant,
786 1227 848 1271 ita
878 1227 1029 1283 denuo,
1061 1228 1275 1272 conversis
1306 1227 1406 1283 illis,
1438 1227 1560 1272 facile
1589 1241 1687 1272 con-

112 1302 398 1348 vertebantur.
455 1303 554 1349 Illos
586 1306 699 1349 enim
730 1319 807 1362 per
837 1306 981 1349 omnia
1011 1305 1184 1361 imitari,
1218 1305 1338 1362 quasi
1368 1319 1446 1362 pro
1478 1305 1689 1349 sententia

112 1380 299 1427 e‘ufuit.

196 1483 214 1501 3·
233 1460 306 1505 26,
343 1458 451 1504 Cum
483 1462 623 1504 autem
646 1460 778 1504 sacris
799 1460 997 1517 operibus
1018 1460 1106 1504 illic
1125 1460 1305 1504 instaret
1325 1460 1561 1517 episcopus,
1593 1474 1686 1504 mu-

111 1535 192 1581 lier
229 1536 408 1594 quedam
449 1537 494 1580 in
530 1551 630 1581 rure
666 1538 807 1595 posita
844 1538 985 1582 nescio
1027 1551 1109 1594 quo
1151 1541 1304 1582 eventu
1340 1537 1481 1582 subita
1511 1538 1686 1582 cecitate

111 1625 312 1672 pereussa
342 1611 443 1659 est².
484 1614 681 1659 -Audiens
714 1620 868 1671 autem,
901 1616 1132 1660 antistitem
1163 1615 1298 1659 adhuc
1319 1629 1412 1659 esse
1432 1615 1476 1658 in
1499 1615 1682 1672 civitate,

111 1691 208 1737 duci
238 1705 285 1737 se
313 1691 388 1737 illo
417 1692 547 1737 iubet.
593 1692 652 1736 Et
672 1693 843 1737 veniens
875 1694 1035 1738 corruit
1063 1696 1160 1737 ante
1192 1694 1319 1750 pedes
1343 1694 1445 1749 eius,
1479 1693 1684 1736 auxilium

109 1773 261 1828 petens
291 1783 421 1828 super
440 1770 559 1814 clade
591 1784 680 1814 sua.
729 1770 904 1827 Signum
937 1774 1077 1815 autem
1103 1772 1186 1815 eris
1212 1771 1442 1815 anteferes
1473 1771 1686 1827 pendebat

111 1847 308 1905 meledo,
340 1848 453 1905 quod
484 1848 718 1906 simpliceS‚
751 1863 846 1893 cum
878 1850 1095 1894 intrabant
1126 1849 1300 1905 oraturi,
1334 1849 1454 1906 quasi
1486 1849 1539 1892 ad
1571 1849 1684 1893 exci-

108 1925 285 1971 tandum
316 1930 486 1970 sanctos
516 1926 687 1983 pulsare
718 1930 1034 1971 consueverant.
1096 1927 1333 1984 Episcopus
1365 1940 1464 1982 ergo
1497 1926 1598 1970 dum
1630 1927 1684 1970 ad

110 2003 438 2048 succurrendum
460 2018 486 2047 a
505 2003 681 2048 muliere
703 2005 850 2049 crebro
871 2005 1159 2049 invocaretur:
1186 2006 1300 2049 Vade
1322 2005 1382 2048 ait
1402 2014 1547 2059 mater,
1577 2007 1683 2048 vade

109 2083 168 2126 ad
197 2083 436 2134 ecclesiam5
467 2097 623 2140 quassa
645 2098 910 2140 campanam,
945 2086 1079 2127 excita
1100 2093 1292 2127 sanctum
1311 2083 1604 2136 Adulter-tum,
1637 2092 1683 2126 ut

108 2169 148 2204 te
177 2161 359 2204 adiuvet.
411 2159 533 2204 Abiit
562 2159 657 2216 illa,
688 2160 825 2204 Deum
859 2164 901 2204 et
931 2164 1123 2204 sanctum
1155 2159 1435 2204 Adalbertum
1466 2160 1680 2216 invocans,

110 2241 364 2295 arreptoque
402 2238 503 2282 fune
539 2251 625 2281 non
663 2238 782 2295 prius
823 2253 848 2282 a
885 2238 1124 2295 pulsatione
1163 2238 1273 2293 signi
1313 2239 1514 2294 cessavit,
1554 2252 1680 2295 quam

107 2315 253 2360 lumen
289 2314 503 2359 oculorum
542 2316 762 2373 reciperet.
811 2315 1012 2360 Videntes
1045 2319 1185 2360 autem
1217 2316 1329 2359 cives
1360 2317 1518 2371 gratias
1551 2319 1682 2371 agunt

107 2391 291 2437 Domino
321 2406 451 2450 super
480 2394 620 2448 gratia
649 2393 939 2438 huiuscemodi
971 2397 1014 2437 et
1044 2394 1178 2449 magis
1209 2394 1254 2436 in
1282 2393 1363 2437 fide
1385 2393 1592 2436 catholica
1611 2407 1680 2437 ro-

108 2469 247 2515 borati
277 2474 388 2514 sunt.
438 2469 522 2515 Sed
552 2471 652 2514 dum
684 2471 763 2515 hoc
784 2471 942 2515 factum
966 2471 1154 2528 episcopi
1175 2471 1339 2514 meritis
1361 2470 1571 2514 ascribere
1591 2470 1678 2514 vel-

106 2547 210 2604 lent,
241 2547 459 2605 prohibuit
489 2561 574 2603 eOS,
607 2548 770 2592 dicens:
802 2550 905 2592 Non
935 2564 1000 2592 me
1030 2549 1333 2592 miraculorum
1359 2549 1575 2605 factorem
1605 2550 1680 2591 sed

104 2634 365 2684 peccatorem
394 2628 559 2677 sciati83
591 2628 737 2683 potius
774 2627 852 2670 hoc
890 2627 1001 2670 beati
1037 2628 1226 2670 martiris
1258 2626 1485 2670 Adalberti
1517 2628 1677 2669 meritis

107 2704 421 2748 mecribendum
459 2705 684 2747 certissime
720 2706 932 2748 noveritis.
994 2704 1113 2747 Num
1152 2703 1273 2746 obliti
1309 2705 1427 2758 estis,
1469 2705 1677 2760 quomodo

105 2782 250 2839 priori
275 2796 403 2835 anno,
437 2796 530 2824 cum
561 2789 648 2824 tota
678 2783 825 2824 civitas
856 2783 941 2825 ieta
959 2782 1153 2824 incendio
1173 2789 1423 2835 vastaretur,
1457 2782 1565 2824 hanc
1587 2783 1676 2824 edi-

108 2858 247 2902 culam
275 2874 399 2902 suam
428 2859 570 2902 beatus
600 2860 753 2901 martir
781 2860 829 2901 in
858 2859 1007 2900 mediis
1027 2859 1217 2914 flammis
1245 2861 1430 2915 positam
1458 2859 1677 2902 liberavit?

109 2935 198 2980 Sed
216 2950 376 2990 moneo,
409 2945 468 2990 ut,
500 2936 618 2979 illiue
640 2936 893 2979 calamitatis
914 2950 1128 2988 memores,
1160 2950 1234 2979 nec
1255 2936 1415 2980 Iulium
1434 2938 1576 2993 ipsum
1602 2950 1676 2978 nec

204 3023 238 3059 1.
273 3021 328 3059 Of.
353 3021 435 3059 Eho
459 3022 512 3058 111
536 3023 594 3059 21.
809 3023 845 3058 2.
877 3020 933 3058 Cf.
958 3020 1039 3058 Ebo
1063 3022 1117 3058 111
1141 3023 1199 3059 21.

1310 3080 1390 3118 52³⁶·
