2028 3438
416 232 502 275 810
772 244 1007 277 HERBORDI
1037 243 1277 275 DlALOGth.
1325 245 1412 274 Lm.
1434 245 1484 275 111
1517 243 1634 276 15.16

194 359 395 394 1125-1126
415 351 553 406 inquit
583 354 679 394 vem·
683 367 697 402 ,·
729 353 801 394 sed
829 360 873 394 tu
905 352 1099 394 liberatus
1133 367 1193 403 ea,
1229 365 1306 406 que
1329 350 1626 394 Stetinensibus
1655 353 1823 404 mando,
1844 310 1966 407 fer-‘re

413 442 466 470 ne
506 430 675 471 dubites.
733 427 789 471 Et
827 440 925 470 mox
965 427 1073 470 datis
1113 426 1300 470 mandati
1330 426 1467 469 verbis
1507 430 1556 470 et*
1586 427 1703 482 signo
1741 427 1875 471 crucis
1913 428 1965 471 ad

417 517 509 547 eum
547 504 677 558 facto,
718 505 928 561 captivum
961 504 1074 546 exire
1105 503 1231 547 iubet.
1278 503 1608 560 Expergefactus
1638 503 1761 547 homo
1791 503 1844 548 de
1872 504 1965 547 visu

415 580 588 635 letatur,
629 586 769 625 movet
806 594 1014 636 gressum,
1054 579 1246 638 effectum
1277 580 1427 636 probat
1456 580 1641 624 visionis.
1686 580 1745 624 Et
1772 592 1879 625 ecee.
1896 593 1964 625 oa-

414 657 540 701 thene
572 671 714 701 omnes
746 661 788 701 et
817 657 982 700 vincula
1013 656 1298 710 solvebantur3
1338 656 1603 713 progreditur
1635 657 1686 700 ad
1718 657 1898 713 ostium,
1924 660 1966 702 et

415 748 556 778 carcer
587 738 756 792 apertus
787 737 889 777 erat.
940 733 1077 777 Sentit
1106 747 1217 788 erg0,
1255 733 1451 776 virtutem
1484 734 1628 777 adesse
1659 734 1865 788 divinam3
1905 733 1965 777 al-

414 815 587 867 tumque
618 811 833 868 suspirans
865 810 1022 865 gratias
1054 810 1140 864 agit
1171 810 1444 866 omnipotenti
1465 809 1553 853 Deo
1585 823 1633 854 ae
1652 810 1800 872 timido
1815 823 1965 866 gressu

415 888 593 931 invisam
625 888 794 930 domum
826 887 967 930 exivit.
1017 886 1313 943 Suspectisque
1343 886 1445 930 locis
1467 886 1618 930 leniter
1637 887 1841 943 transitis,
1866 899 1964 930 ,cur-

416 978 508 1007 sum
538 964 674 1008 tendit
704 964 756 1008 ad
788 978 922 1018 mare3
955 964 1108 1019 diuque
1138 963 1218 1006 huc
1239 962 1418 1019 illucque
1439 963 1674 1008 discurrens
1693 976 1844 1008 navem
1865 977 1964 1020 que·

415 1041 555 1096 rebat,
592 1042 665 1085 sed
703 1041 861 1084 nullam
899 1040 1114 1083 inveniens
1155 1039 1378 1082 admodum
1418 1040 1581 1083 anxiari
1611 1033 1734 1097 cepit.
1781 1039 1889 1084 Nam
1920 1053 1964 1084 se

416 1118 550 1161 denuo
582 1119 688 1175 capi,
722 1118 855 1161 denuo
887 1117 1137 1161 incarcerari
1167 1117 1389 1160 metuebat.
1439 1116 1521 1160 Sed
1552 1117 1651 1173 quid
1681 1117 1861 1161 faceret?
1898 1116 1965 1160 Ad

417 1195 624 1250 ultimum,
655 1195 899 1237 formidine⁶
930 1194 1101 1237 maioris
1132 1193 1247 1249 mali,
1278 1207 1371 1236 cum
1403 1195 1487 1236 iam
1520 1194 1610 1237 sine
1635 1193 1795 1248 remige
1815 1206 1965 1252 corpus

416 1273 461 1314 in
500 1272 635 1315 undas
674 1271 841 1314 mittere
877 1274 1065 1326 pararet,
1105 1270 1297 1314 Ottonem
1331 1284 1449 1313 suum
1482 1271 1723 1326 nominans,
1762 1270 1967 1326 ingemuit

417 1348 469 1391 ad
489 1348 729 1392 Dominum.
775 1347 831 1390 Et
861 1360 954 1391 ecce
975 1347 1025 1390 de
1050 1348 1262 1403 insperato
1285 1347 1421 1390 cimba
1441 1347 1553 1390 litori
1585 1347 1792 1391 allabitur.
1833 1347 1962 1399 Quam

416 1425 494 1468 sibi
528 1439 552 1468 a
582 1425 671 1468 Deo
704 1428 892 1481 paratam
925 1425 1089 1479 videnS,
1123 1437 1216 1467 cum
1247 1424 1403 1478 gratias
1435 1425 1606 1479 egisset,
1639 1424 1845 1478 ascendit3
1877 1437 1965 1467 ma-

415 1502 619 1558 nibusque
651 1501 851 1544 ambabus
882 1500 1031 1544 fluctus
1064 1501 1306 1556 verberans,
1347 1504 1479 1544 ratem
1511 1502 1715 1545 convertit
1743 1501 1788 1544 in
1820 1500 1962 1544 altum.

416 1579 652 1634 Mirumque
684 1578 816 1632 dictu,
857 1591 980 1632 quam
1013 1578 1211 1621 citissime
1249 1581 1522 1634 prosperante
1553 1578 1641 1622 Deo
1673 1577 1822 1635 patriis
1852 1577 1964 1621 horis

418 1656 618 1712 appulsus
664 1658 738 1698 est.
798 1654 916 1704 Quod
954 1654 1199 1697 miraculum
1240 1654 1404 1698 assiduo
1443 1654 1576 1698 relatu
1615 1657 1759 1698 notum
1797 1654 1963 1698 fecerat.

416 1733 473 1775 Et
505 1732 707 1775 Stetinam
741 1731 932 1785 venienS,
973 1744 1175 1787 responsa
1213 1731 1397 1787 episcopi
1435 1731 1593 1774 civibus
1628 1732 1672 1774 in
1703 1735 1830 1774 unum
1868 1744 1966 1775 con-

418 1809 613 1864 gregatis,
646 1811 693 1851 ut
722 1808 859 1850 iussus
891 1813 993 1861 erat,
1026 1807 1231 1863 premissa
1263 1821 1313 1850 ex
1345 1808 1489 1851 ordine
1518 1807 1763 1852 liberatione
1786 1821 1875 1863 sua,
1906 1807 1966 1850 ita

419 1886 630 1942 exposuit:
669 1885 703 1927 O
737 1887 863 1936 cives‘,
906 1886 1049 1927 doctor
1081 1893 1118 1927 et
1147 1887 1342 1941 maqister
1372 1894 1509 1927 noster
1539 1886 1678 1928 beatus
1713 1885 1807 1929 Otto
1839 1887 1899 1928 sio
1930 1893 1966 1927 et

418 1966 478 2006 sie
502 1964 613 2018 fecit
642 1962 788 2014 miehi,
823 1971 859 2004 et
889 1962 959 2003 lieo
989 1962 1163 2003 mandat
1191 1963 1317 2004 vobi&
1370 1960 1522 2009 Gravis
1554 1971 1591 2005 et
1620 1964 1727 2005 dura
1758 1963 1882 2004 nimis
1913 1962 1964 2004 ab

420 2041 690 2096 omnipotenti
707 2040 800 2082 Deo
831 2041 1016 2082 vindicta
1046 2053 1170 2094 super
1200 2053 1271 2080 vos
1303 2047 1340 2080 et
1370 2053 1494 2094 super
1519 2041 1723 2081 civitatem
1742 2041 1865 2081 istam
1896 2053 1964 2081 or-

420 2118 565 2159 dinata
597 2125 667 2169 est,
698 2131 778 2172 pro
811 2131 855 2158 eo
888 2117 1001 2171 quod
1031 2117 1116 2156 eius
1136 2115 1267 2168 fidem
1288 2124 1326 2157 et
1351 2115 1554 2163 culturam
1573 2115 1779 2171 polluitis,
1806 2116 1965 2172 partim

420 2208 512 2235 cum
544 2208 587 2235 eo
616 2195 774 2248 partim
802 2207 882 2248 pro
915 2207 959 2234 eo
989 2192 1127 2247 ydolis
1158 2193 1386 2233 servientes.

543 2270 607 2311 16.
654 2268 832 2311 Nefandi
864 2268 1019 2323 quippe
1050 2266 1298 2321 sacerdotes,
1331 2267 1426 2309 dum
1459 2271 1576 2322 peste
1602 2280 1649 2310 ac
1670 2267 1872 2311 mortibus
1892 2266 1965 2311 ho-

422 2346 554 2388 mines
594 2347 635 2388 et
673 2346 860 2388 iumenta
891 2343 1069 2399 quodam
1103 2356 1210 2385 anno
1242 2356 1293 2386 ex
1324 2342 1596 2397 inequalitate
1622 2344 1732 2396 >aeris
1763 2343 1822 2386 ibi
1850 2342 1965 2386 labo-

420 2425 575 2475 rarent,
608 2436 632 2464 a
653 2421 732 2464 diis
764 2421 920 2463 malum
952 2419 1030 2461 hoc
1059 2419 1290 2462 immissum
1325 2419 1564 2462 asserebant
1585 2423 1626 2463 et
1650 2419 1861 2463 voluntate
1890 2433 1964 2475 po-

421 2498 509 2554 puli
533 2498 747 2541 ecclesiam
771 2497 903 2540 sancti
925 2495 1141 2538 Adalberti
1163 2495 1359 2553 martiris,
1390 2495 1667 2538 tintinnabulo
1690 2500 1731 2539 et
1751 2495 1964 2552 campanis

421 2574 604 2628 deiectis,
637 2574 849 2616 destruere
880 2570 1110 2628 ceperant¹.
1158 2571 1355 2626 Unusque
1385 2571 1564 2626 illorum,
1595 2572 1693 2615 dum
1725 2572 1873 2615 malleo
1898 2584 1963 2614 ee-

421 2650 615 2692 mentarii
645 2650 777 2692 altare
808 2651 1056 2705 percuteret,
1089 2647 1224 2690 subito
1256 2647 1455 2702 languore
1482 2660 1529 2690 ac
1550 2651 1718 2704 stupore
1740 2662 1764 2691 a
1783 2648 1963 2692 Domino

421 2740 640 2782 percussus
674 2729 755 2779 est3
789 2738 963 2779 cumque
994 2724 1167 2766 malleus
1199 2724 1249 2767 de
1279 2738 1406 2766 manu
1438 2724 1524 2766 eius
1546 2724 1722 2779 caderet,
1754 2724 1903 2768 cecidit
1923 2727 1964 2767 et

419 2803 522 2857 ipse.
572 2802 680 2844 Dein
702 2805 795 2857 post
816 2801 983 2854 longum
1007 2800 1158 2856 spiritu
1179 2814 1327 2856 parum
1348 2804 1575 2856 resumpto,
1605 2801 1804 2856 populum
1825 2804 1963 2844 astan-

421 2882 526 2932 tem,
567 2878 684 2932 quasi
724 2891 774 2920 ex
817 2876 941 2933 plaga
981 2877 1241 2931 emendatus,
1284 2877 1344 2919 sic
1374 2876 1659 2939 adorsusest:
1699 2878 1898 2930 Frustra,
1938 2892 1961 2919 ο

517 2980 542 3002 a.
576 2970 744 3001 formidinis
768 2971 807 3007 N,
829 2970 987 3001 formidine
1010 2970 1047 3000 R.
1336 2964 1367 2998 1.
1394 2961 1447 2999 Cf.
1465 2962 1544 3017 Ebo
1561 2963 1613 2998 III
1632 2964 1663 2998 l.
