2028 3438
280 778 370 813 1021

398 254 487 297 484
819 268 1068 300 EPISTOLAE
1098 261 1468 302 namssnssennsns.
1514 269 1538 302 e

403 371 448 417 6.
487 373 603 416 Bebo
636 375 837 417 diaeonus
869 375 1069 418 Heinrico
1094 375 1149 417 II
1171 378 1426 432 imperatori·
1448 375 1702 433 Hieronymi
1717 378 1779 420 *in
1794 368 1955 420 assatam

488 452 784 507 expositionem
816 452 1050 504 destinam,
1091 453 1236 494 scribit
1265 454 1316 494 de
1345 467 1419 495 suo
1452 467 1554 509 eryav
1583 452 1674 496 enni
1707 441 1878 504 studio}
1905 455 1956 497 de

488 528 620 570 banni
653 533 853 585 potestate
883 530 941 571 ad
982 530 1254 571 diaconorum
1286 529 1468 585 officium
1503 532 1754 587 pertinente3
1782 517 1843 573 de
1879 546 1954 574 suo

486 607 716 662 superioris
749 606 909 648 ordinis
942 607 1171 657 desiderio5
1212 608 1262 649 de
1294 608 1440 662 qratia
1469 607 1726 663 septiformi,
1757 596 1816 651 de
1838 608 1954 664 festo

484 682 680 739 paschali
708 684 813 725 anni
845 683 959 725 1020
990 683 1252 739 Bamberyae
1283 684 1415 726 celeb?
1415 689 1520 726 ato

517 770 624 813 Divo
657 770 910 825 H(einrico),
951 770 1140 815 claritate
1170 771 1372 814 virtutum
1405 770 1636 815 clarissimo
1668 755 1954 829 augustorum,

396 846 510 891 Bebo
542 861 654 902 suus,
688 847 884 903 quicquid
916 847 1022 891 bene
1051 848 1164 891 intus
1196 852 1238 891 et
1268 852 1388 891 extra
1418 852 1603 892 meretur
1633 839 1819 907 haberet-⁵
1850 848 1863 861 ²

515 924 668 967 Debita
705 924 1077 978 congratulationis
1117 939 1312 980 munera,
1353 926 1542 981 quamvis
1579 919 1809 970 interdum¹
1829 926 1954 970 dene-

397 1004 547 1056 gentur
579 1001 630 1044 ab
662 1014 753 1056 ore,
793 1001 957 1057 plenius
990 1005 1130 1045 tamen
1169 1005 1462 1058 presentantur
1491 1002 1535 1045 in
1566 1007 1725 1057 mente3
1764 998 1953 1059 ideoque,

397 1079 439 1121 in
472 1081 674 1133 quantum
706 1082 770 1121 est
802 1079 1025 1122 corticibus
1057 1079 1232 1122 interior
1258 1079 1417 1122 fructus
1439 1079 1594 1135 utilior,
1626 1081 1669 1123 in
1689 1084 1854 1124 tantum
1874 1081 1955 1124 erit

397 1156 549 1198 mentis
573 1155 727 1198 oblatio
749 1155 895 1198 carior.
936 1155 1001 1198 Sit
1023 1170 1118 1211 ergo
1142 1156 1231 1212 tibi,
1250 1171 1393 1201 caesar
1414 1157 1642 1212 carissime,
1665 1143 1821 1213 carum,
1844 1157 1954 1214 quod

397 1233 534 1275 carius
557 1237 620 1276 est
639 1233 684 1275 in
705 1232 858 1275 scrinio
881 1233 1016 1276 cordis
1040 1233 1348 1277 absconditum:
1373 1228 1596 1289 thesaurus
1616 1234 1774 1278 scilicet
1793 1234 1954 1293 precio-

398 1310 588 1353 sissimus
619 1309 731 1364 fidei,
763 1309 829 1352 cui
860 1311 1095 1366 comparari
1125 1311 1281 1367 poterit
1311 1311 1425 1354 nulla
1455 1311 1701 1368 preciositas
1731 1311 1837 1374 auri.

515 1384 651 1430 Haec¹
682 1399 749 1430 me
769 1386 868 1430 fecit
889 1401 978 1431 esse
1000 1387 1237 1443 sollicitum,
1262 1388 1457 1443 quociens
1479 1388 1632 1444 audivi,
1655 1392 1696 1432 te
1717 1388 1953 1432 tribulatio-

396 1464 519 1507 nibus
551 1463 647 1506 ullis
679 1478 770 1507 esse
806 1468 1016 1508 vexatum.
1075 1464 1157 1508 Sed
1189 1465 1244 1508 sit
1282 1465 1522 1509 benedictus
1562 1466 1736 1509 adiutor'
1755 1466 1798 1508 in
1830 1479 1953 1522 opor-

397 1541 645 1584 tunitatibus
678 1544 720 1583 et
749 1541 793 1583 in
825 1540 1130 1597 tribulatione²,
1164 1542 1261 1597 quia
1292 1556 1374 1585 non
1400 1542 1555 1585 deserit
1583 1540 1800 1600 sperantes
1819 1542 1865 1585 in
1885 1538 1952 1586 se³

398 1623 440 1660 et
469 1617 540 1674 pia
571 1617 881 1661 misericordiae
913 1632 1012 1662 suae
1043 1619 1198 1662 indicia
1229 1619 1427 1663 membris
1460 1619 1662 1676 inpendit,
1695 1619 1790 1662 dum
1825 1619 1953 1677 capiti

398 1695 722 1738 misericorditer
759 1696 906 1751 parcit.
962 1695 1087 1739 Salva
1126 1696 1293 1751 quidem
1333 1700 1430 1740 sunt
1466 1696 1674 1751 membra,
1708 1704 1843 1759 vquam
1882 1696 1954 1739 diu

398 1775 525 1828 caput
555 1771 689 1815 salute
727 1772 887 1828 perfrui
924 1777 1108 1816 meretur
1145 1777 1300 1829 optata.
1355 1773 1425 1816 Sic
1463 1787 1625 1830 quoque
1662 1787 1738 1830 per
1775 1773 1954 1817 salutem

397 1849 571 1892 rectoris
603 1848 793 1892 subditus
825 1849 1056 1893 salvabitur
1087 1850 1212 1893 orbis.

516 1925 649 1981 Unde,
682 1926 752 1981 qui
783 1940 858 1982 per
880 1940 1023 1970 verum
1055 1927 1365 1982 intellegentiae
1396 1941 1564 1971 sensum
1591 1927 1781 1971 membra
1811 1941 1855 1971 se
1885 1940 1953 1971 ca-

398 2003 498 2060 pitis
531 2003 730 2058 sentiunt,
762 2017 838 2060 per
869 2004 1158 2060 compaginem
1189 2004 1285 2048 fidei
1316 2016 1580 2061 nequaquam
1602 2004 1855 2048 dissentiunt
1885 2017 1954 2047 ca-

397 2080 497 2137 piti;
536 2080 665 2123 immo
706 2067 781 2136 per
819 2094 1003 2124 amorem
1035 2081 1181 2124 salutis
1221 2082 1415 2138 propriae
1447 2095 1537 2125 esse
1572 2085 1698 2138 caput
1727 2090 1850 2124 suum
1881 2094 1953 2124 ex-

399 2161 547 2213 optant
585 2157 808 2213 incolome,
850 2158 948 2213 quia
984 2159 1280 2202 incolomitatis
1321 2173 1420 2202 suae
1458 2159 1676 2201 summam'
1696 2158 1871 2201 credunt
1907 2157 1952 2200 in

338 2251 342 2254 ’
398 2233 470 2276 illo
503 2239 705 2278 constare.
754 2234 898 2278 Omnis
930 2235 1007 2277 hoc
1038 2236 1190 2291 credit,
1223 2236 1340 2279 cuius
1371 2249 1488 2279 mens
1519 2235 1691 2279 lucifero
1722 2235 1953 2292 sapientiae

399 2324 545 2354 sereno
578 2309 760 2366 diescit⁴,
801 2312 872 2368 qui
905 2312 1172 2355 serenissima
1201 2312 1293 2356 luce
1325 2313 1523 2356 virtutum
1554 2313 1691 2356 facere
1722 2312 1855 2355 nescit
1885 2325 1952 2355 oc-

399 2401 555 2431 casum.
604 2388 714 2431 Dum
748 2389 856 2431 enim
881 2392 993 2431 stant
1013 2392 1098 2444 tua,
1130 2393 1242 2432 stare
1269 2390 1493 2432 creduntur
1515 2392 1557 2432 et
1577 2393 1742 2443 nostra3
1774 2392 1952 2444 tuaeque

399 2464 609 2508 firmitatis
642 2479 810 2508 occasus
842 2469 1010 2509 nostrae
1039 2465 1294 2509 infirmitatis
1327 2467 1509 2509 creditur
1540 2466 1798 2509 certissimus
1821 2470 1949 2508 ortus.

399 2541 501 2596 Hoc,
534 2542 605 2598 qui
637 2556 785 2585 sanum
821 2543 1012 2599 sapiunt,
1051 2543 1229 2586 credulis
1268 2543 1576 2598 intellegentiae
1616 2543 1746 2586 oculis
1786 2556 1952 2599 semper

398 2619 641 2672 intendunt3
675 2622 716 2662 et
748 2619 846 2675 quia
875 2619 1053 2662 salutem
1084 2633 1204 2662 suam
1236 2633 1325 2663 esse
1356 2620 1531 2663 credunt
1559 2620 1602 2662 in
1634 2619 1790 2676 capite,
1826 2621 1952 2676 caput

492 2734 520 2755 a.
550 2724 715 2764 Descripsi
732 2734 769 2754 ex
789 2723 852 2764 fol.
869 2726 948 2755 1-7
962 2725 1026 2755 cod.
1042 2725 1239 2756 bibliothecae
1250 2725 1487 2765 Bamberyensis
1502 2727 1533 2756 B
1546 2726 1597 2755 IV
1606 2727 1648 2755 18
1668 2707 1791 2755 membr.
1805 2734 1884 2755 saec.
1896 2724 1950 2755 XI.

399 2775 574 2807 Edidemmt
594 2777 788 2807 Gutendcker
808 2777 842 2807 in
856 2777 1203 2817 Fic‘nfundzwanziyster
1217 2778 1346 2808 Ber-ioht
1366 2778 1418 2808 des
1441 2777 1642 2809 historischen
1660 2777 1783 2808 Vereins
1803 2783 1841 2808 zu
1855 2778 1951 2807 Bam·

400 2828 473 2868 bery
495 2831 558 2860 138
579 2839 622 2870 sq.
644 2835 674 2861 et
693 2830 810 2861 Hirsch
829 2830 1024 2861 Jahrbazcher
1045 2830 1097 2861 des
1118 2830 1280 2862 deutschen
1300 2831 1414 2862 Reichs
1434 2836 1526 2862 anter
1540 2830 1690 2864 Heinrich
1704 2831 1740 2861 11
1762 2830 1796 2861 T.
1809 2831 1829 2861 1
1840 2839 1874 2870 p.
1889 2831 1951 2861 547

399 2897 438 2902 —-
451 2883 527 2912 553.

494 2940 526 2974 1.
550 2938 654 2974 fides.
749 2941 782 2975 2.
809 2941 867 2975 Ps.
887 2941 918 2985 9,
938 2941 999 2976 10:
1027 2940 1192 2986 „adiutor
1215 2941 1252 2976 in
1276 2939 1593 2987 oportunitatibus,
1618 2940 1655 2976 in
1680 2940 1948 2976 tribulationff.

397 2998 432 3034 3.
448 2997 570 3033 Iudith
584 2998 704 3043 13,17.
782 2999 816 3034 4.
843 2998 897 3035 Of.
912 3000 933 3035 2
946 3000 1040 3035 Petr.
1052 3000 1082 3045 1,
1093 3001 1153 3035 19:
1174 3002 1232 3046 „et
1246 2998 1372 3035 lucifer
1386 3000 1522 3035 oriatur
1535 2999 1571 3035 in
1588 2999 1757 3035 cordibus
1770 2998 1941 3035 vestris“.
