2028 3438
407 261 493 304 222
919 272 1139 304 UDAmuci
1168 272 1336 304 conssx.
1388 269 1453 304 113

241 388 333 423 1103
406 378 596 422 Petrum:
629 379 825 436 Myabis,
868 380 980 435 quod
1011 387 1170 436 oportet
1207 379 1356 435 liyari,
1397 386 1435 420 et
1463 378 1635 432 solves,
1639 378 1774 439 qued
1796 377 1964 434 acpfflit

187 436 210 466 F
212 435 313 466 ebt.-

322 436 386 466 Iun.

405 456 532 509 colvi3
574 459 633 498 et.
669 456 756 509 Qui
782 465 949 513 praeest
979 458 1140 508 ceteris,
1182 464 1342 512 oportet
1373 469 1494 511 aqere
1523 456 1654 505 vicem
1682 455 1961 508 medie-'mon

406 533 571 575 bestiali
600 534 757 587 furore
795 529 1077 575 commoveri&
1199 530 1302 582 Qui·
1349 545 1447 586 ergo
1497 531 1621 575 debet
1666 543 1797 586 agere
1826 529 1960 579 vicem

405 609 570 663 medici,
605 609 749 652 audiat
771 609 898 652 etiam
930 608 1150 652 consilium
1183 608 1435 665 sapientiae:
1473 609 1619 652 Omnis
1649 607 1960 664 inquitpoeen—

407 694 515 728 tatus
547 687 680 728 brevis
713 695 772 729 est
800 688 900 729 vita.
949 687 1154 742 Lanquor
1175 686 1389 742 proliaeior
1407 694 1561 744 ymvat
1590 687 1818 728 medicum.--
1838 683 1961 727 —Bre-

406 777 495 805 vem
527 763 770 819 lanquorem
799 764 1007 819 praecidit
1037 765 1232 806 medicus.
1283 762 1357 806 Sic
1390 771 1428 806 et
1455 778 1530 806 rem
1561 763 1684 806 hodie
1714 770 1771 805 eet
1802 769 1840 804 et
1868 775 1962 803 crae

406 837 641 882 morietur².
1635 898 1641 901 ᾖ

525 912 628 959 Cum
669 916 722 958 ab
769 915 960 959 omnibus
1004 916 1213 959 indicatur
1261 915 1448 972 praelato
1486 915 1619 959 virtus
1647 911 1961 980 *discretio-siah

407 1006 535 1048 quare
579 992 816 1049 apostolici,
864 992 1131 1036 succedentes
1177 993 1256 1036 sibi
1300 993 1501 1048 invicem,
1549 992 1670 1048 quasi
1709 989 1961 1035 hereditario

406 1069 514 1113 bello
556 1069 944 1113 excommunicandi
983 1069 1206 1112 indiscrete
1242 1071 1285 1112 in
1325 1083 1467 1124 legem
1504 1070 1746 1124 insurgunt,
1788 1067 1856 1111 cui
1885 1079 1961 1123 pro

405 1147 537 1201 regali
567 1147 770 1201 dignitate
801 1146 927 1189 etiam
957 1146 1039 1202 ipsi
1070 1146 1202 1190 subici
1232 1146 1452 1189 iubentur?

526 1223 605 1275 Qui
643 1223 1029 1266 excommunicatur
1059 1223 1194 1266 sancti
1226 1223 1409 1279 Spiritus
1439 1223 1613 1278 iudicio,
1652 1223 1797 1278 utique
1826 1219 1962 1278 repel-

405 1300 553 1343 lendus
585 1303 649 1343 est
681 1314 705 1342 a
734 1300 814 1342 Dei
845 1299 980 1343 domo.
1030 1299 1399 1355 Quocienscunque
1437 1294 1575 1343 autem
1613 1299 1764 1355 aliquis
1795 1311 1961 1342 excom-

407 1378 645 1420 municatur
683 1380 756 1419 aut
793 1390 844 1419 ex
890 1390 1039 1420 causae
1086 1380 1159 1419 aut
1202 1391 1254 1420 ex
1299 1390 1502 1433 personae
1545 1363 1824 1433 praeiudicio,⁴
1868 1375 1961 1431 quis

406 1454 531 1509 dicat,
562 1454 672 1497 hunc
704 1454 1107 1496 excommunicatum
1140 1467 1230 1496 esse
1251 1454 1385 1497 sancti
1408 1453 1591 1511 Spiritus
1621 1452 1802 1497 iudicio?
1885 1451 1962 1495 Di-

406 1531 500 1574 citis
539 1544 634 1573 cum
674 1530 895 1585 Gregorio:
939 1531 1116 1587 Quoquo
1156 1533 1302 1574 mocl0⁰
1335 1532 1433 1587 liqet
1466 1541 1641 1588 pastor,
1682 1533 1824 1574 timeat
1857 1544 1963 1586 φθα-

406 1609 619 1650 vinculum
647 1603 868 1664 pastor-2⁰8³.
922 1607 1111 1650 Dicimus
1144 1610 1186 1651 et
1215 1621 1291 1650 nos
1326 1621 1421 1651 cum
1453 1606 1673 1662 Gregorio:
1707 1608 1898 1664 Liqaudi
1919 1615 1962 1650 *et
2023 1642 2026 1643 γ

406 1686 595 1727 solvendi
622 1693 819 1741 potestate
839 1700 881 1726 se
898 1687 1055 1741 privat,
1090 1687 1165 1740 qui
1183 1685 1383 1728 subiectos
1402 1700 1482 1741 pro
1503 1700 1577 1728 suo
1599 1685 1701 1727 velle
1721 1693 1759 1728 et
1777 1699 1863 1727 non
1881 1699 1960 1741 pro

408 1777 548 1804 eorum
570 1763 713 1804 merito
747 1747 851 1817 licat
881 1770 916 1803 et
946 1762 1067 1804 solvit
1078 1758 1103 1803 ⁴.
1225 1760 1396 1804 Dicitis:
1431 1775 1594 1817 quoquo
1624 1761 1770 1804 mod0⁶
1796 1774 1961 1804 excom-

407 1838 657 1891 municatur,
690 1838 725 1880 si
747 1841 881 1880 morte
904 1838 1184 1894 praevenitur,
1208 1838 1472 1894 dampnatur.
1511 1837 1591 1881 Hic
1616 1838 1736 1881 nobis
1756 1837 1963 1881 succurrit

342 1973 345 1975 .
406 1914 619 1974 Romanae
658 1914 856 1957 ecclesiae
887 1915 1126 1957 auctoritas.
1176 1913 1401 1968 Gregorius
1441 1914 1552 1957 enim
1592 1915 1748 1971 scripto
1780 1917 1822 1958 et
1846 1914 1961 1958 facto

409 1991 694 2045 auctorizavit,
727 1991 837 2047 quod
867 1995 1006 2047 potest
1034 1991 1246 2034 Romanus
1278 1991 1447 2048 praesul
1478 1991 1693 2035 absolvere
1724 2003 1961 2035 excommu—

407 2068 590 2111 nicatum
623 2068 778 2110 iniuste
809 2068 860 2110 ab
893 2068 1045 2123 aliquo.
1094 2068 1137 2111 Si
1167 2068 1246 2112 hoc
1265 2071 1405 2124 potest
1424 2068 1635 2111 Romanus
1655 2068 1836 2124 praesul,
1869 2068 1961 2125 quis

406 2148 543 2199 neget,
584 2145 709 2188 etiam
742 2145 877 2188 Deum
910 2158 1032 2201 posse
1063 2145 1292 2200 absolvere,
1325 2145 1361 2187 si
1393 2158 1515 2200 quem
1551 2145 1721 2201 praesui
1749 2145 1960 2189 Romanus
2024 2175 2028 2177 -

407 2222 561 2265 iniuste
593 2222 1041 2265 excommunicaverit?
1089 2222 1220 2265 Nemo
1243 2223 1351 2265 enim
1385 2222 1467 2265 ledi
1499 2225 1638 2279 potest
1668 2222 1720 2265 ab
1752 2222 1848 2276 alio,
1879 2222 1961 2265 nisi

408 2300 525 2355 prius
555 2299 720 2342 ledatur
752 2313 777 2342 a
807 2302 940 2342 semet
968 2300 1074 2355 ipso.

463 2392 468 2396 ·
526 2377 743 2419 Nullum
779 2378 1014 2433 profecto
1053 2375 1189 2430 inquit
1229 2377 1435 2430 9⁹·atiu8
1475 2376 1585 2418 Deo
1624 2376 1961 2431 sacrificium

410 2454 610 2508 offerre
646 2456 858 2510 poteo-is.
981 2452 1168 2503 Qualiter
1199 2451 1276 2494 hoc
1309 2451 1511 2495 sacrificio
1552 2452 1679 2495 nichil
1716 2452 1772 2495 sit
1800 2451 1959 2507 gratius

408 2529 518 2582 Deo,
558 2541 686 2583 quero
719 2544 744 2572 a
774 2534 834 2584 te,
875 2545 898 2572 o
932 2533 1065 2572 mater
1104 2542 1216 2582 mea,
1256 2527 1444 2571 Romana
1482 2529 1667 2572 ecclesia.
1722 2529 1810 2572 Deo
1849 2528 1961 2572 enim

407 2618 493 2648 non
530 2605 667 2661 placet
699 2606 970 2661 sacrificium,
1009 2606 1091 2648 nisi
1131 2605 1187 2648 sit
1223 2605 1423 2647 mundum
1456 2608 1498 2647 et
1527 2601 1862 2659 inmaculatum⁵‚
1900 2604 1961 2648 ita

408 2686 456 2725 ut
487 2682 612 2736 etiam
643 2683 776 2737 illum,
810 2684 879 2738 qui
901 2682 1034 2737 offert,
1066 2683 1194 2725 faciat
1215 2681 1413 2724 mundum
1437 2685 1479 2724 et
1498 2681 1811 2724 inmaculatum.
1863 2680 1959 2724 Ideo

502 2780 527 2799 a.
561 2770 618 2806 Qui
639 2787 669 2790 —
689 2772 785 2801 sancti
808 2771 938 2810 Spiritus
961 2771 1072 2801 iudicio
1094 2780 1150 2800 om.
1167 2771 1203 2799 Β.
1349 2769 1377 2798 b.
1411 2768 1443 2798 in
1463 2770 1489 2797 V
1505 2769 1572 2799 alia
1594 2779 1704 2799 manus
1726 2768 1849 2799 addidit
1868 2768 1959 2798 inter·

407 2823 534 2861 rogatio.
658 2833 683 2852 c.
716 2823 872 2860 Quomodo
894 2825 932 2853 B.

504 2881 536 2915 1.
561 2880 678 2924 Epist.
704 2880 899 2916 Clementis
931 2880 1047 2925 prima
1077 2890 1155 2924 cap.
1178 2880 1216 2924 2,
1250 2879 1461 2914 Decretales
1492 2879 1551 2913 Ps.
1574 2879 1659 2914 Isid.
1686 2878 1743 2913 ed.
1765 2876 1959 2914 Hinschius

407 2950 443 2983 p.
461 2939 519 2974 31.
614 2940 647 2973 2.
673 2938 783 2973 Eccli.
804 2939 858 2983 10,
878 2939 932 2974 11.
953 2939 1008 2974 12.
1104 2939 1138 2974 3.
1165 2936 1219 2974 Cf.
1246 2937 1281 2973 S.
1301 2937 1465 2982 Gregorii
1489 2937 1619 2972 Homil.
1641 2938 1686 2973 26
1711 2946 1790 2981 cap.
1809 2937 1842 2981 6,
1868 2935 1958 2981 Opp.

408 2996 465 3032 ed.
484 2990 620 3032 Bened.
639 2998 680 3032 T.
700 2997 716 3031 Ι
742 2997 845 3032 1556.
956 2997 990 3031 4.
1017 2995 1071 3032 Cf.
1089 2996 1175 3032 ibid.
1194 3007 1272 3042 cap.
1291 2997 1313 3031 5
1338 3007 1373 3041 p.
1392 2996 1494 3031 1555.
1606 2995 1639 3031 5.
1666 2994 1720 3031 Cf.
1738 2995 1855 3031 Levit.
1873 2995 1907 3038 3,
1926 2994 1958 3030 1.
