2028 3438
485 292 724 324 nnnnonm
754 291 996 324 DIALoGns.
1044 292 1132 323 Lm.
1156 293 1172 323 1
1202 291 1248 324 42
1566 280 1650 323 741

40 441 46 448 .
83 399 284 445 dolorem.
406 398 495 444 Iam
527 399 639 443 enim
672 413 746 456 per
776 402 911 443 totum
943 399 1131 443 triduum
1163 398 1428 443 dormitionis
1455 398 1559 455 eius,
1591 399 1655 443 di·
1731 409 1822 444 1139

82 471 402 535 lecti‘corporis
432 475 556 532 gleba
585 490 661 534 per
692 491 836 521 omnes
869 476 1065 521 ecclesias
1097 475 1364 531 circumlata,
1405 476 1493 531 iugi
1525 458 1882 519 sac1·i-¹¹¹¹¹·³⁰‘¹¹¹¹·²

83 553 178 601 ficio
209 553 514 610 indefessisque
545 553 803 597 orationibus
843 557 886 598 et
923 553 1068 598 multis
1110 553 1436 597 elemosinarum
1465 553 1655 608 largitio-

83 630 208 677 nibus
239 631 365 676 beata
402 631 492 676 eius
532 631 675 675 anima
705 631 795 675 Deo
837 631 976 676 dicata
1015 635 1057 676 et
1093 631 1388 675 commendata
1424 631 1565 675 fuerat
1603 631 1655 675 ab

84 699 290 775 omnibus.
337 708 497 761 Quarta
526 708 656 764 igitur
687 709 776 764 die,
816 709 888 752 ubi
921 709 973 752 ad
1004 709 1142 752 locum
1174 711 1345 752 ventum
1386 712 1451 751 est
1487 708 1655 764 tumuli,
1680 718 1734 748 Iul.
1751 720 1769 748 3

84 775 307 845 episcopus
337 786 742 830 commendationem
776 786 1015 843 celebravit,
1048 789 1173 842 atque
1194 786 1304 829 inter
1325 785 1549 828 missarum
1573 785 1656 829 sol-

83 862 284 921 lempnia,
316 877 397 920 que
427 877 505 921 pro
537 863 679 907 dilecti
711 864 844 920 patris
877 868 920 908 et
951 865 1075 908 amici
1098 863 1239 908 anima
1267 862 1403 906 multa
1423 863 1656 907 intentione

84 941 260 986 devotus
291 941 455 997 agebat,
489 940 541 984 ad
574 944 804 984 merentem
838 945 880 985 et
909 941 1123 997 lugentem
1154 954 1381 984 conversus
1419 940 1656 984 multitudi-

83 1032 203 1075 nem,
241 1018 412 1063 brevem
443 1018 631 1075 quidem,
671 1018 745 1062 sed
786 1019 921 1074 gratie
954 1033 1002 1063 ac
1043 1018 1277 1062 dulcedinis
1308 1017 1481 1075 plenum
1511 1017 1657 1061 intulit

85 1109 336 1152 sermonem,
367 1087 429 1141 ita
460 1095 624 1140 dicens:

202 1173 248 1207 Et
263 1172 344 1218 quid
359 1172 442 1207 flet?
453 1174 466 1196 ²
498 1172 587 1214 Quid
604 1172 668 1206 erit
684 1172 837 1207 consilii?
870 1172 1004 1207 Mortua
1021 1178 1074 1206 est
1090 1172 1243 1213 Marum
1269 1183 1348 1206 ecce
1364 1172 1422 1206 ubi
1441 1172 1539 1206 iacet.
1574 1172 1657 1214 Quis

84 1244 167 1278 ergo
182 1233 375 1268 venientem
399 1233 569 1267 dominum
585 1232 698 1265 Ies'um
721 1232 756 1265 in
781 1232 844 1266 hoc
869 1232 1008 1266 castello
1033 1232 1152 1266 amodo
1179 1232 1363 1276 suscipiet?
1401 1232 1568 1275 Equidem
1593 1232 1655 1265 de-

84 1293 200 1332 fimett
219 1292 451 1335 estMar-tha,
483 1303 549 1336 que
573 1291 666 1325 illum
691 1292 861 1336 suscipere
887 1292 1060 1326 consuevit
1068 1304 1078 1332 ;
1112 1291 1270 1324 defuncta
1296 1296 1348 1325 est
1372 1292 1507 1336 hospita
1532 1291 1658 1326 domiui

84 1352 163 1388 Iesu
179 1350 313 1393 Christi,
339 1363 405 1396 que
421 1351 570 1386 venienti
594 1351 781 1395 hospicium
797 1352 942 1395 prebuit,
969 1351 1085 1385 sedem
1110 1351 1233 1394 posuit,
1259 1362 1411 1384 mensam
1428 1351 1568 1395 aptavit,
1592 1362 1655 1384 ne-

84 1411 233 1446 cessaria
256 1411 368 1446 omnia
391 1411 539 1456 benigne
563 1422 603 1445 ac
627 1411 811 1445 liberaliter
835 1411 1046 1445 ministravit.
1082 1411 1251 1444 Defuncta
1277 1415 1329 1444 est
1353 1410 1490 1454 inquam
1513 1422 1581 1444 non
1598 1422 1654 1444 so-

83 1471 154 1506 lum
186 1471 340 1506 ministra
369 1476 404 1505 et
427 1471 562 1515 hospita
588 1471 729 1511 Christi,
763 1470 825 1503 sed
853 1470 1006 1504 minister
1031 1475 1065 1503 et
1096 1470 1221 1513 hospes
1246 1481 1286 1503 ac
1311 1475 1486 1513 susceptor
1511 1470 1658 1504 omnium

84 1531 351 1566 christianorum.
396 1531 442 1564 Et
467 1530 540 1575 quis
565 1530 669 1564 stabit
698 1530 733 1562 in
759 1529 832 1563 loco
856 1535 971 1563 sancto
1003 1530 1099 1563 eius?
1132 1528 1205 1572 quis
1230 1529 1327 1562 nobis
1352 1529 1459 1563 vicem
1482 1529 1658 1563 ministerii

85 1589 183 1624 huius
207 1590 383 1635 implebit?
419 1590 505 1634 quis,
541 1601 636 1634 rogo,
674 1595 754 1633 aget
779 1601 840 1633 pro
866 1600 918 1630 eo,
952 1599 1016 1631 que
1041 1588 1104 1621 iste
1130 1599 1232 1631 agere
1258 1589 1453 1622 consuevit?
1493 1588 1657 1622 Omnibus

84 1649 258 1694 gradibus,
282 1649 436 1684 omnibus
459 1649 644 1690 ordinibus,
669 1649 822 1683 omnibus
851 1648 1004 1692 personis
1021 1647 1162 1681 ecclesie
1179 1647 1248 1681 vita
1264 1648 1335 1681 eius
1352 1647 1443 1682 utilis
1460 1647 1534 1681 fuit.
1569 1648 1658 1681 Ecce

85 1709 262 1743 defunctus
286 1714 351 1750 est,
375 1714 413 1743 ut
435 1720 515 1743 vere
533 1709 653 1749 dicam,
678 1720 794 1742 servus
820 1719 991 1742 servorum
1007 1707 1082 1741 Dei.
1121 1707 1210 1747 Quid
1232 1707 1362 1741 facietis
1386 1707 1552 1748 monachi,
1578 1707 1658 1750 quid

84 1767 216 1803 facietis
240 1768 364 1810 cleriei,
389 1769 471 1812 quid
493 1768 623 1802 facietis
648 1779 816 1811 pauperes
841 1773 875 1801 et
899 1767 1061 1801 mendici?
1101 1766 1184 1807 Quis
1210 1767 1304 1800 vobis
1332 1766 1487 1799 restituet
1515 1771 1658 1800 matrem

85 1825 255 1862 vestrm?
294 1828 362 1862 Ubi
386 1828 507 1862 amodo
531 1827 589 1861 illa
612 1833 765 1861 materna
789 1828 905 1866 ubera,
932 1826 989 1859 ubi
1013 1831 1182 1859 maternos
1207 1826 1347 1859 affectus
1372 1826 1542 1869 queretis?
1587 1826 1658 1860 Sed

85 1898 226 1932 querere
250 1887 375 1931 ubique
398 1887 559 1932 potestis3
584 1886 678 1921 vobis
703 1886 885 1920 denuncio:
911 1889 1075 1928 nusquam
1099 1885 1287 1919 invenietis.
1330 1885 1390 1918 Sui
1413 1885 1574 1929 temporis
1599 1896 1655 1919 se-

85 1946 162 1981 cula
187 1967 229 1972 —
256 1947 464 1981 confidenter
489 1946 563 1980 dico
592 1966 631 1971 --
661 1946 750 1979 hunc
775 1945 899 1986 solum,
932 1945 1021 1977 hunc
1051 1956 1155 1978 unum
1181 1950 1275 1978 tante
1299 1944 1526 1978 misericordie
1551 1944 1658 1978 virum

85 2006 286 2041 habuerunt.
334 2005 382 2040 Ut
416 2005 505 2039 enim
542 2005 585 2038 de
617 2005 690 2038 aliis
715 2005 893 2038 virtutibus
918 2004 989 2038 eius
1014 2010 1162 2044 taceam,
1199 2015 1264 2046 que
1297 2004 1438 2047 plurime
1462 2004 1599 2038 fuerunt
1623 2010 1658 2038 et

85 2064 187 2107 clare,
211 2065 246 2099 in
269 2064 497 2099 misericordia
521 2069 556 2098 et
581 2064 807 2098 misericordie
831 2063 988 2107 operibus
1013 2068 1126 2096 tantus
1152 2068 1236 2103 erat,
1261 2068 1298 2096 ut
1314 2061 1440 2096 nullum
1456 2063 1590 2107 penitus
1616 2075 1657 2097 ex

86 2125 239 2160 omnibus
263 2124 363 2158 michi
387 2124 475 2158 notis
500 2124 532 2158 ei
557 2124 663 2158 ausim
687 2124 867 2166 adequare.
904 2122 974 2156 Sed
991 2122 1094 2166 quid?
1122 2122 1219 2156 doleo
1237 2122 1343 2156 vicem
1359 2123 1566 2163 miserorum,
1593 2123 1655 2157 do-

85 2184 140 2219 leo
164 2183 270 2218 vicem
294 2195 428 2224 eorum,
459 2184 516 2227 qui
540 2183 575 2216 in
601 2183 669 2217 suis
693 2182 835 2216 miseriis
864 2182 908 2215 ad
932 2182 1020 2215 hunc
1053 2181 1302 2216 misericordem
1326 2182 1445 2225 fugere
1469 2193 1654 2217 consueve-

85 2249 181 2284 rant5
205 2243 315 2284 doleo,
339 2248 378 2276 ut
401 2254 515 2276 verum
538 2242 659 2283 fatear,
686 2242 791 2275 vicem
815 2242 952 2275 meimet
976 2241 1093 2285 ipsius.
1135 2241 1181 2274 Ut
1206 2241 1294 2274 enim
1311 2241 1358 2274 ita
1376 2241 1496 2282 dicam,
1520 2254 1574 2276 me
1591 2243 1655 2276 mi-

86 2308 177 2336 seret
201 2303 267 2336 mei
274 2315 285 2343 3
309 2302 495 2345 meritoque
520 2313 649 2335 merore
674 2302 864 2335 conturbor.
902 2300 1046 2334 Multum
1071 2301 1160 2333 enim
1184 2300 1333 2344 presidii,
1366 2301 1505 2335 multum
1533 2312 1654 2336 conso-

86 2361 220 2401 lationis
243 2361 279 2395 in
302 2361 367 2395 hoc
391 2361 497 2395 amieo
522 2360 666 2404 perdidi.
701 2360 766 2393 Hic
792 2360 899 2400 enim,
931 2359 965 2392 in
990 2359 1125 2393 civitate
1150 2359 1225 2403 ipsa
1250 2360 1461 2400 commodus,
1493 2361 1656 2395 societate

86 2426 123 2454 et
146 2420 292 2454 amicitia
316 2426 516 2464 oportunus,
549 2431 708 2464 magnum
741 2419 840 2452 michi
872 2418 1055 2462 presidium
1080 2417 1152 2452 fuit.
1195 2418 1277 2452 Cum
1300 2419 1364 2452 hoc
1392 2419 1592 2453 fiducialiter
1616 2431 1656 2454 ac

86 2485 158 2514 tute
182 2491 298 2514 omnes
323 2491 419 2513 curas
444 2490 548 2520 meas,
581 2479 692 2513 omnia
716 2478 857 2522 negocia
881 2489 958 2510 mea
982 2489 1041 2510 seu
1067 2477 1205 2510 consilia
1229 2478 1386 2520 pensiora
1411 2478 1653 2512 communicare

87 2539 247 2574 solebam.
291 2538 357 2572 Hic
380 2538 492 2579 michi,
517 2543 556 2571 ut
579 2538 725 2571 breviter
750 2537 901 2576 dixerim,
926 2537 960 2569 in
986 2536 1139 2570 omnibus
1164 2537 1446 2580 oportunitatibus
1470 2538 1554 2572 meis
1578 2549 1651 2572 ma—

87 2609 174 2643 gnus
199 2597 390 2632 sublevator
414 2598 487 2631 fuit.
524 2597 594 2631 Sed
619 2597 662 2630 de
686 2607 740 2629 me
765 2596 845 2639 quid
870 2596 968 2629 dico?
1006 2595 1094 2628 Nam
1117 2595 1183 2628 mei
1200 2596 1342 2629 nominis
1360 2596 1453 2638 ordo,
1478 2597 1652 2631 universus

87 2656 244 2691 videlicet
267 2657 349 2691 ordo
380 2656 602 2700 pontificalis,
634 2656 698 2689 hoc
723 2655 902 2699 adempto⁸
929 2666 1094 2697 conpare,
1126 2654 1244 2688 merito
1275 2654 1415 2699 lugebit.
1458 2656 1524 2690 Hic
1555 2656 1653 2690 nobis

87 2727 239 2760 gemma,
270 2716 325 2749 hic
355 2715 515 2760 splendor
538 2715 612 2749 fuit.
658 2715 849 2748 Conventus
880 2719 1012 2747 nostros
1045 2713 1079 2746 in
1105 2713 1252 2747 conciliis
1277 2714 1347 2747 sive
1372 2715 1471 2748 curiis
1495 2715 1654 2749 virtutum

88 2787 222 2810 suarum
246 2775 348 2808 radiis
373 2774 589 2809 collustravit.
635 2774 673 2807 In
699 2774 780 2813 hoc,
806 2778 843 2805 ut
867 2772 915 2806 ita
939 2771 1066 2824 dicam,
1092 2773 1187 2815 quasi
1211 2773 1335 2807 viventi
1358 2773 1461 2815 libro,
1488 2774 1653 2818 quomodo

87 2834 184 2868 nobis
208 2834 387 2868 vivendum
416 2833 470 2867 vel
501 2834 581 2877 quid
612 2832 781 2876 agendum
813 2837 921 2872 esset,
959 2831 1153 2875 conspicere
1186 2833 1365 2876 potuimus.
1408 2833 1534 2868 Sancta
1565 2833 1654 2867 enim

89 2892 254 2937 exempla,
280 2898 395 2927 sancte
420 2893 568 2927 actiones
593 2892 701 2935 magis
727 2891 883 2924 erudiunt
907 2903 1006 2934 quam
1030 2891 1143 2926 verba.
1263 2891 1333 2926 Sed
1358 2892 1510 2927 doctrina
1533 2892 1607 2932 hec,
1633 2904 1653 2927 o

185 2985 212 3012 a.
244 2981 300 3011 ade
323 2982 355 3011 to
378 2981 418 3012 N.

186 3039 219 3074 1.
244 2991 482 3075 Depconficta
505 3037 573 3074 hac
597 3037 762 3073 oratione
787 3035 832 3073 cf.
857 3047 968 3083 supra
991 3047 1028 3083 p.
1051 3038 1131 3074 699.
1150 3038 1231 3074 700.
