2028 3438
637 237 860 270 nmmum
888 237 1059 270 oonnx.
1108 236 1155 270 56
1597 227 1678 270 121

109 339 470 402 initiavimus,
489 357 581 389 ⁴nos
599 348 756 400 tamen,
789 357 996 388 memores
1017 344 1296 389 humanitatis
1317 345 1471 402 divine,
1503 346 1562 390 eis
1585 359 1684 390 con·
1704 355 1908 392 1074-1078

109 420 253 467 silium
307 421 571 467 auctoritatis
620 435 836 478 nunquam
883 436 909 466 a
954 422 1113 479 pietate
1146 423 1347 467 vacantis
1393 437 1470 480 per
1522 424 1685 468 viscera

109 499 392 544 ostendimus·
423 499 623 544 caritatis.
667 499 860 543 Dicimus
879 499 1083 556 nempe¹’:
1119 501 1224 543 Eice
1237 503 1441 558 primum,
1471 504 1680 560 ypocrita,

109 578 271 622 trabem
298 579 350 621 de
380 578 498 621 oculo
535 586 628 631 tuo,
670 586 708 620 et
737 586 835 620 tuno
866 580 1104 635 prospicies
1114 585 1143 631 ⁶,
1184 587 1231 622 ut
1267 580 1419 621 educas
1445 578 1683 635 festucam‘1

109 655 162 698 de
191 655 310 698 oculo
338 654 499 711 fratris
537 656 601 698 tui
610 651 633 697 ¹.
685 653 793 697 Illud
834 668 999 710 quoque
1036 668 1234 710 rogamus
1276 655 1524 711 adtendere,
1571 656 1684 712 quod

108 727 327 778 Dominus·
347 731 408 774 ait
438 731 491 775 de
520 731 762 775 meretrice:
797 731 886 786 Qui
913 734 1003 775 eine
1017 742 1190 790 peccato
1213 742 1272 776 eet
1289 742 1483 786 vestium,
1511 736 1681 791 primus

107 803 278 853 ineam
299 811 444 853 *mittat
472 806 696 867 lapidem',
739 809 860 865 quasi
891 809 1047 853 dicat‘:
1092 810 1147 854 Si
1176 810 1243 854 lex
1272 811 1404 865 iubet,
1443 813 1483 854 ei
1512 813 1681 869 Moyses

107 886 395 940 iubet5'iubeo
427 875 590 944 et'eym
621 889 694 931 eed
724 896 982 945 conpetentee
1014 888 1115 944 leqie
1146 890 1360 931 ministros
1389 888 1544 946 eoeiyo‘.
1592 888 1682 932 Ad-

109 963 282 1008 tenditis
313 963 414 1020 quid
445 963 678 1020 adducatis,
711 964 926 1008 adtendite
958 977 1113 1020 quaeso
1145 967 1188 1008 et
1217 965 1329 1020 quod
1361 965 1482 1020 estis3
1516 967 1616 1022 quia
1645 967 1682 1009 si

109 1044 152 1085 te
179 1040 336 1098 ipsum,
366 1044 416 1085 ut
445 1041 506 1085 ait
526 1042 748 1099 scriptura,
781 1028 1065 1099 perspexeris,
1095 1041 1203 1085 nulli
1223 1055 1410 1098 unquam
1431 1043 1680 1087 detraxeris.

126 1113 152 1134 ⁶
229 1116 521 1174 Significatum
560 1122 624 1163 est
661 1120 789 1163 etiam
826 1119 949 1163 nobis
988 1120 1040 1163 de
1079 1118 1331 1176 quibusdam
1367 1134 1532 1177 eorum,
1571 1121 1682 1177 quod

108 1195 229 1240 tanta
255 1195 368 1253 apud
397 1209 443 1240 se
473 1197 758 1241 intumescant
789 1197 984 1253 elatione,
1014 1201 1062 1240 ut
1082 1211 1252 1252 gregem
1273 1196 1460 1254 Domini,
1491 1212 1568 1255 pro
1599 1212 1680 1255 quo

108 1272 208 1318 boni
237 1276 429 1330 pastores
451 1274 613 1318 animas
634 1288 719 1318 non
741 1275 937 1318 dubitant
956 1288 1125 1332 ponere,
1156 1275 1229 1319 isti
1249 1275 1493 1319 verberibus
1525 1269 1682 1332 absque

107 1351 272 1395 ratione
294 1349 577 1408 praesumant
604 1351 779 1396 laniare.
824 1351 1008 1404 Quorum
1041 1353 1237 1396 seviciam
1262 1357 1431 1396 sanctus
1453 1352 1681 1409 Gregorius

109 1427 335 1486 deplorans
359 1429 438 1473 ait:
473 1429 590 1484 Quid
597 1435 614 1459 ⁶
633 1431 711 1485 flet
740 1431 791 1473 de
823 1431 966 1473 ovibus
997 1429 1135 1486 inquit
1166 1432 1336 1487 quando
1362 1441 1557 1488 pastores
1590 1433 1685 1490 lupi

97 1503 259 1562 fiunt?
312 1505 395 1550 Sed
426 1507 520 1563 quis
550 1507 756 1563 vincitur,
795 1508 879 1550 nisi
917 1508 990 1564 qui
1031 1506 1164 1551 sevit?
1219 1507 1320 1559 Quis
1350 1522 1450 1552 vero
1486 1522 1681 1565 persecu·-

107 1586 222 1628 tores
251 1583 467 1640 iudicabit,
498 1585 583 1628 nisi
614 1585 686 1640 qui
717 1585 887 1628 dorsum
920 1598 1043 1628 suum
1075 1585 1128 1628 ad
1158 1584 1326 1641 flagella
1355 1586 1572 1643 pacienter
1601 1587 1680 1630 mi-

108 1660 334 1705 nistravit?
425 1661 562 1719 Opere
582 1663 771 1720 precium
793 1666 870 1718 est,
891 1666 939 1706 ut
959 1663 1184 1707 ostendant
1194 1663 1223 1719 ¹¹,
1251 1676 1332 1720 quo
1353 1664 1494 1707 fructu
1514 1667 1681 1708 tantum

109 1738 310 1783 ecclesiae
339 1738 420 1783 Dei
451 1740 695 1784 scandalum
725 1741 962 1796 inducatur,
993 1745 1158 1784 tantum
1188 1741 1323 1785 clerus
1346 1742 1591 1799 despectum
1614 1742 1682 1786 vel

109 1817 162 1861 ab
191 1817 297 1874 ipsis
329 1817 538 1875 episcopis
569 1818 636 1862 vel
668 1819 719 1862 ab
752 1832 896 1862 eorum
926 1818 1166 1862 infidelibus
1197 1819 1401 1876 paciatur.
1451 1819 1538 1863 Nec
1568 1820 1680 1863 enim

107 1892 299 1938 infideles
339 1908 411 1938 eos
442 1895 582 1940 dicere
613 1896 915 1951 dubitaverim,
957 1896 1008 1939 de
1039 1897 1191 1952 quibus
1224 1897 1456 1953 apostolusi
1489 1897 1597 1940 dixit
1628 1897 1681 1940 ad

110 1971 398 2016 Timotheum:
439 1973 494 2016 In
524 1976 764 2017 novissimis
795 1975 1049 2032 temporibus
1081 1975 1292 2018 discedent
1321 1976 1497 2032 quidam
1527 1992 1555 2018 a
1574 1977 1678 2030 fide,

109 2052 361 2094 attendentes
397 2051 616 2108 spiritibus
658 2055 813 2095 erroris
845 2061 884 2096 et
915 2053 1116 2096 doctrinis
1148 2055 1457 2106 demoniorum,
1497 2056 1544 2096 in
1572 2068 1680 2111 ypo-

111 2131 214 2173 cm'ai
242 2129 499 2186 loquentium
518 2131 776 2174 mendatium
808 2139 845 2173 et
866 2132 1140 2174 cauteriatam
1160 2131 1398 2174 habentium
1428 2147 1550 2174 suam
1580 2147 1679 2174 oon-

109 2209 339 2260 seientiam,
370 2207 681 2264 prohibentium
712 2207 865 2250 nubere
875 2204 903 2249 ⁴.

229 2283 309 2327 Hic
339 2287 405 2328 est
435 2287 598 2339 autem„
623 2285 659 2328 si
680 2284 903 2339 diligenter
933 2284 1193 2341 inspiciturk,
1225 2285 1355 2328 totius
1377 2298 1521 2328 eorum
1544 2286 1680 2329 mani-

109 2360 235 2418 pulus
257 2361 446 2405 zizaniae
455 2361 476 2417 ¹,
507 2362 638 2405 totius
660 2365 834 2405 eventus
851 2362 1100 2405 vesaniaem:
1133 2365 1181 2405 ut
1202 2387 1256 2392 --
1276 2362 1376 2406 dum
1399 2362 1540 2406 clerici
1563 2362 1686 2408 licita

109 2439 234 2483 unius
264 2439 409 2483 uxoris
441 2440 655 2495 coniugia,
697 2439 858 2483 scilicet
886 2439 1011 2482 unius
1042 2439 1231 2483 mulieris
1264 2441 1495 2495 consortia,
1536 2441 1680 2498 phari-

111 2528 236 2573 sayco
268 2512 421 2561 devicti
450 2517 614 2572 furore,
648 2518 766 2573 quod
789 2518 921 2573 absit,
959 2517 1196 2573 relinquere
1226 2522 1431 2576 cogantur
1463 2542 1517 2548 —
1549 2519 1680 2562 forui-

111 2597 273 2638 catores
305 2597 348 2638 et
378 2594 558 2638 adulteri
580 2598 622 2638 et
643 2595 818 2638 aliarum
843 2595 1100 2651 pravitatum
1121 2595 1358 2652 turpissimi
1378 2596 1563 2639 ministri
1584 2609 1679 2639 cum

204 2710 231 2731 a.
263 2701 469 2731 ministramus
492 2701 528 2731 L.
654 2701 684 2731 b.
716 2711 844 2740 namque
867 2701 903 2731 L.
1030 2711 1055 2731 c.
1090 2702 1120 2731 et
1141 2702 1309 2741 perspicies
1327 2702 1385 2733 VZ.
1511 2702 1541 2732 d.
1573 2712 1629 2733 om.
1648 2703 1679 2733 V.

112 2762 140 2784 e.
171 2753 287 2784 diceret
307 2753 345 2784 L.
448 2754 469 2784 f.
502 2754 580 2792 eligo
604 2753 641 2784 L.
747 2764 775 2792 g.
808 2754 866 2791 Qui
886 2754 915 2784 V.
1020 2754 1052 2784 h.
1084 2755 1209 2785 audiant
1230 2755 1264 2786 Z.
1368 2757 1389 2786 i.
1422 2756 1533 2787 Paulus
1556 2755 1627 2786 add.
1643 2756 1679 2786 L.

111 2805 141 2836 k.
173 2806 324 2845 inspicitis
346 2807 383 2838 L.
487 2807 507 2838 l.
541 2808 725 2838 zizaniorum
744 2808 774 2838 V.
880 2817 920 2837 m.
951 2808 1087 2838 insaniae
1109 2808 1144 2845 Z,
1168 2809 1303 2839 virentus
1325 2810 1458 2842 zizaniae
1481 2809 1518 2840 L.

208 2871 240 2905 1.
266 2870 393 2906 Matth.
408 2871 440 2916 7,
459 2871 492 2906 5.
590 2872 624 2906 2.
650 2870 726 2906 Ioh.
745 2871 779 2915 8,
795 2872 827 2906 7.
925 2871 959 2906 3.
987 2869 1023 2907 S.
1039 2870 1206 2918 Gregorii
1228 2871 1376 2908 homilia
1394 2874 1437 2909 17
1458 2883 1488 2909 c.
1506 2873 1561 2918 14,
1587 2873 1679 2918 Opp.
1727 2881 1729 2883 ’

112 2927 170 2964 ed.
188 2928 417 2964 Benedictini
441 2930 519 2965 Τ.Ι
543 2941 579 2975 p.
600 2929 712 2965 1503:
747 2929 862 2975 „quid
887 2929 934 2965 de
959 2930 1132 2976 gregibus
1157 2934 1304 2977 agatur,
1337 2932 1485 2978 quando
1511 2935 1679 2977 pastores

111 2987 187 3035 lupi
212 2986 350 3024 fiunt?“
472 2989 505 3024 4.
535 2990 553 3026 1
572 2989 730 3024 Timoth.
748 2990 782 3036 4,
812 2989 919 3025 1-3.
