2028 3438
263 379 354 414 1105

248 437 274 458 o.
287 429 364 466 Aug.

391 251 479 294 234
850 263 1070 294 UDALRICI
1100 262 1268 294 connx.
1319 260 1396 294 122.
1416 259 1483 294 123

390 370 435 413 in
466 383 568 426 pace
606 369 695 413 sive
733 369 778 412 in
817 369 1024 426 periculo,
1072 372 1114 413 et
1150 368 1346 412 fiduciam
1383 368 1539 412 habeas
1580 368 1625 411 in
1665 368 1952 426 omnipotente

390 447 585 502 Domin0,
619 447 728 502 quod
759 446 975 490 nobiScum
1009 447 1091 490 cito
1122 460 1147 489 a
1176 446 1390 503 praesenti
1418 445 1664 489 liberaberis
1694 444 1895 502 periculo.

511 523 628 567 Sicut
658 537 756 578 ergo
789 524 840 567 de
869 527 913 567 te
945 522 1190 567 confidimus
1212 526 1254 566 et
1273 536 1350 579 per
1370 522 1571 565 nuncium
1593 526 1713 566 tuum
1733 522 1812 566 tibi
1831 534 1951 566 man-

391 601 597 656 davimus,
621 601 675 644 ad
695 601 803 644 diem
828 604 870 644 et
888 600 1040 655 locum,
1063 613 1184 655 quem
1208 599 1484 654 condiximuS,
1507 600 1651 643 venire
1671 612 1756 643 non
1771 599 1948 644 dubites.

250 1533 341 1568 1105

257 1583 325 1611 ante

223 1623 307 1662 Sept.
324 1623 361 1653 29

508 678 642 733 Igitur
671 691 748 734 per
776 677 916 732 fidem,
949 691 1074 732 quam
1104 677 1225 720 nobis
1258 676 1397 731 debes,
1428 689 1563 732 neque
1590 676 1786 733 precibus
1815 688 1951 733 neque

390 755 516 798 minis
549 755 826 811 aliquatinus‘¹
857 755 1078 809 terrearis,
1114 757 1162 797 ut
1193 753 1246 797 ad
1275 753 1406 796 filium
1437 757 1630 796 nostrum
1666 753 1949 798 transferaris.

389 832 447 875 Et
478 832 528 875 ab
561 832 675 874 omni
706 831 882 875 ecclesia
913 834 1036 887 atque
1067 845 1143 887 per
1175 844 1317 874 omnes
1358 831 1701 885 congregationes
1729 831 1809 875 tibi
1826 833 1950 875 'com—

389 909 540 952 missas
573 910 782 952 orationes
816 909 906 952 sine
936 908 1245 952 intermissione
1266 908 1333 951 fac
1354 907 1446 951 fieri
1468 908 1520 950 ad
1540 907 1677 951 Deum
1706 921 1784 965 pro
1811 908 1947 952 nobis.

510 986 702 1029 Castrum
736 987 862 1029 etiam
894 989 1014 1028 tuum
1044 986 1105 1028 ita
1137 985 1357 1040 diligenter
1382 985 1584 1028 custodiri
1613 985 1758 1042 facias,
1788 999 1846 1030 ne
1873 985 1950 1029 ali-

392 1063 484 1119 quis
516 1077 567 1107 ex
598 1064 839 1107 custodibus
872 1064 924 1106 ab
956 1076 1003 1106 eo
1036 1063 1272 1107 descendat.

508 1140 712 1183 Nuntium
744 1141 870 1184 etiam
901 1144 1020 1183 tuum
1042 1140 1093 1183 ad
1117 1140 1390 1184 consolandos
1412 1141 1556 1184 mittas
1577 1140 1947 1196 Nurinbergenses.

395 1358 508 1405 123.
538 1361 783 1416 Moqzmtim·
810 1360 1058 1402 Heinricum
1078 1360 1153 1403 IV
1176 1362 1469 1417 imperatorem
1498 1360 1751 1417 implorant,
1774 1369 1822 1404 ut
1849 1361 1947 1404 Mo-

534 1439 707 1494 quntiae
737 1438 836 1480 urbi
864 1438 916 1480 ab
948 1439 1131 1480 inimicis
1165 1439 1373 1494 appetitae
1403 1436 1655 1481 subveniatb.
1765 1435 1816 1491 (E
1843 1437 1946 1490 213)

508 1525 689 1569 Domino
722 1539 796 1568 suo
829 1528 871 1569 et
900 1539 997 1569 vere
1029 1526 1196 1568 domino
1234 1526 1504 1568 dilectissimo
1535 1525 1766 1580 H(einrico)
1795 1525 1948 1569 Roma-

389 1616 539 1645 norum
570 1590 816 1659 imperatori
848 1606 1023 1657 augusto
1054 1602 1359 1658 Moguntiensis
1399 1603 1599 1646 ecclesiae
1628 1603 1806 1646 humiles
1837 1603 1949 1647 servi

388 1679 434 1723 F.
468 1680 743 1734 camerarius,
779 1680 831 1722 A.
860 1681 1069 1735 centurio,
1109 1693 1203 1723 cum
1234 1680 1441 1723 universis
1473 1680 1677 1723 ministris
1709 1693 1758 1724 ac
1787 1680 1946 1724 civibus

387 1757 493 1801 inibi
522 1757 801 1812 manentibus,
835 1757 1032 1812 quiequid
1062 1756 1195 1799 fidelis
1219 1758 1351 1800 oratio
1372 1757 1486 1800 valet
1509 1771 1557 1800 ac
1578 1757 1729 1801 devota
1752 1757 1944 1801 servitus.

506 1834 712 1885 Quoniam
742 1834 823 1878 huc
852 1848 984 1890 usque
1016 1834 1068 1877 ad
1100 1847 1266 1877 omnem
1297 1835 1466 1891 imperii
1496 1835 1558 1877 tui
1591 1835 1790 1878 honorem
1823 1835 1946 1878 devo-

387 1912 542 1955 tissimi
562 1915 688 1967 atque
708 1911 1014 1967 aliquantulum
1036 1911 1220 1955 valentes
1243 1912 1472 1966 extitimus,
1494 1912 1539 1954 in
1559 1911 1640 1955 Dei
1661 1912 1947 1956 misericordia

389 1992 431 2032 et
460 1990 504 2032 in
535 1990 597 2032 tui
628 1989 827 2032 consistet
849 1989 999 2043 gratia,
1032 1988 1068 2031 si
1091 1988 1190 2044 quid
1212 1988 1408 2045 deinceps
1430 1989 1497 2032 vel
1519 1989 1572 2032 ad
1593 1992 1689 2033 tuae
1713 1990 1944 2033 maiestatis

389 2066 685 2110 exaltationem
717 2066 784 2110 vel
815 2066 868 2109 ad
899 2066 1095 2122 propriae
1126 2066 1236 2109 vitae
1267 2066 1491 2109 utilitatem
1523 2066 1765 2110 valebimus.

505 2144 721 2187 Veraciter
752 2144 863 2187 enim
894 2143 1078 2186 innotuit
1106 2143 1248 2186 nobis:
1281 2143 1391 2199 quod
1424 2157 1475 2186 ex
1506 2147 1682 2199 utraque
1705 2146 1849 2200 parte⁰
1879 2143 1944 2187 in-

386 2221 503 2264 imici
533 2221 595 2264 tui
627 2234 675 2264 ac
704 2221 838 2264 nostri
876 2220 1190 2276 expedicionem
1230 2223 1377 2263 contra
1414 2221 1625 2264 civitatem
1662 2225 1850 2264 nostram
1879 2221 1944 2264 in-

388 2298 604 2352 dixerunt3
653 2312 705 2341 ex
743 2312 828 2341 una
867 2297 1060 2341 videlicet
1098 2311 1173 2340 rex
1213 2297 1323 2340 filius
1369 2301 1465 2341 tuus
1505 2311 1599 2350 cum
1639 2297 1862 2353 Thuringis
1903 2301 1944 2342 et

388 2374 644 2429 Saxonibus;
680 2389 732 2418 ex
764 2375 897 2418 altera
927 2388 1024 2418 vero
1057 2374 1256 2430 episcopi,
1288 2371 1510 2417 Metensis¹
1540 2375 1700 2418 scilicet
1730 2379 1772 2419 et
1791 2375 1943 2419 Virdu-

386 2449 564 2507 nensis²,
603 2453 687 2495 dux
717 2452 788 2495 N.‘¹
820 2455 881 2495 et⁰
913 2452 999 2494 dux
1029 2451 1096 2506 N.,
1129 2464 1266 2494 comes
1299 2452 1424 2494 etiam
1455 2451 1507 2494 H.
1541 2452 1704 2495 comitis
1737 2452 1784 2496 Ο.
1817 2451 1940 2496 filius.

385 2529 441 2572 Hi
473 2543 639 2583 omnes,
681 2532 728 2572 ut
758 2529 975 2573 verissime
1006 2529 1243 2571 nuntiatum
1277 2532 1340 2571 est
1376 2528 1519 2584 nobis,
1558 2529 1854 2573 condixerunt:
1895 2533 1943 2573 ut

385 2606 430 2649 in
449 2607 642 2662 proximo
663 2607 770 2649 festo
793 2606 925 2649 sancti
946 2605 1160 2648 Michaelis
1169 2602 1197 2660 ³,
1231 2605 1295 2648 vel
1318 2608 1414 2648 ante
1436 2606 1469 2647 si
1500 2607 1675 2661 possint,
1708 2620 1801 2650 cum
1822 2608 1941 2662 gravi

384 2683 652 2726 multitudine
682 2684 893 2726 civitatem
925 2686 1112 2725 nostram
1144 2682 1346 2725 invadant
1367 2685 1408 2724 et
1430 2686 1575 2725 contra
1602 2683 1801 2727 honorem
1821 2687 1940 2727 tuum

384 2760 702 2803 Ruodhardum‘
733 2761 975 2816 episcopum
1005 2760 1050 2802 in
1081 2759 1319 2803 cathedram
1352 2759 1566 2802 reducant.

477 2882 503 2902 a.
534 2872 723 2911 aliquatenus
749 2871 810 2902 CB.
964 2872 993 2901 b.
1024 2882 1063 2902 ex
1085 2873 1111 2903 V
1129 2872 1312 2908 yon—91,
1342 2870 1372 2900 Ζ
1389 2881 1423 2910 p.
1436 2872 1640 2903 192—193.
1775 2881 1801 2903 c.
1832 2882 1889 2903 om.
1908 2873 1938 2903 V.

389 2931 418 2961 d.
448 2930 485 2961 H.
503 2931 534 2961 V.
658 2940 684 2960 e.
719 2932 749 2960 et
770 2931 829 2961 dux
850 2931 887 2960 N.
909 2940 965 2961 om.
980 2931 1011 2962 V.
1134 2931 1155 2961 f.
1186 2918 1351 2961 naamam
1372 2930 1407 2960 Ζ.

481 3001 512 3035 1.
539 2998 722 3035 Adalbero
747 3000 809 3036 IV.
930 3002 963 3036 2.
988 2999 1175 3036 Richerus.
1295 3000 1329 3036 3.
1354 2999 1453 3045 Sept.
1474 3000 1530 3035 29.
