2028 3438
592 233 815 265 nmmum
845 232 1016 265 coonx.
1036 255 1038 257 v
1064 231 1134 264 260
1564 221 1653 265 445

74 341 136 383 1⁶02
145 338 342 396 *ponem
373 342 417 383 et
444 339 694 397 imperium,
731 343 944 395 tamquam
978 339 1137 383 iustum
1169 342 1211 382 et
1241 339 1557 383 misericordem
1588 340 1653 383 iu—

79 414 350 474 (ἰίιςςιιιιψὺιῗνοιτΔ
369 414 497 474 quem
512 417 803 474 sperabamus
832 429 1084 474 recuperare
1114 417 1186 460 diu
1217 417 1427 474 perditam
1460 430 1622 474 pacem.

75 496 111 530 ΗΞ
157 525 164 530 -
198 492 501 538 Praemissis
525 493 668 551 itaque
697 494 842 538 multis
873 498 916 539 et
944 495 1111 550 magnis
1143 494 1343 538 ecclesiae
1373 498 1544 538 nostrae
1574 495 1654 538 mi-

74 570 486 628 currisset-iniuriis,
517 585 650 616 unum
681 572 943 616 solummodo
974 572 1224 628 sacrilegum
1249 572 1381 615 nefas
1408 572 1653 616 inauribus

71 646 374 705 >dumni2iv'egis
412 653 455 694 et
491 651 754 708 principum,
795 650 866 706 qui
903 651 1100 706 aderant,
1138 649 1391 694 lacrimabili
1423 663 1524 694 voce
1555 664 1652 694 con-

67 724 411 783 questilzsnmus,
444 728 555 784 quod
587 728 764 783 contigit
795 732 892 771 ante
922 728 1151 771 adventum
1181 728 1294 783 regis
1323 727 1468 784 paucis
1491 727 1650 771 diebus.

78 800 171 849 Hoc
199 804 429 860 videlicet„¹
457 805 569 860 quod
600 805 713 849 cives
744 805 879 849 nostri
911 806 1082 862 quidam
1103 806 1308 849 exierant
1340 820 1365 849 a
1395 805 1539 860 nobis,
1581 805 1653 861 qui

70 885 319 931 ‘nunu-erant
346 879 400 927 ex
428 882 566 939 nobis,
602 883 746 927 semen
776 896 972 939 nequam,
1004 883 1081 926 filii
1113 883 1305 928 scelerati
1319 880 1342 938 ¹,
1375 884 1447 939 qui
1477 883 1522 926 in
1554 897 1653 927 con—

72 959 208 1007 ductu
244 963 397 1004 nostro¹
429 973 479 1004 ac
510 961 602 1010 *fere
637 961 682 1004 in
713 962 956 1018 praesentia
984 965 1131 1005 nostra
1162 961 1450 1019 spoliaverant
1479 962 1652 1018 Aquen-

79 1051 169 1082 sem
207 1036 476 1096 episcopum'
508 1039 764 1096 apostolicae
796 1040 908 1082 sedis
939 1039 1149 1095 legatum,
1192 1054 1266 1096 per
1297 1053 1374 1083 nos
1407 1039 1460 1083 ad
1491 1041 1651 1083 curiam

77 1115 525 1171 registi-anscuntem.
590 1116 727 1174 Super
758 1117 844 1173 his,
883 1118 1080 1173 inquam,
1117 1118 1231 1161 omni
1262 1118 1404 1161 curiae
1435 1118 1651 1174 conquesti

75 1196 236 1237 ‘summi
251 1193 562 1251 iusticiamque,
592 1209 722 1250 regno
753 1198 795 1239 et
815 1195 1016 1239 ecclesiae
1039 1195 1239 1252 debitam,
1271 1195 1487 1239 humiliter
1507 1199 1653 1252 postu-

73 1268 271 1321 lavimus,

89 1361 105 1380 ‘¹
128 1376 145 1386 ·=
197 1348 311 1393 Dum
334 1364 449 1405 ¹ergo
487 1350 702 1407 principes
740 1351 785 1393 in
821 1351 899 1394 hoc
931 1355 1071 1395 essent
1102 1355 1145 1395 et
1175 1350 1396 1395 consilium
1428 1365 1555 1408 super
1586 1350 1651 1394 his

77 1431 292 1485 caperent,
324 1431 425 1471 orta
448 1431 514 1472 est
543 1428 812 1472 machinante
844 1429 1010 1473 diabolo
1044 1429 1181 1473 subito
1213 1429 1324 1473 inter
1355 1429 1584 1474 vendentes
1612 1433 1654 1473 et

78 1508 280 1555 ementes>
299 1504 480 1562 quedam
505 1519 589 1564 >pro
621 1506 696 1550 vili
727 1520 856 1550 causa
886 1521 1021 1564 parva
1051 1508 1239 1564 primum
1271 1507 1427 1550 sedicio
1459 1521 1536 1564 per
1560 1520 1652 1550 scu-

71 1580 232 1627 fflrios·
251 1583 366 1639 regis
390 1584 437 1627 in
456 1584 672 1628 suburbio.
719 1584 884 1629 Deinde
905 1585 1065 1629 clamor
1084 1586 1234 1641 ingens
1254 1585 1431 1640 tollitur,
1463 1585 1652 1629 forenses

72 1658 317 1719 {campanae
343 1660 581 1720 pulsantur,
613 1667 870 1707 concurrunt
899 1664 1026 1719 cives,
1059 1663 1315 1707 conveniunt
1343 1663 1456 1718 regis
1480 1663 1650 1707 milites.

83 1738 281 1784 Universi'
307 1739 361 1784 ad
387 1754 576 1798 pugnam
598 1741 814 1797 festinant,
847 1742 1033 1786 universi
1054 1756 1225 1786 causam
1248 1755 1414 1799 pugnae
1435 1741 1652 1797 ignorant3

78 1831 189 1862 nnus
218 1817 338 1873 illud,
370 1817 478 1862 alter
500 1818 615 1862 aliud
647 1820 858 1877 opinatur.
979 1820 1069 1864 Rex
1102 1820 1194 1877 ipse
1226 1833 1370 1864 necem
1404 1820 1484 1863 sibi
1514 1820 1653 1863 inten-

70 1893 173 1940 *tarr
192 1894 445 1954 suspicatur,
481 1897 858 1955 progrediturqueb
890 1898 943 1941 ad
975 1898 1132 1942 bellum
1163 1898 1376 1954 loricatus,
1408 1897 1541 1942 multo
1561 1897 1653 1952 „mi-

78 1973 388 2032 lite-stipatus.
437 1975 594 2020 Videns
627 1990 725 2032 ergo
757 1976 915 2020 milites
947 1980 990 2020 et
1019 1976 1318 2020 ministeriales
1351 1976 1552 2020 ecclesiae
1584 1989 1652 2019 co-

70 2048 587 2098 *r'ami'matriceecclfflia
617 2057 778 2102 stantes
810 2058 1009 2110 armatos,
1043 2055 1259 2098 existimat
1290 2068 1361 2098 eos
1393 2068 1444 2098 ex
1478 2054 1652 2098 consilio

80 2125 228 2174 contra
256 2131 403 2188 ipsum*
429 2136 718 2188 congregatos.
768 2132 862 2187 Qui,
895 2132 1007 2188 quod
1038 2146 1136 2177 vere
1168 2133 1346 2177 dicimus
1378 2133 1421 2175 in
1454 2132 1651 2187 Domino,

74 2221 134 2254 -ex
152 2209 272 2254 nulla
286 2210 598 2267 conspiratione
614 2214 761 2254 contra
776 2224 917 2266 regem
933 2211 1047 2253 facta
1063 2214 1364 2264 convenerant3
1389 2211 1463 2254 sed
1480 2214 1653 2268 propter

69 2287 305 2332 ·-tu‘multum
338 2288 485 2346 populi
515 2288 751 2332 inconsulte
782 2288 920 2332 subito
949 2292 1262 2344 concurrerant,
1294 2288 1529 2332 nescientes
1553 2288 1654 2345 quid

78 2365 287 2421 facerent,
326 2379 420 2411 cum
454 2370 496 2410 et
526 2367 608 2423 ipsi
641 2381 686 2410 se
716 2367 761 2410 in
792 2381 963 2410 manum
996 2366 1108 2422 regis
1140 2380 1192 2410 ex
1225 2366 1462 2422 aliquorum
1495 2366 1653 2410 machi-

74 2443 251 2490 natione
279 2444 460 2488 traditos
490 2444 729 2488 nullatenus
762 2444 1015 2488 dubitarent.

198 2522 291 2578 Ego
322 2523 492 2567 interim
521 2523 721 2578 indignus
753 2537 802 2567 ac
830 2522 918 2566 solo
941 2523 1110 2566 nomine
1133 2523 1370 2580 episcopus,
1401 2522 1556 2566 oblitus
1579 2536 1653 2566 an-

79 2595 231 2643 norum
260 2613 452 2644 meorum
484 2604 527 2645 et
557 2602 798 2656 senectutis,
831 2601 1039 2644 inmemor
1064 2601 1176 2644 vitae
1207 2604 1249 2644 et
1279 2601 1442 2656 mortis,
1476 2614 1653 2658 suspen-

74 2688 153 2723 ·sus
182 2678 299 2722 inter
319 2678 491 2723 brachia
511 2679 688 2722 duorum
711 2679 974 2722 solummodo
996 2678 1243 2722 clericorum
1264 2693 1469 2735 meorum,
1502 2679 1652 2723 ceteris

76 2755 226 2817 ‘fugam
264 2756 550 2813 capientibus,
591 2757 686 2800 misi
726 2771 792 2800 me
832 2757 874 2799 in
908 2756 1074 2799 turbam
1107 2757 1218 2800 inter
1248 2761 1472 2813 utramque
1505 2758 1651 2811 aciem,

79 2845 166 2877 non
197 2833 330 2891 clipeo
369 2839 580 2891 protectus
621 2839 694 2878 aut
724 2835 864 2890 galea,
906 2834 979 2878 sed
1011 2834 1142 2878 sacris
1173 2838 1338 2878 tantum
1370 2834 1557 2878 vestibus
1588 2835 1654 2877 in-

178 2943 206 2964 a.
238 2935 403 2965 scmtarios
427 2936 458 2966 V.
744 2936 773 2966 b.
808 2936 1001 2975 progreditur
1024 2936 1053 2966 V.

179 2999 211 3034 l.
237 2998 321 3034 lsai.
343 3001 373 3044 1,
399 3000 441 3035 4:
473 3000 623 3045 „semini
648 3010 817 3046 nequam,
844 2999 926 3035 filiis
952 3000 1173 3036 sceIeratis“.
1271 3002 1304 3036 2.
1332 3000 1509 3036 Azonem.

1690 365 1692 367 ’
1700 355 1715 388 1
1723 354 1790 389 132

1677 403 1753 440 Aug.
1766 404 1805 433 26

1676 1365 1752 1403 Aug.
1767 1365 1806 1395 28
