2028 3438
437 257 678 291 nnnnonm
708 256 952 288 0111100118.
1000 257 1088 287 Lm.
1112 257 1145 287 11
1175 254 1232 288 22.
1250 254 1296 288 23
1559 241 1646 286 765

74 365 426 414 sustentationem
464 364 717 421 sacerdotis,
764 366 886 421 pater
921 362 1264 418 liberalissimus,
1306 362 1415 405 sicut
1452 361 1646 405 omnibus
1672 369 1766 406 1124

75 443 263 494 eeclesiis
293 443 340 488 in
369 447 484 488 terra
505 442 580 488 illa
599 442 794 498 faciebat,
825 441 955 486 libros
977 440 1156 485 contulit
1177 443 1219 484 et
1238 439 1486 483 indumenta
1508 452 1646 483 sacer-

75 521 249 578 dotalia,
279 521 451 568 calicem
484 534 648 577 quoque
679 522 924 575 argenteum
956 532 1052 563 cum
1083 518 1234 562 ceteris
1265 516 1536 570 utensilibus;
1574 517 1646 560 de-

76 613 158 657 que
177 599 267 644 suis
286 598 575 645 sacerdotibus
595 612 740 654 unum,
774 597 846 655 qui
866 582 1071 655 populum
1090 597 1299 640 instruere
1320 598 1477 653 posset,
1509 594 1645 638 eidem

76 677 254 736 prefecit
283 677 469 723 ecclesie.

195 756 267 800 23.
315 755 422 800 Cum
459 754 537 799 hec
576 753 718 798 omnia
752 754 834 798 rite
865 756 1037 810 peracta
1067 755 1209 796 essent
1240 754 1282 796 et
1312 765 1396 795 non
1427 750 1562 794 solum
1595 749 1647 792 de
1711 747 1721 757 '

76 833 248 888 civitate
277 847 424 878 verum
467 833 593 878 etiam
633 832 686 875 de
724 845 822 875 rure
863 831 1041 888 populus
1080 830 1134 874 ad
1175 829 1394 874 ecclesiam
1433 829 1547 872 omni
1579 828 1647 871 die

77 911 336 967 conveniret,
366 915 410 959 et
438 911 550 955 diem
575 910 832 954 dominicum
855 908 1042 965 aliasque
1063 907 1382 965 solempnitates
1404 907 1553 950 devote
1575 906 1647 949 ob-

77 992 309 1046 servarent,
339 988 469 1033 vidua
498 989 678 1046 quedam
709 988 754 1031 in
784 1001 882 1031 rure
913 1001 998 1030 non
1023 986 1146 1042 longe
1167 1000 1192 1030 a
1213 986 1383 1029 civitate
1405 983 1647 1028 Caminensi

77 1067 197 1112 dives
234 1079 284 1112 ac
299 1117 302 1118 ⁷
318 1067 473 1112 nobilis
505 1066 649 1122 valde,
690 1066 921 1110 christiana
951 1065 1154 1120 religione
1187 1066 1450 1120 contempta,
1486 1062 1648 1119 patrios

78 1145 178 1191 deos
223 1158 270 1190 se
306 1144 443 1190 colere
478 1145 678 1201 nullaque
718 1144 937 1188 occasione
977 1142 1176 1186 vanitatis
1214 1155 1322 1185 nove
1362 1155 1387 1184 a
1426 1143 1649 1198 parentum

78 1237 249 1269 suorum
296 1223 430 1268 veteri
475 1223 704 1267 traditione
751 1221 962 1265 declinare
1008 1235 1053 1264 se
1091 1219 1198 1264 velle
1243 1219 1421 1263 dicebat.
1544 1218 1651 1261 Erat

79 1301 434 1352 autememultam
474 1301 634 1345 habens
671 1300 877 1344 familiam
917 1302 959 1343 et
988 1312 1072 1342 non
1104 1312 1234 1355 parve
1266 1297 1528 1341 auctoritatis
1561 1309 1651 1339 ma-

78 1383 223 1436 trona,
261 1383 470 1425 strennue¹
499 1393 648 1435 regens
689 1379 860 1422 domum
899 1391 1040 1431 suam3
1088 1380 1148 1432 et,
1190 1375 1301 1432 quod
1340 1375 1383 1418 in
1423 1374 1498 1418 illa
1538 1377 1652 1418 terra

78 1471 280 1513 magnum
310 1456 552 1513 videbatur,
591 1457 769 1500 maritus
802 1456 911 1510 eius,
950 1455 1049 1498 dum
1082 1454 1262 1510 viveret,
1295 1454 1340 1496 in
1370 1467 1493 1496 usum
1526 1451 1653 1495 satel-

78 1534 166 1580 licii
197 1535 263 1580 sui
283 1535 469 1591 ⁴triginta
500 1548 629 1591 equos
654 1548 750 1578 cum
773 1533 1055 1578 assessoribus
1078 1532 1164 1576 suis
1187 1531 1342 1576 habere
1363 1533 1651 1575 consueverat.

78 1612 302 1665 Fortitudo
333 1613 447 1658 enim
478 1617 521 1657 et
549 1612 740 1670 potentia
770 1611 975 1656 nobilium
1007 1614 1050 1654 et
1080 1611 1397 1667 capitaneorum
1423 1608 1652 1653 secundum

81 1691 248 1750 copiam
278 1691 346 1737 vel
375 1705 598 1735 numerum
632 1690 823 1735 estimari
846 1689 952 1733 solet
972 1689 1243 1733 caballorum.
1291 1688 1436 1731 Fortis
1458 1686 1655 1742 inquiunt

82 1779 121 1815 et
153 1779 302 1829 potem
340 1778 399 1814 eet
436 1786 486 1813 ac
517 1771 631 1813 dives
669 1770 762 1820 ille‚·
802 1777 862 1812 tot
899 1769 965 1811 vel
1000 1776 1060 1812 tot
1090 1776 1226 1825 potest
1263 1768 1413 1810 habere
1446 1765 1630 1808 caballos
1640 1780 1653 1814 ;

82 1848 227 1904 sieque
257 1847 401 1908 audito
431 1860 607 1891 numero
639 1846 912 1901 caballorum,
945 1859 1145 1889 numerus
1177 1845 1359 1888 militum
1389 1842 1652 1898 intelligitur.

82 1925 234 1970 Nullus
271 1925 383 1969 enim
423 1925 605 1968 militum
650 1928 790 1985 preter
828 1938 959 1967 unum
999 1923 1207 1967 caballum
1245 1923 1333 1966 illic
1368 1921 1524 1965 habere
1556 1933 1655 1963 con-

84 2004 241 2059 suevit3
281 2006 382 2048 sunt
418 2006 560 2047 autem
591 2002 734 2057 magni
767 2005 809 2046 et
838 2002 968 2045 fortes
1000 2001 1096 2057 equi
1127 2005 1238 2044 terre
1270 2000 1397 2043 illius.
1460 1999 1518 2042 Et
1547 2011 1655 2041 unus

85 2082 262 2139 quisque
294 2081 476 2125 militum
507 2081 598 2124 sine
630 2080 827 2124 scutifero
859 2079 1026 2135 militat,
1060 2079 1287 2122 manticam
1319 2091 1396 2135 per
1421 2091 1465 2120 se
1486 2079 1656 2131 gestans

85 2163 130 2205 et
165 2159 368 2217 elipeum,
409 2159 575 2215 agiliter
613 2158 716 2202 satis
756 2161 799 2202 et
839 2161 1038 2202 strennue
1079 2157 1139 2200 sic
1178 2156 1328 2199 militie
1368 2169 1442 2199 sue
1474 2153 1656 2198 officium

86 2244 331 2294 exequens·.
396 2236 485 2281 Soli
523 2239 665 2280 autem
705 2236 919 2293 principes
959 2239 1000 2279 et
1039 2234 1251 2292 capitanei
1288 2247 1370 2277 uno
1403 2236 1568 2276 tantum
1601 2256 1656 2262 —

86 2315 154 2360 vel
184 2315 222 2359 si
251 2314 431 2359 multum
462 2317 526 2359 est
546 2314 707 2358 duobus
730 2313 953 2358 clientibus
977 2338 1030 2342 —
1054 2312 1239 2357 contenti
1261 2314 1371 2355 sunt.
1480 2309 1655 2354 Factum

87 2395 153 2437 est
189 2406 288 2448 ergo
319 2393 363 2436 in
395 2407 479 2436 una
509 2393 578 2436 die
609 2391 820 2435 dominica
851 2395 1041 2448 tempore
1072 2390 1244 2445 messis,
1286 2388 1442 2446 populo
1475 2388 1658 2444 undique

14 2464 26 2479 ⁸
88 2471 142 2516 ad
172 2470 390 2516 eeclesiam
421 2473 690 2528 properante,
723 2469 887 2526 prefata
918 2473 1113 2512 matrona
1143 2481 1220 2511 nec
1251 2468 1346 2524 ipsa
1368 2466 1562 2510 veniebat
1582 2479 1659 2509 nec

89 2562 187 2594 81108
216 2548 384 2593 venire*
416 2547 707 2606 permittebat,
740 2547 814 2590 sed
845 2547 980 2602 magis
1012 2546 1275 2590 turbulenta:
1312 2546 1374 2588 Ite
1404 2545 1543 2600 inquit
1572 2560 1657 2587 me—

89 2629 160 2672 tite
196 2628 327 2670 michi
363 2642 488 2683 aqros
528 2641 652 2669 meos.
713 2625 805 2668 Hoc
845 2627 955 2668 enim
986 2626 1131 2668 utilius
1163 2633 1221 2668 est
1253 2639 1380 2680 quam
1411 2638 1562 2666 vacare
1592 2623 1661 2665 illi

89 2707 227 2749 nescio
266 2707 338 2748 cui
373 2719 479 2747 novo
511 2704 626 2756 Deo,
671 2718 792 2759 quem
823 2704 873 2746 de
904 2712 1017 2746 terra
1048 2718 1126 2745 sua
1155 2702 1275 2745 nobis
1307 2702 1430 2758 affert
1459 2701 1529 2744 ille
1564 2700 1658 2743 Otto

91 2783 449 2839 Babenberqemis
472 2783 703 2838 epiceopue.
740 2780 856 2834 Quid
875 2780 994 2823 nobis
1012 2780 1223 2822 camillo?
1253 2779 1475 2831 Videtisne,
1501 2786 1660 2834 quanta

91 2860 202 2904 bona
241 2869 279 2904 et
313 2868 492 2917 quantas
524 2860 696 2902 divitias
728 2858 846 2901 nobis
879 2859 1069 2900 dederint
1099 2858 1165 2899 dii
1192 2859 1347 2910 nostri,
1388 2859 1661 2913 ipsorumque

93 2937 288 2994 larqitate
318 2938 466 2995 opibus
498 2946 536 2980 et
562 2937 705 2993 qlorz'a
737 2935 1029 2991 omnibusque⁰
1053 2934 1173 2978 rebus
1194 2934 1482 2977 habundantes
1503 2948 1658 2975 eumue.

192 3040 218 3062 ι.
251 3034 434 3071 exequentes
456 3031 559 3062 NBR.
775 3029 804 3060 b.
838 3029 940 3060 venire
962 3028 1081 3059 addidi.
1296 3037 1321 3059 c.
1355 3028 1494 3058 omnibus
1517 3027 1557 3057 N.
