2028 3438
425 283 510 325 678
758 294 925 326 neoms
955 295 1062 326 vrrA
1093 294 1300 326 orroms.
1347 296 1433 326 mn.
1455 295 1507 325 111
1538 292 1654 327 18.19

307 412 396 446 1127
423 405 519 457 post
547 405 712 456 tergum
744 400 851 444 clam
883 402 1096 456 assistens,
1129 402 1217 444 eius
1246 401 1654 455 sanctumjverticem
1675 401 1886 446 francisca
1903 415 1976 445 an-

422 478 517 520 nisu
553 478 652 521 forti
692 478 886 534 appeciit.
945 477 1037 526 Sed¹
1059 478 1137 522 Dei
1178 481 1283 521 nutu
1318 478 1520 521 frustrato
1558 478 1664 534 ictu,
1699 477 1975 535 pontisifirmo

421 554 612 598 tabulatu
642 557 811 609 strat0⁸,
844 555 910 598 cui
940 558 1029 598 tum
1061 555 1168 598 forte
1200 555 1479 611 superstabat,
1508 555 1762 599 franciscam
1785 558 1976 599 tam-*va—

421 631 505 675 lide
535 630 686 686 infixit,
717 634 764 674 ut
792 630 1040 674 difficultas*
1074 631 1320 674 extrahendi
1345 644 1512 675 moram
1542 631 1778 688 percussori
1799 632 1973 676 inerat.
2011 665 2015 666 ν

542 708 607 758 19.
663 707 751 758 Quo
791 708 880 750 viso
922 707 1175 751 Adalbertus
1221 709 1451 764 interpres,
1499 709 1629 752 nimio
1674 712 1833 753 terrore
1870 722 1976 752 con-

418 797 578 839 cussuS,
611 784 836 840 perniciter
856 785 1102 828 franciscam
1126 785 1294 829 barbari
1313 785 1507 828 manibus
1529 785 1656 842 eripit
1677 789 1720 829 et
1739 785 1974 840 abscondit3

420 874 665 916 omnesque,
705 861 874 904 insolito
907 861 1077 905 horrore
1108 862 1369 916 circumfusi,
1406 861 1660 917 sacrilegum
1694 861 1907 918 invadunt*
1931 866 1977 907 et

419 941 596 981 mortem
629 938 667 980 ei
697 938 919 980 intentant.
985 937 1066 981 Sed
1107 939 1240 995 pietas
1273 938 1460 994 OttoniS,
1498 952 1551 982 ne
1582 938 1681 994 quid
1710 938 1975 983 malisthom'i-

421 1015 514 1057 cida
544 1015 743 1070 patiatur,
776 1014 944 1057 obsistit
975 1016 1096 1071 eique
1126 1015 1224 1058 licet
1253 1016 1424 1070 indigno
1456 1015 1586 1058 vitam
1617 1018 1660 1059 et
1689 1014 1864 1059 salntem
1886 1016 1975 1060 im-

419 1094 569 1147 petrat.
692 1090 946 1135 Adalbertus
978 1096 1131 1148 autem,
1164 1093 1208 1135 in
1237 1092 1432 1136 lacrimas
1464 1105 1686 1149 erumpens
1718 1095 1762 1136 et
1788 1096 1973 1138 montem

419 1168 553 1211 sancti
590 1167 803 1211 Michaelis
843 1167 1230 1223 Babenbergensem
1271 1170 1422 1213 devota
1457 1169 1734 1213 inclinatione->
1763 1168 1972 1213 salutans:

418 1246 502 1287 Hic
534 1244 593 1287 ait
627 1247 733 1287 ictus
770 1247 860 1287 sine
898 1247 1024 1289 dubio
1063 1248 1255 1303 precibus
1290 1247 1484 1302 fratrum
1522 1247 1685 1290 cenobii<
1719 1249 1855 1291 sancei
1884 1248 1972 1290 Mi-

419 1322 571 1364 chaelis
602 1338 629 1364 a
660 1323 827 1364 domino
868 1338 955 1365 ‘meo
995 1325 1188 1381 episcopo
1227 1325 1373 1366 divina
1412 1326 1663 1381 protectione
1697 1332 1763 1367 *eat
1786 1339 1970 1367 aversus.

421 1399 534 1452 Quia
565 1400 768 1442 barbarus
798 1401 897 1452 iste,
937 1402 1128 1443 naturali
1155 1403 1322 1457 iuqeuio
1355 1402 1527 1452 callens,
1560 1403 1621 1444 ita
1651 1402 1883 1458 saqittandi
1909 1402 1976 1444 vel

418 1492 546 1518 manu
571 1477 765 1531 feriendi
796 1479 955 1532 peritia
987 1486 1044 1520 est
1073 1479 1272 1531 imbutus,
1312 1487 1358 1521 ut
1389 1480 1511 1521 etiam
1542 1480 1713 1534 anquam·
1737 1478 1972 1534 foraminis

420 1554 557 1595 orbem
587 1568 672 1595 nou
697 1554 911 1608 frustrato
943 1556 1027 1596 ictu
1059 1563 1248 1611 oppetere
1277 1557 1473 1598 idoneus⁰
1505 1564 1615 1599 esset.

536 1629 610 1672 Illo
649 1629 802 1672 etenim
844 1632 1033 1686 tempore
1063 1644 1208 1686 preces
1240 1634 1282 1675 et
1312 1631 1639 1687 supplicationes
1670 1645 1834 1687 magne,
1862 1632 1974 1675 sicut

418 1711 459 1750 et
503 1719 688 1762 semper,
736 1706 848 1762 apud
888 1719 963 1751 nos
1009 1706 1164 1750 fiebant
1206 1721 1285 1763 pro
1332 1708 1601 1752 dilectissimo
1647 1713 1767 1765 patre
1805 1709 1970 1753 Ottone.

418 1783 497 1834 Qui
529 1796 603 1825 nos
635 1796 710 1839 pre
742 1782 835 1825 aliis
866 1783 1017 1826 mirum
1057 1784 1100 1826 in
1131 1785 1299 1827 modum
1333 1789 1539 1828 materno
1563 1786 1701 1842 potius
1734 1799 1860 1842 quam
1897 1799 1972 1843 pa-

418 1863 536 1903 terno
570 1859 720 1902 affectu
750 1859 903 1913 iugiter
940 1860 1081 1904 fovere
1119 1875 1203 1904 non
1242 1861 1384 1914 desiit3
1430 1862 1532 1906 adeo
1573 1866 1620 1906 ut
1657 1863 1835 1918 quadam
1867 1863 1970 1918 vice,

195 1947 395 1981 1125-1132
418 1950 535 1991 cum,
575 1936 628 1978 ad
666 1935 822 1978 curiale
859 1936 1110 1991 colloquium
1150 1951 1174 1980 a
1210 1939 1475 1982 serenissimo
1513 1953 1611 1994 rege
1640 1939 1838 1983 Lethario
1875 1953 1972 1983 evo-

417 2017 558 2067 catus,
599 2012 711 2069 apud
748 2012 1149 2068 Magdeburgensem
1180 2015 1325 2058 urbem
1357 2017 1540 2070 graviter
1570 2019 1801 2072 egrotaret,
1838 2017 1970 2060 ascito

417 2091 511 2133 dive
544 2090 746 2133 memorie
777 2089 1017 2133 Hermanno
1057 2091 1205 2134 abbate
1236 2096 1379 2135 nestro
1394 2090 1416 2147 ¹,
1456 2107 1531 2149 per
1562 2106 1684 2148 quem
1714 2099 1815 2137 tunc
1844 2093 1969 2137 etiam

416 2171 557 2223 preter
598 2167 681 2209 alia
719 2167 827 2209 dona
873 2171 1079 2210 trecentas
1124 2169 1243 2211 nobis
1282 2182 1444 2212 marcas
1483 2171 1737 2226 transmisit,
1777 2171 1828 2214 *in
1863 2170 1971 2214 hanc

416 2244 647 2299 lugubriter
680 2247 917 2299 erumperet
949 2257 1112 2287 vocem:
1151 2246 1185 2288 Ο
1209 2261 1334 2302 quam
1364 2248 1707 2304 incomparabilis
1736 2263 1801 2291 me
1820 2250 1971 2292 detinet

414 2324 605 2379 yemitus,
641 2323 754 2377 quod
782 2323 827 2363 iu
858 2322 936 2363 lzac
967 2323 1198 2377 eqritudine
1229 2332 1314 2365 tam
1346 2324 1466 2379 lonye
1493 2333 1672 2367 remotus
1702 2340 1794 2368 sum
1824 2342 1851 2368 a
1874 2326 1968 2368 dul-

418 2401 581 2442 cissimo
613 2400 881 2454 requietionis
912 2413 996 2440 mee
1028 2400 1130 2451 loco,
1163 2409 1297 2442 moute
1326 2401 1515 2444 videlieet
1544 2403 1707 2444 domini
1734 2411 1772 2445 et
1798 2405 1972 2459 patroni

417 2478 499 2518 mei
529 2477 638 2518 beati
657 2476 876 2518 Michaelis
907 2476 1169 2531 archanyeli5
1201 2477 1275 2518 ubi
1304 2479 1425 2519 corde
1455 2486 1492 2520 et
1514 2480 1653 2520 animo
1675 2480 1736 2521 ita
1754 2480 1871 2533 fiaeus
1901 2482 1968 2522 in-

418 2554 560 2605 hereo,
595 2561 662 2604 ut,
696 2561 791 2595 teste
821 2553 1030 2605 Domino,
1064 2555 1103 2595 si
1131 2554 1208 2595 hac
1238 2554 1342 2596 hora
1371 2555 1460 2596 illic
1486 2557 1647 2610 positus
1679 2571 1825 2609 essem,
1856 2557 1970 2599 mille

418 2644 581 2671 marcas
621 2630 716 2671 huic
754 2630 944 2683 beneficio
982 2645 1066 2672 uon
1104 2646 1386 2687 preponerem.
1537 2630 1644 2681 Quia
1681 2645 1778 2686 ergo
1817 2633 1968 2675 caritas

418 2706 549 2759 exigit
590 2706 828 2759 caritatem,
875 2706 1046 2761 speciali
1093 2707 1181 2749 eius
1223 2707 1355 2749 amori
1387 2730 1438 2736 —
1475 2707 1526 2750 de
1564 2708 1681 2751 cuius
1719 2708 1881 2764 capite,
1922 2713 1969 2751 ut

417 2781 626 2837 scriptura
657 2781 860 2836 loquitur,
901 2782 1037 2825 oleum
1067 2796 1151 2826 non
1183 2780 1369 2837 defecit²,
1406 2784 1449 2826 id
1481 2787 1544 2826 est
1572 2785 1712 2827 meriti
1743 2785 1831 2828 eius
1862 2786 1967 2828 cari-

513 2907 540 2927 a.
573 2899 665 2927 strate
692 2897 721 2928 C.
934 2900 964 2930 b.
992 2900 1169 2930 difficultate
1195 2899 1225 2930 C.
1438 2909 1463 2930 c.
1496 2901 1629 2931 odonens
1655 2900 1686 2931 0.

513 2961 545 2996 1.
572 2960 634 3005 qui
666 2960 756 2996 obiit
789 2961 847 2997 die
878 2963 923 2998 28
949 2962 1040 2998 Nov.
1062 2963 1162 2998 1147.
1202 2963 1246 2999 V.
1271 2963 1432 2998 Annales
1458 2963 1493 2999 S.
1518 2963 1701 2999 Michaelis
1731 2967 1769 2999 et
1798 2964 1903 3000 Necr.
1929 2962 1965 3000 S.

417 3017 522 3055 Mioh.
551 3028 661 3065 supra
683 3029 719 3065 p.
738 3020 807 3054 553
832 3022 870 3055 et
894 3021 973 3056 578.
1115 3022 1149 3057 2.
1173 3021 1293 3056 Eccle.
1311 3022 1344 3067 9,
1369 3022 1403 3057 8.
