2028 3438
405 247 492 290 520
783 258 1031 291 nrrs'ronffl
1062 258 1431 290 BAMBERGENSES.
1479 256 1536 290 25.
1552 255 1599 290 26

240 377 332 413 1122
404 365 534 410 libere
566 368 608 409 et
644 365 842 409 canonice
874 365 927 409 ad
957 365 1067 409 hunc
1097 366 1258 422 apicem
1300 364 1531 421 promovit,
1570 362 1859 425 misericordia
1887 378 1959 410 ve·-

179 426 391 466 postSept.23
406 447 494 487 stra
514 442 729 486 confirmet
760 446 802 486 et
824 442 1043 498 prohibeat
1067 456 1092 485 a
1110 441 1466 499 persequenciumv
1485 441 1674 485 iniuriis.⁴
1699 427 1848 485 Num&
1867 441 1957 486 eius

406 519 651 576 expulsione
688 520 748 562 ita
785 519 1010 562 suffocatur
1046 519 1218 562 libertas
1255 518 1423 573 eelesie,
1464 518 1574 573 quod
1603 517 1736 562 laicus
1760 516 1959 575 :quidam¹

407 597 540 640 adhuc
572 599 746 653 occupat
782 597 915 652 ipsius
954 596 1094 640 sedem
1134 600 1195 650 et,
1237 595 1477 652 dissipando
1516 595 1959 653 episcopatumgxipera

407 674 595 730 sequitur
627 677 668 716 et
699 673 897 727 destruit,
939 673 1010 729 qui
1041 671 1182 715 fideles
1214 675 1312 714 sunt
1348 671 1461 715 illius
1494 672 1662 727 eclesie;
1666 673 1668 675 ’
1695 675 1743 716 et
1766 671 1851 716 ‘iste
1881 675 1958 728 est,

407 751 478 807 qui
509 751 679 793 ultimus
711 750 897 793 omnium
930 749 1052 793 anulo
1085 752 1127 792 et
1158 748 1304 792 baculo
1325 749 1515 792 investiri
1535 762 1618 792 non
1646 748 1865 817 abhorruit
1882 748 1959 793 sub

405 828 497 885 ipso
531 827 704 875 articulo
738 826 1051 870 exterminande
1084 823 1561 869 excommunicationis&
1607 858 1609 860 μ
1676 849 1678 852 >

523 904 721 948 Preterea
749 917 978 948 memorem
1001 917 1091 947 esse
1113 903 1231 946 decet
1258 902 1522 946 clementiam
1543 906 1726 947 vestram
1757 903 1959 959 oninium,

408 982 478 1037 qui
509 995 585 1038 pro
618 982 792 1025 servicio
826 985 867 1025 et
897 981 1097 1024 fidelitate
1130 983 1271 1023 sancte
1302 979 1487 1023 Romane
1518 979 1667 1025 eclesie
1696 980 1960 1037 patrimoniis

408 1061 450 1102 et
479 1057 689 1102 beneficiis
722 1059 807 1101 suis
840 1058 975 1101 adhuc
1006 1058 1334 1114 proscribuntur.

526 1135 613 1187 Que
635 1135 792 1179 cartule
821 1135 1070 1192 perferenda
1090 1135 1372 1179 commisimus
1404 1137 1445 1178 et
1466 1134 1550 1178 alia
1577 1133 1805 1190 complura,
1828 1146 1960 1178 -verus

408 1213 522 1256 Deus
554 1213 692 1267 novit,
735 1226 859 1268 quam
893 1213 1179 1256 desideranter
1207 1212 1253 1255 in
1284 1212 1362 1255 hoc
1399 1215 1542 1255 sancto
1574 1208 1773 1255 concilio*
1804 1210 1962 1256 adw‘vos

406 1290 490 1346 ipsi
522 1289 852 1346 pertulissemus,
884 1290 967 1333 nisi
998 1289 1244 1344 egritudine,
1278 1292 1324 1332 ut
1353 1288 1560 1332 noverunt
1590 1288 1962 1345 cardinales,-*pre-⁴5

408 1367 646 1423 pediremur
678 1370 720 1410 et
749 1367 830 1409 nisi
849 1366 1023 1423 Alpium
1056 1367 1260 1423 asperitas
1293 1370 1334 1409 et
1364 1370 1427 1409 tot
1455 1366 1641 1411 locorum
1667 1365 1862 1421 angustie
1878 1366 1963 1409 vite

408 1444 653 1501 periculum,
687 1447 728 1487 et
758 1444 823 1487 his
853 1444 1051 1501 precipue
1072 1444 1217 1487 diebus
1238 1444 1373 1499 malis,
1405 1443 1526 1487 nobis
1546 1443 1830 1487 incussissent.
1868 1442 1962 1486 De-

409 1522 561 1565 siderio
594 1522 703 1565 enim
735 1521 910 1565 faciemb
938 1524 1122 1565 vestram
1153 1522 1294 1564 videre
1325 1520 1624 1577 desideramuS,
1656 1523 1879 1608 antequam
1909 1519 1962 1564 ab

411 1599 657 1643 alterutrum
691 1599 800 1642 viam
831 1599 1026 1643 universe
1057 1599 1194 1642 carnis
1225 1598 1521 1653 ingrediamur.
1578 1597 1582 1600 ’

414 1740 494 1787 26.
531 1742 785 1784 Adalbertus
807 1742 839 1784 I
861 1742 1198 1799 archiepiscopus
1221 1742 1494 1798 Moyuntinus
1514 1741 1870 1785 Helberstatemee
1897 1755 1962 1783 re-

527 1820 758 1875 prehendit,
783 1820 897 1876 quod
916 1834 958 1861 se
977 1819 1209 1861 inconsulto
1230 1819 1418 1862 Otconem
1439 1820 1678 1876 episcopum
1698 1819 1962 1861 creaverim&

259 1920 351 1955 1123
529 1907 783 1951 Adalbertus
823 1910 992 1951 sanctae
1021 1907 1262 1962 Mogontine
1301 1906 1449 1950 eclesie
1486 1906 1655 1950 humilis
1694 1906 1886 1950 minister
1923 1909 1966 1950 et

210 1970 282 2008 ¹³⁰⁵*
302 1969 389 1998 Febr·
413 1985 639 2042 apostolice
671 1985 780 2028 sedis
810 1984 972 2040 legatus
994 1985 1155 2028 dilectis
1179 1985 1221 2028 in
1243 1984 1422 2040 Christo,
1456 1984 1624 2040 quiquid
1649 1982 1757 2040 sunt,
1789 1983 1964 2028 Helber-

413 2062 620 2106 stadensis
661 2062 810 2106 eclesie
845 2062 1046 2106 fratribus
1085 2062 1302 2106 abbatibus
1343 2062 1568 2118 prepositis
1608 2061 1839 2118 ceterisque
1876 2064 1965 2104 tam

412 2140 640 2183 maioribus
672 2154 795 2195 quam
828 2140 1057 2183 minoribus
1090 2140 1283 2196 spiritum
1313 2139 1537 2194 cogitandi,
1569 2152 1648 2194 que
1677 2142 1794 2182 recta
1815 2141 1933 2182 sunt.

530 2217 594 2260 De
615 2220 749 2261 morte
769 2217 983 2260 karissimi
1011 2220 1052 2260 et
1072 2217 1321 2260 venerabilis
1342 2217 1485 2271 fratris
1506 2216 1652 2271 nostri,
1683 2215 1816 2273 patris
1838 2215 1965 2259 vestri

413 2294 640 2338 Reinhardi
682 2291 902 2351 episcopi⁴,
944 2297 1144 2350 quantum
1185 2293 1396 2337 doleamus
1438 2296 1479 2336 et
1518 2293 1792 2348 doluerimus,
1833 2292 1965 2336 omni—

415 2375 562 2429 potens
594 2372 708 2415 Deus
741 2371 868 2415 novit.
925 2371 984 2414 Et
1011 2372 1123 2428 ipse,
1164 2371 1234 2427 qui
1266 2374 1329 2414 est
1359 2371 1535 2425 veritas,
1575 2370 1694 2413 testis
1732 2373 1797 2413 est
1826 2369 1964 2425 nobis,

416 2462 538 2504 quam
572 2449 691 2504 'gravi
721 2462 796 2491 nos
828 2462 990 2491 merore
1022 2447 1226 2504 affecerit,
1259 2448 1368 2504 quod
1398 2451 1486 2490 tam
1518 2447 1654 2490 subito
1686 2446 1872 2490 sublatus
1903 2450 1967 2490 est

414 2526 549 2581 nobis,
583 2526 673 2582 qui⁰
705 2539 797 2569 cum
830 2525 1020 2582 personis
1053 2529 1093 2569 et
1125 2525 1284 2569 eclesiis
1314 2526 1469 2568 nostris
1501 2537 1629 2568 unum
1660 2537 1810 2581 corpus
1839 2523 1967 2567 fuerit

417 2606 459 2646 et
489 2603 627 2646 anima
658 2617 752 2646 una.

510 2718 536 2738 a.
569 2709 643 2738 Nam
667 2719 728 2739 non
751 2713 832 2739 certe
855 2708 974 2749 legitur.
1099 2708 1129 2738 b.
1160 2708 1266 2738 faciem
1288 2708 1394 2737 faciem
1416 2717 1440 2737 c.
1559 2716 1584 2737 c.
1617 2706 1779 2747 Descripsi
1799 2717 1837 2738 (ιω
1858 2707 1965 2737 Anna·

417 2762 505 2792 lisiae
530 2762 666 2791 samonis
694 2762 757 2792 cod.
781 2761 850 2792 bibl.
873 2762 943 2801 imp.
959 2761 1065 2791 Paris.
1083 2763 1183 2791 11861
1211 2760 1380 2801 (quondam
1403 2761 1434 2790 S.
1453 2759 1599 2790 Germani
1621 2759 1700 2797 440)
1721 2759 1784 2799 fol.
1798 2761 1884 2797 226,
1913 2759 1967 2790 ubi

415 2814 507 2844 rebus
530 2814 606 2844 anni
628 2815 711 2844 1123
734 2814 808 2845 haec
830 2815 960 2854 epistola
982 2814 1091 2845 addita
1114 2819 1165 2844 est.
1198 2814 1372 2844 Ediderimt
1393 2814 1537 2844 Marione
1559 2819 1586 2844 ec
1601 2813 1737 2844 Durand
1761 2812 1834 2844 Coll.
1849 2813 1868 2844 I
1889 2814 1965 2844 680.

417 2867 446 2897 d.
480 2867 583 2906 quiqui
606 2867 720 2906 scripsi
736 2878 797 2906 pro
819 2869 870 2906 qui
893 2866 956 2898 cod.
1082 2878 1107 2898 e.
1141 2868 1191 2906 qui
1212 2866 1326 2906 scripsi
1341 2877 1405 2906 pro
1428 2868 1457 2896 et
1479 2866 1542 2896 cod.

512 2938 543 2971 1.
571 2935 819 2972 Gebehardus.
893 2938 925 2972 2.
954 2936 1007 2973 Cf.
1022 2936 1232 2972 Ekkehardi
1251 2936 1482 2982 chron.1122‚
1500 2936 1594 2971 Mon.
1606 2935 1727 2971 Germ.
1742 2934 1804 2971 SS.
1816 2935 1867 2972 VI
1884 2935 1964 2971 258.

416 2996 449 3031 3.
475 2995 612 3031 Romae
629 2995 752 3031 habito
770 2999 925 3032 exeunte
944 3007 990 3032 m.
1004 2996 1133 3033 Martio
1150 3007 1182 3032 a.
1198 2996 1302 3032 1123.
1395 2996 1428 3031 4.
1455 2996 1517 3042 qui
1533 2994 1622 3031 obiit
1638 2994 1673 3031 d.
1688 2995 1732 3031 27
1745 2993 1964 3031 Febr.1123.
