2028 3438
230 396 349 433 1089?

239 775 331 810 1090

222 824 298 853 Nov.
311 824 352 853 24

376 268 459 311 156
804 286 806 288 ·
862 281 1080 313 UDALRICI
1110 281 1277 312 conssx.
1326 279 1382 313 76.
1401 279 1445 313 77

373 388 486 431 dicas
497 395 523 430 ⁰.
584 387 690 439 Quia
728 388 920 431 dominus
961 388 1069 441 eius,
1119 388 1189 444 qui
1225 387 1347 430 modo
1385 387 1520 430 idem¹³
1567 386 1811 432 beneficium
1842 388 1931 433 suat-

372 464 516 508 illicite
547 465 778 521 usurpavit,
808 465 942 520 nobis,
975 464 1074 508 dum
1105 465 1364 521 querimonia
1392 465 1490 508 inde
1521 468 1644 520 esset,
1671 465 1876 510 reddidit-
1910 469 1931 506 ’ἕ

378 605 458 651 77.
497 606 686 649 Urbanus
710 607 765 649 II
802 622 920 664 papa
961 605 1279 650 carnotensibus
1326 608 1494 650 Ivonem
1543 581 1787 665 epzscopubva.
1808 576 1866 656 Δα,
1885 622 1929 661 oe

492 693 772 727 consecratum
803 686 1092 727 commendaffl.
1603 716 1621 733 ψ,
1648 716 1650 718 ψ
1683 719 1711 734 v,
1741 683 1931 742 (3474)

492 771 685 816 Urbanus
717 772 937 828 episcopus
969 785 1113 815 servus
1145 785 1360 815 servorum
1391 772 1471 815 Dei
1502 772 1664 816 dilectis
1695 773 1747 816 in
1761 771 1931 818 Christo

374 849 471 892 filiis
510 839 619 892 clero
652 862 700 892 ac
738 849 893 906 populo
926 848 1173 892 Carnotensi
1206 849 1384 892 salutem
1421 853 1463 892 et
1500 849 1775 906 apostolicam
1804 849 1928 893 bene-

374 927 612 970 dictionem.
1837 979 1844 987 .

492 1003 577 1046 Nos
617 1003 803 1058 quidem,
842 1006 931 1045 tum
970 1016 1046 1058 pro
1086 1002 1233 1046 beatae
1263 1001 1420 1046 Mariae
1459 1016 1624 1060 semper
1654 1000 1827 1058 virginis
1854 992 1933 1049 del.

373 1080 541 1123 votione
588 1093 635 1123 ac
671 1080 906 1123 reverentia
943 1083 1033 1122 tum
1071 1093 1148 1136 pro
1197 1078 1320 1123 officii
1363 1081 1497 1123 nostri
1547 1079 1686 1123 debito
1731 1079 1929 1124 ecclesiae

375 1161 537 1200 vestrae
576 1157 842 1200 dilectionem
879 1157 1180 1213 protectionem
1227 1160 1268 1200 et
1312 1170 1454 1200 curam
1501 1156 1722 1213 specialius
1769 1157 1930 1214 impen-

375 1234 519 1277 dentes
570 1234 740 1289 eiu‘sque
786 1234 950 1276 labores
990 1234 1229 1288 diuturnos,
1275 1247 1377 1289 quos
1417 1248 1442 1277 a
1479 1233 1679 1278 Gaufrido
1720 1233 1929 1290 quondam

375 1312 568 1367 episcopo
600 1325 726 1368 passa
757 1314 834 1365 est,
865 1311 1137 1367 propensiore
1167 1312 1305 1354 animo
1327 1311 1645 1368 perpendentes,
1675 1311 1739 1355 rei
1753 1311 1930 1354 veritate

375 1389 529 1431 diutius
562 1391 685 1443 atque
716 1388 957 1442 diligentius
989 1392 1264 1444 pertractata,
1296 1388 1499 1443 largiente
1529 1388 1710 1431 Domino
1732 1388 1930 1432 'iusticiae

376 1465 663 1508 satisfecimus.
722 1464 882 1508 Bonam
927 1466 1070 1521 itaque
1109 1466 1238 1508 vestri
1280 1465 1410 1508 animi
1456 1465 1710 1508 voluntatem
1756 1470 1931 1521 praeve-

374 1543 535 1585 nientes
559 1555 606 1584 ac
628 1542 938 1598 subsequentes,
971 1543 1250 1586 venerabilem
1271 1543 1406 1585 virum
1428 1542 1599 1585 Ivonem
1624 1541 1930 1599 presbyterum,

376 1633 519 1675 quem,
560 1619 759 1662 Gaufrido
790 1633 866 1676 per
896 1633 972 1662 nos
1005 1620 1215 1677 deposito,
1254 1619 1454 1662 catholice
1485 1622 1617 1674 atque.
1639 1619 1836 1662 canonice
1866 1633 1931 1662 se·

375 1696 556 1739 cundum
586 1699 729 1739 nostra
760 1697 920 1757 monita
952 1697 1149 1752 elegistis,
1182 1710 1234 1740 ne
1266 1697 1376 1752 quod
1405 1696 1580 1739 ulterius
1609 1696 1688 1739 hac
1709 1696 1754 1739 in
1768 1701 1821 1740 >re
1842 1696 1930 1739 ‘im-

375 1773 660 1830 pedimentum
692 1776 844 1816 vestra
862 1768 1036 1816 ecclesia
1065 1777 1301 1830 pateretur,
1335 1773 1423 1815 sine
1453 1786 1596 1816 morae
1625 1773 1826 1828 longioris
1857 1773 1929 1817 ob-

376 1850 533 1893 staculo
566 1851 910 1893 consecravimus.
943 1850 1063 1893 Nunc
1094 1864 1188 1893 eum
1220 1850 1273 1893 ad
1304 1863 1375 1892 vos
1407 1850 1680 1904 remittentes,
1715 1853 1929 1906 tamquam

375 1928 487 1970 beati
509 1926 625 1970 Petri
655 1927 847 1970 manibus
880 1930 1178 1982 consecratum,
1212 1927 1322 1970 beati
1342 1926 1456 1970 Petri
1487 1927 1576 1969 vice
1605 1926 1703 1970 vosd
1731 1940 1928 1982 rogamus

376 2008 418 2048 et
456 2005 740 2048 obsecramus:
788 2005 982 2060 quatinus
1022 2018 1117 2047 eum
1155 2004 1331 2059 benigne
1370 2004 1664 2060 suscipientes,
1705 2003 1845 2047 debita
1882 2007 1930 2048 ut

374 2082 555 2139 pastoris
588 2082 696 2124 veri⁹
735 2082 969 2124 membrum
1010 2082 1245 2124 obedientia
1275 2081 1506 2134 honoretis3
1550 2080 1690 2123 debita
1728 2080 1929 2125 sollicita*

375 2160 485 2215 dine,
519 2172 624 2214 quae
655 2159 772 2202 vobis
800 2158 1126 2213 annunciaverit,
1160 2158 1400 2201 observetis.
1447 2157 1504 2200 Et
1532 2160 1580 2200 ut
1598 2157 1687 2201 Deo
1716 2157 1808 2214 ipse
1837 2157 1928 2214 pla-

375 2249 468 2279 cere
500 2240 541 2279 et
571 2239 618 2278 ut
648 2249 742 2279 eum
772 2249 849 2292 pro
879 2236 1030 2278 vestris
1052 2235 1189 2278 valeat
1220 2234 1457 2277 excessibus
1489 2234 1612 2289 digne
1634 2234 1926 2278 intercedendo

375 2313 563 2369 placare,
602 2325 675 2355 vos
714 2326 875 2368 quoque
913 2313 1078 2369 placere
1108 2312 1197 2355 Deo
1237 2312 1335 2355 totis
1372 2311 1656 2354 conaminibus
1692 2314 1926 2367 procurate.

377 2389 422 2432 Si
461 2390 572 2433 enim
607 2389 696 2433 Deo
735 2390 899 2445 placere
937 2390 1201 2444 studueritis,
1242 2392 1451 2445 pastorem
1490 2388 1636 2444 procul
1676 2387 1800 2431 dubio
1835 2387 1927 2431 Deo

375 2467 609 2523 placentem
646 2467 871 2521 habebitis,
911 2480 987 2509 nos
1027 2479 1190 2522 quoque
1220 2467 1264 2508 in
1304 2465 1452 2508 vestris
1492 2464 1843 2521 oportunitatibus
1875 2464 1927 2508 ad

377 2543 682 2587 exaudiendum
713 2547 882 2599 paratos
912 2544 1145 2587 invenietis.

495 2619 624 2662 Porro
667 2620 717 2662 de
756 2619 977 2675 Gaufrido,
1024 2620 1096 2675 qui
1133 2620 1222 2662 sine
1264 2619 1377 2662 omni
1416 2618 1652 2661 conditione
1689 2617 1843 2660 nostris
1881 2618 1927 2660 in

376 2696 567 2739 manibus
600 2696 886 2752 episcopatum
908 2697 1101 2752 reddidit,
1131 2696 1349 2750 indignum
1370 2709 1414 2738 se
1446 2693 1658 2751 patenter‘
1685 2707 1925 2749 agnoscenS,

376 2774 665 2831 praecepimus
703 2777 745 2816 et
773 2774 1075 2830 praecipimus:
1114 2787 1167 2816 ne
1198 2773 1291 2829 quis
1323 2772 1384 2816 ei‘3
1415 2771 1498 2814 ullo
1529 2771 1651 2814 modo
1684 2771 1737 2814 ad
1767 2772 1927 2828 episco-

470 2871 497 2892 a.
528 2862 689 2892 interdicat
710 2862 748 2891 B.
841 2862 870 2891 b.
900 2862 981 2891 idem
1004 2871 1060 2892 om.
1079 2861 1142 2893 CB.
1235 2870 1259 2891 c.
1292 2870 1330 2891 ex
1348 2861 1376 2891 V
1393 2861 1446 2896 82,
1470 2859 1632 2899 Zp.171.·
1659 2859 1837 2898 Epistola
1858 2859 1925 2889 Ur-

377 2915 468 2945 bani
499 2924 637 2954 papae,
671 2914 733 2953 qui
761 2915 955 2944 successit
982 2914 1233 2945 Hiltebrando
1265 2913 1447 2951 (Hilbrando
1467 2912 1524 2950 V),
1553 2913 1830 2951 superpositus
1849 2911 1925 2942 Wi-

378 2968 489 2997 berto
519 2966 688 3004 (Wicberto
707 2965 757 3003 V).
795 2966 906 2996 Edidit
931 2967 1047 2997 Fronto
1073 2967 1107 2997 in
1134 2966 1237 2997 lvonis
1268 2966 1342 3005 Opp.
1363 2966 1395 2996 T.
1412 2966 1449 2995 II
1465 2967 1491 2995 1.
1657 2966 1686 2994 d.
1719 2974 1773 2995 vos
1794 2974 1850 2995 om.
1868 2964 1925 2994 VZ.

380 3030 404 3050 e.
438 3020 501 3050 veri
522 3030 577 3050 om.
597 3019 653 3050 VZ.
756 3019 777 3048 f.
809 3028 864 3049 om.
883 3019 940 3049 VZ.
1043 3028 1070 3057 g.
1103 3029 1158 3049 om.
1178 3020 1207 3049 V.
