2028 3438
171 391 373 427 1103-1125

180 2083 380 2118 1111-1125

395 263 482 305 394
849 274 1068 304 nmmum
1099 273 1266 305 conssx.
1314 271 1394 304 221.
1412 270 1481 303 222

395 381 543 425 darum
574 381 806 436 gratiarum
826 380 1004 424 materia
1025 382 1106 434 est3
1140 393 1223 435 qua
1252 379 1297 422 in
1329 393 1375 423 re
1394 392 1471 422 nos
1493 391 1576 422 non
1606 379 1752 422 minus·
1770 378 1949 423 'illofs'ibi

395 459 609 514 obligavit,
643 458 740 514 quia
770 471 846 500 nos
876 458 922 500 in
951 457 1023 500 illo
1055 457 1238 500 donavit.

513 535 631 587 Quod
672 538 812 579 autem
851 535 1050 578 sanctitas
1088 537 1228 577 vestra
1267 532 1428 576 nullum
1468 546 1493 575 a
1527 531 1649 576 nobis
1659 539 1677 579 ’γ
1701 545 1950 594 resppnsum

393 612 544 669 recipit
575 626 700 668 super
729 612 896 667 litteris,
930 625 1033 667 quas
1065 611 1193 665 misit,
1225 610 1328 653 haec
1351 623 1476 653 causa
1497 611 1578 653 est:
1612 609 1827 664 quod,seis
1846 621 1950 667 11011-

395 689 491 732 dum
525 689 725 745 parvitati
755 692 923 732 nostrae
954 688 1278 744 repraesentatis
1311 690 1383 734 aut
1411 686 1554 742 lectis,
1590 673 1951 742 nescimus,'quid

395 769 679 823 competenter
724 765 1065 822 respondeamus.
1212 763 1302 807 Hoc
1345 766 1488 807 tamen
1532 748 1950 820 praetermittendum

394 843 514 886 nobis
536 828 620 886 non
644 846 720 897 est,
753 843 853 897 quin
874 842 991 885 vobis
1012 844 1157 884 notum
1186 841 1408 884 faciamus:
1443 840 1554 895 quod
1573 839 1636 898 1111
1656 838 1791 897 fratri,
1807 825 1950 901 vimmo

394 933 478 963 non
509 920 593 962 iam
623 920 758 974 fratri,
791 932 867 975 pro
891 932 970 975 quo
994 921 1133 962 vestra
1155 918 1355 960 sanctitas
1383 917 1640 960 intercedere
1670 919 1806 973 parat,
1836 915 1952 970 nulla

395 1010 567 1053 prorsus
598 997 752 1039 iniuria
782 996 893 1039 facta
915 998 989 1039 est.
1038 995 1125 1038 Nec
1146 995 1313 1038 credere
1334 994 1507 1049 debetiS,
1539 993 1650 1050 quod
1669 993 1843 1038 rationis
1863 996 1950 1037 tam

395 1074 542 1130 inopes
574 1077 646 1116 aut
675 1073 779 1116 recti
810 1077 896 1115 tam
930 1075 1122 1129 expertes
1155 1072 1299 1126 simus,
1331 1074 1378 1114 ut
1407 1084 1607 1126 umquam
1639 1070 1690 1114 de
1710 1069 1866 1133 medie,
1876 1082 1952 1127 110-

396 1150 471 1193 stri
492 1151 575 1193 nisi
597 1150 829 1193 eiciendum
853 1150 1092 1192 eiceremus.
1193 1148 1252 1191 At
1271 1149 1414 1191 forsan
1435 1147 1592 1192 dicitis:
1621 1131 1951 1202 transgressores

395 1227 564 1288 regulahe
585 1227 767 1281 regulari
789 1227 1011 1283 disciplina
1032 1226 1308 1269 cohercendos
1332 1228 1385 1280 et,
1407 1227 1454 1268 ut
1474 1224 1736 1281 resipiscant,
1760 1223 1952 1267 districta

397 1305 652 1348 correctione
690 1304 1045 1358 constringendos.
1101 1303 1230 1356 Quid,
1276 1302 1312 1345 si
1349 1301 1652 1356 incorrigibiles
1689 1285 1952 1347 exstiterint?

398 1381 518 1437 Quid,
552 1382 587 1424 si
619 1395 670 1424 ex
692 1382 863 1424 verbere
895 1381 1120 1424 deteriores
1151 1378 1282 1422 fiunt?
1323 1378 1471 1422 Nonne
1493 1378 1721 1423 consultius
1743 1380 1785 1421 et
1803 1376 1952 1432 melius

399 1462 474 1514 est,
514 1458 618 1502 tales
652 1458 882 1513 eliminare,
915 1471 1039 1513 quam
1077 1456 1346 1500 domesticam
1377 1459 1540 1513 pestem
1568 1456 1613 1498 in
1645 1455 1816 1506 exitium
1851 1454 1952 1502 alio-

398 1551 491 1579 rum
521 1536 707 1578 nutrire?
740 1535 945 1592 propheta
966 1535 1146 1577 dicente:
1182 1535 1357 1589 Auferte
1379 1535 1536 1576 malum
1557 1535 1606 1576 de
1625 1535 1760 1576 medio
1791 1534 1918 1576 vestri
1928 1529 1950 1574 ¹.

399 1613 553 1665 Quodsi
584 1626 721 1655 mores
754 1613 841 1655 eius
873 1612 979 1654 nulli
1016 1611 1254 1654 tolerabiles
1292 1611 1410 1653 vobis
1449 1610 1720 1664 referremus,
1765 1609 1952 1666 profecto

398 1691 518 1733 nobis
540 1690 903 1746 improperaretis:
927 1702 1003 1731 nos
1025 1688 1152 1731 talem
1175 1688 1216 1730 in
1241 1689 1479 1731 societatem
1503 1690 1688 1731 nostram
1707 1687 1952 1743 suscepisse,

399 1782 483 1811 non
516 1780 698 1811 01001880.

403 1909 519 1954 222.
550 1906 775 1973 Heinricus
807 1909 843 1951 V
870 1910 1100 1965 imperator
1129 1908 1338 1950 ecclesiam
1361 1907 1406 1950 S.
1425 1908 1547 1950 Petri
1566 1905 1953 1962 (Bamberqensem)

490 2028 493 2030 s
548 1985 825 2029 muneraturb.
1806 1982 1857 2034 (E
1881 1982 1953 2033 98)

459 2057 463 2061 f
520 2075 567 2118 In
598 2074 766 2117 nomine
798 2076 966 2117 sanctae
998 2076 1040 2116 et
1068 2073 1308 2116 individuae
1338 2072 1554 2115 trinitatis.
1607 2071 1862 2125 H(einricus)
1892 2070 1955 2113 dj-

403 2153 501 2195 vina
530 2152 696 2194 favente
727 2151 971 2194 clementia⁰
1003 2150 1284 2193 Romanorum
1323 2150 1552 2206 imperator
1588 2152 1801 2203 augustus.
1856 2148 1955 2191 Om-

402 2230 524 2273 nibus
556 2229 712 2272 Christi
742 2228 956 2283 nostrique
986 2227 1176 2270 fidelibus
1206 2230 1292 2269 tam
1324 2226 1475 2269 futuris
1508 2239 1631 2281 quam
1657 2225 1954 2282 'praesentibus

402 2310 547 2350 notum
568 2306 658 2349 fieri
679 2305 883 2356 volumus,
917 2304 1027 2360 quod
1047 2317 1122 2346 nos
1154 2316 1230 2359 pro
1251 2302 1331 2345 Dei
1359 2303 1510 2346 timore
1532 2303 1702 2357 eiusque
1725 2302 1819 2359 piae
1839 2302 1955 2356 geni-

404 2384 519 2427 tricis
551 2385 779 2440 perpetuae
810 2382 984 2436 virginis
1012 2381 1170 2424 Mariae
1201 2384 1243 2423 et
1273 2393 1347 2436 pro
1379 2380 1465 2422 cari
1494 2380 1627 2436 patris
1658 2378 1954 2422 nostrirfelicis

402 2461 630 2504 memoriae
651 2459 708 2506 H(
711 2459 871 2512 einrici)
905 2459 1068 2502 animae
1090 2457 1273 2500 remedio
1304 2457 1534 2512 matrisque
1555 2459 1724 2499 nostrae
1743 2455 1954 2509 B(erthae)

404 2539 499 2594 piae
530 2537 755 2580 memoriae
787 2536 1049 2593 parrochiam
1082 2534 1288 2590 quandam
1320 2547 1396 2589 pro
1428 2537 1539 2576 statu
1562 2533 1730 2589 imperii
1750 2533 1883 2576 nostri
1914 2535 1957 2575 et

405 2615 591 2671 corporis
622 2614 755 2656 nostri
795 2606 1039 2668 animaeque
1072 2612 1204 2655 salute
1244 2610 1441 2654 ecclesiae
1479 2610 1590 2653 beati
1625 2610 1740 2653 Petri
1779 2609 1954 2653 tradidi-

405 2705 517 2744 mus3
552 2705 600 2734 ea
622 2691 813 2734 videlicet
843 2690 1092 2744 conditione,
1124 2692 1172 2731 ut
1192 2688 1305 2731 omni
1330 2691 1518 2743 tempore
1548 2687 1634 2730 cari
1665 2687 1798 2743 patris
1821 2686 1955 2729 nostri

407 2769 714 2811 anniversarius
746 2768 834 2811 dies
865 2767 925 2810 ibi
955 2766 1221 2810 devotissime
1242 2764 1471 2808 celebretur
1503 2766 1544 2807 et
1574 2764 1743 2807 cottidie
1774 2763 1839 2806 sui
1867 2776 1955 2805 me-

409 2846 545 2888 moria
581 2844 795 2888 habeatur.
849 2845 905 2887 Ut
936 2846 1076 2887 autem
1114 2843 1192 2886 hoc
1230 2842 1281 2885 ab
1314 2841 1504 2884 omnibus
1537 2841 1730 2884 credatur
1768 2843 1811 2884 et
1841 2840 1955 2883 omni

502 2955 528 2974 a.
561 2954 578 2974 a
599 2945 686 2974 nobis
708 2954 763 2974 om.
778 2945 808 2975 V.
933 2945 962 2974 b.
995 2954 1032 2973 ex
1054 2944 1081 2973 V
1098 2944 1209 2973 37v—-
1219 2943 1271 2978 38,
1295 2942 1323 2971 Ζ
1337 2951 1369 2980 p.
1382 2942 1450 2971 157.
1575 2949 1600 2970 c.
1632 2950 1688 2970 om.
1703 2941 1733 2970 V.

502 3009 532 3044 1.
560 3008 666 3043 Deut.
688 3009 744 3053 21,
770 3008 826 3042 21.
