2028 3438
375 268 461 311 766
733 280 973 312 nummum
1002 280 1242 312 DIALOGUS.
1289 281 1376 311 Lm.
1398 281 1433 311 11
1462 279 1519 313 23.
1536 278 1583 312 24

256 395 348 430 1124
377 385 517 439 Quare
554 387 605 429 ab
643 401 785 430 eorum
822 372 984 430 cultam
1015 389 1242 440 discedere,
1283 401 1366 429 non
1407 387 1506 429 levis
1540 389 1702 430 iniuria
1733 391 1810 430 eet:
1849 386 1927 430 Ἧι·

374 465 525 519 iyitur,
572 465 680 506 sicut
718 466 829 517 dimi,
870 466 927 507 ad
963 466 1172 507 metendae
1210 472 1359 519 seqetes
1396 472 1584 515 nostras,-
1632 473 1669 507 et
1703 472 1758 507 ut·
1787 465 1926 507 minue

374 542 564 594 timeatis,
595 549 746 597 parate
769 542 897 583 michi
913 542 1166 590 velcieulum3
1199 555 1286 583 ecce
1306 555 1378 597 eqo
1400 542 1610 585 vobiscum
1629 543 1726 598 ipsa
1744 542 1791 584 in
1806 532 1924 584 ¹cam'-

372 632 449 673 pos
479 632 666 659 messura
696 619 951 660 descendam.
1005 617 1191 672 Cumque
1220 617 1263 660 in
1295 630 1442 672 agrum
1475 617 1686 661 venisset:v
1709 617 1835 671 Quod
1862 627 1927 660 me

373 693 510 748 inquit
533 694 683 749 facere
713 696 914 747 videritis,
950 709 1087 736 omnes
1118 695 1308 737 similiter
1325 695 1518 750 faciatis.
1572 693 1926 750 Moxque-rebra-

305 757 318 771 ⁹
373 770 523 812 chiatis
568 770 744 814 manicis
790 771 1081 826 succinctaque
1099 804 1101 807 .
1120 774 1255 825 veste,
1301 770 1449 814 falcem
1497 771 1670 814 dextera
1709 770 1924 828 corripuit,

374 849 532 890 stantes
564 860 662 890 vero
694 847 875 890 calamos
908 847 1078 890 sinistra
1108 851 1274 902 tenens,
1307 861 1447 891 secare
1476 848 1570 891 nisa
1601 851 1676 891 est.
1734 847 1817 891 Sed
1846 847 1926 891 mi-

372 937 463 966 rum
498 924 625 979 dictu,
659 924 794 966 subito
826 924 869 967 in
903 928 998 967 actu
1028 925 1134 980 ipso,
1157 928 1215 967 'ut
1246 928 1335 968 erat
1364 925 1544 979 inclinis,
1576 925 1731 968 misera
1754 923 1927 979 diriguit·

374 1004 415 1043 et
451 1001 569 1056 quasi
600 1002 821 1044 marmoris
854 1001 1011 1056 effigies
1041 1015 1118 1044 nec
1150 1005 1281 1046 semet
1311 1003 1447 1059 ipsam
1480 1003 1639 1057 erigere
1667 1014 1746 1045 nec
1767 1000 1924 1045 ‘falcem

374 1091 395 1120 e
426 1091 552 1120 manu
585 1078 796 1122 dimittere
823 1078 960 1135 potuit
980 1091 1057 1122 nec
1077 1083 1278 1134 segetem3
1312 1079 1386 1123 sed
1406 1082 1523 1122 muta
1544 1082 1586 1123 et
1603 1078 1732 1122 nichil
1751 1078 1926 1134 loquens

373 1155 521 1198 similis
554 1154 776 1198 simulacro
808 1155 959 1210 stabat,
991 1159 1154 1199 tantum
1185 1156 1352 1199 intuens
1383 1156 1592 1200 intuentes
1624 1169 1681 1200 se.
1726 1155 1924 1199 Videntes

374 1235 511 1274 autem
551 1231 698 1274 famuli
738 1232 969 1275 timuerunt
1008 1232 1149 1287 valde3
1193 1236 1234 1276 et
1271 1236 1563 1277 concurrentes
1599 1231 1926 1276 circumstabant

374 1322 478 1363 eam,
512 1309 761 1365 aspicientes
791 1312 832 1352 et
853 1310 1102 1365 operientes,
1135 1310 1269 1353 sinam
1290 1310 1438 1353 melius
1461 1314 1571 1354 esset
1591 1309 1796 1355 habitura.
1842 1308 1925 1353 Ro-

372 1389 473 1440 gant
504 1385 644 1440 etiam,
676 1389 723 1428 ut
754 1400 778 1429 a
798 1387 1035 1430 temeritate
1057 1400 1132 1430 sua
1159 1387 1399 1443 resipiscat3
1432 1387 1629 1441 dicentes,
1660 1387 1808 1430 fortem
1832 1398 1926 1430 esse

371 1462 508 1505 Deum
540 1462 875 1506 christianorum.
925 1463 1007 1507 Sed
1037 1464 1110 1506 illa
1140 1463 1268 1507 nichil
1298 1464 1589 1520 respondebat.
1636 1463 1803 1508 Iniectis
1825 1475 1924 1518 ergo

372 1540 578 1594 manibus,
610 1540 814 1583 violenter
844 1540 960 1583 illam
992 1541 1220 1595 trahentes,
1252 1542 1410 1596 erigere
1438 1540 1575 1584 conati
1597 1543 1694 1584 sunt
1714 1544 1756 1584 et
1773 1539 1923 1584 falcem

373 1620 636 1672 segetemque
664 1617 714 1660 de
742 1617 934 1660 manibus
957 1621 1225 1672 extorquere3
1260 1618 1333 1661 sed
1355 1618 1524 1661 minime
1547 1620 1781 1674 potuerunt.
1831 1616 1926 1660 Sta-

372 1693 444 1736 bat
475 1694 583 1736 enim
618 1694 738 1748 quasi
769 1694 900 1737 moles
931 1694 1156 1738 immobilis
1186 1698 1295 1738 terre
1318 1694 1455 1738 affixa.
1503 1694 1562 1737 At
1582 1694 1653 1737 ubi
1675 1692 1782 1737 satis
1799 1694 1924 1737 mira-

373 1769 454 1812 culi
493 1783 541 1813 ac
579 1771 762 1826 stuporis
801 1771 878 1813 hoc
917 1771 1060 1814 habitu
1100 1772 1244 1815 infelix
1282 1771 1355 1814 illa
1393 1771 1650 1814 intuentibus
1686 1768 1925 1814 ostenderat

372 1847 535 1903 ipsique
573 1847 740 1902 famuli,
781 1847 922 1890 dolore
955 1861 1002 1891 ac
1033 1848 1143 1891 tedio
1175 1847 1331 1903 affecti,
1371 1849 1453 1891 iam
1487 1847 1602 1891 abire
1632 1847 1830 1903 illamque
1861 1847 1924 1890 di-

372 1924 539 1967 mittere
571 1924 746 1979 vellent,
786 1924 921 1967 soluta
959 1925 1032 1967 illa
1071 1929 1241 1981 repente
1272 1925 1429 1968 corruit
1465 1930 1708 1980 sontemque
1740 1924 1920 1968 animam

372 2001 414 2042 in
445 2001 584 2055 ignem
618 2001 860 2044 Tartareum
895 2001 1064 2044 efflavit.
1112 2002 1243 2053 Quam
1275 2002 1460 2045 levantes
1491 2002 1536 2044 in
1566 2001 1821 2045 vehiculum:
1853 2003 1922 2044 En

372 2078 565 2132 inquiunt
604 2080 768 2135 qualem
805 2081 855 2122 de
886 2095 988 2136 ayro
1019 2081 1282 2136 manipulum
1312 2082 1380 2122 die
1410 2082 1618 2122 dominico
1648 2087 1920 2136 reportamus.

372 2154 487 2205 Quod
519 2155 674 2198 factum
707 2155 777 2198 ubi
810 2156 1043 2211 perferente
1074 2157 1187 2199 fama
1218 2156 1373 2212 passim
1407 2156 1621 2210 vulgatum
1654 2159 1718 2200 est
1741 2180 1803 2216 -·—v
1823 2159 1925 2199 1111111

372 2231 531 2286 famuli,
565 2232 707 2274 statim
731 2232 783 2275 ad
805 2232 1020 2275 ecclesiam
1042 2236 1269 2286 currentes,
1301 2233 1556 2288 baptismum
1578 2232 1803 2289 postulant,
1831 2236 1922 2276 stu-

372 2308 460 2364 pidi
502 2322 581 2364 que
620 2309 858 2352 acciderant
894 2309 1121 2352 referentes
1154 2334 1208 2339 -
1242 2313 1284 2353 et
1322 2301 1584 2353 credentibus
1622 2308 1921 2370 quidemfides

373 2388 495 2427 aucta
533 2389 596 2428 est
635 2399 687 2428 ex
723 2386 945 2441 miraculo,
983 2400 1066 2429 non
1098 2387 1313 2430 credentes
1346 2390 1507 2441 autem,
1547 2389 1589 2429 et
1619 2386 1654 2428 si
1687 2370 1757 2442 qui
1789 2385 1922 2429 adhuc

371 2461 604 2518 blasphemi
633 2466 934 2517 remanserant,
968 2463 1019 2505 ad
1051 2463 1302 2506 credendum
1335 2477 1385 2506 ex
1411 2476 1520 2519 pena
1541 2462 1713 2506 multate
1734 2462 1920 2506 mulieris

372 2539 525 2581 eruditi
558 2543 666 2582 sunt.
714 2539 814 2582 Dies
846 2543 985 2582 autem
1016 2539 1247 2583 dominicus
1280 2543 1321 2583 et
1351 2539 1432 2583 alie
1463 2538 1776 2595 solempnitates
1804 2552 1921 2582 reve-

371 2616 530 2657 rentius
568 2616 780 2659 observari
818 2619 1036 2673 ceperunt3
1077 2630 1152 2658 nos
1191 2630 1353 2672 quoque
1391 2617 1504 2672 ipsos
1543 2619 1584 2659 et
1622 2629 1786 2659 omnem
1825 2615 1920 2663 doc-

370 2693 524 2735 trinam
564 2697 771 2748 nostram,
819 2693 1014 2749 precipue
1054 2696 1190 2736 autem
1231 2690 1502 2749 episcopum,
1535 2680 1713 2748 amplius
1750 2691 1920 2735 reveriti

371 2771 479 2811 sunt.
1322 2753 1340 2771 ’
1463 2758 1484 2828 't
1514 2780 1517 2784 ·
1636 2821 1639 2823 ¹
1842 2769 1847 2773 ⁴

490 2845 558 2887 24.
598 2845 789 2901 Expletis
812 2848 950 2888 autem
971 2845 1057 2888 illic
1076 2846 1207 2888 ferme
1229 2839 1709 2902 quinquagintadiebuS,
1738 2834 1919 2903 acceptis

371 2935 396 2964 a
426 2921 529 2964 duce
559 2921 707 2975 legatis
739 2925 781 2964 et
810 2921 1142 2977 conductoribus,
1175 2922 1226 2965 de
1256 2923 1348 2978 ipso
1381 2921 1470 2964 loco
1496 2921 1668 2975 civibus,
1700 2916 1918 2963 Domizlao

368 2997 561 3042 videlicet
600 3001 642 3040 et
676 2997 761 3040 filio
799 2998 907 3052 eius,
946 2999 1047 3040 viris
1086 2998 1318 3052 honoratis,
1359 3011 1433 3054 per
1470 2997 1584 3040 lacus
1616 3001 1657 3040 et
1687 2997 1916 3040 refusiones
