2028 3438
607 261 830 293 nmmum
860 260 1031 293 oonnx.
1082 258 1151 294 190
1577 249 1664 292 333

193 364 523 436 „la-Pelasgi&
542 381 642 412 vero
673 381 800 426 papa,
832 367 904 424 qui
923 367 1006 412 fuit
1023 366 1285 424 temporibus
1306 366 1553 411 Iustiniani³
1584 367 1665 410 im·
1690 377 1881 414 578—590

91 442 303 508 perstetis
332 448 376 490 et
405 447 645 499 antecessor
676 444 870 501 Gregorii
899 445 1134 503 proximus,
1164 444 1332 501 legitur,
1365 444 1476 502 quod
1508 444 1665 501 absque

90 522 287 582 iussione,
312 522 523 582 principis
562 523 619 568 sit
649 523 887 579 ordinatus,
931 536 979 568 eo
1011 523 1143 579 quod,
1182 522 1287 566 urbe
1319 536 1345 566 a
1373 521 1664 579 Longobardis

92 600 283 660 obsessa,
306 601 462 645 nullus>
479 601 559 645 ulli
588 601 642 645 ad
672 601 910 659 principem
941 601 1079 645 exitus
1111 597 1273 658 patuit²
1289 598 1326 643 “.

1726 531 1796 567 578

1692 580 1767 611 Nov.
1780 581 1819 611 27

147 708 152 734 3
212 678 307 736 ,Do
337 677 540 735 Gregorio
572 693 671 724 vero
702 678 877 734 legitur:
915 678 1048 735 quod,
1082 691 1175 722 cum
1209 677 1380 733 Pelagio
1411 678 1607 721 defuncto
1639 690 1665 721 a
1690 686 1761 721 590

91 756 203 812 clero
243 760 286 802 et
323 760 473 811 senatu
510 756 751 815 populoque
780 755 971 800 Romano
1009 755 1270 800 concorditer
1303 756 1454 799 fuisset
1492 754 1663 810 electus,

91 835 201 893 quia
225 834 514 891 generalitatis
545 834 793 879 electionem
825 834 1003 878 evadere
1033 834 1244 890 nequivit,
1285 846 1586 878 consensurum
1619 846 1664 876 se

89 913 262 966 tandem
282 912 507 970 aliquando
529 912 766 967 simulavit3
799 919 842 956 et
862 912 1111 969 imperatori
1131 911 1349 966 Mauricio,
1382 911 1500 954 cuius
1530 910 1663 954 filium

91 1003 153 1043 ex?
173 988 343 1037 lavacro
374 994 519 1035 sancto
551 993 813 1048 susceperat,
851 990 1033 1034 latenter
1063 990 1229 1033 litteras
1261 989 1510 1044 destinavit,
1545 988 1663 1032 adiu-

90 1081 190 1113 rans
222 1053 265 1114 et
282 1068 417 1114 multa
438 1067 560 1113 eum*
580 1082 705 1126 prece
727 1068 970 1125 deposcens,
1002 1082 1055 1111 ne
1085 1080 1285 1123 umquam
1318 1066 1487 1123 populis
1519 1079 1664 1110 assen-

90 1159 186 1200 sum
214 1146 450 1204 praeberet.
507 1146 591 1190 Sed
621 1146 858 1204 praefectus
889 1145 1025 1202 urbis,
1059 1144 1361 1202 comprehenso
1392 1145 1437 1187 in
1468 1145 1562 1201 ipso
1592 1144 1663 1187 iti-

89 1237 191 1276 nere
221 1225 313 1269 eius
342 1225 490 1271 nuntio
523 1238 572 1269 ac
593 1224 821 1281 disruptis⁰
845 1223 1050 1281 epistolis,
1083 1236 1334 1267 consensum
1365 1222 1513 1279 populi
1543 1222 1663 1265 iuxta

88 1302 538 1359 morem-antiquitatis
557 1302 806 1359 imperatori
827 1302 994 1346 direxit.
1043 1301 1101 1345 At
1124 1301 1209 1356 ille,
1242 1300 1332 1345 Deo
1354 1300 1512 1356 gratias
1535 1313 1663 1355 agens

88 1393 167 1438 pro
198 1380 414 1425 amicicia*
445 1380 624 1436 diaconi,
667 1394 715 1424 eo
747 1380 860 1437 quod
889 1379 1027 1423 locum
1060 1378 1298 1423 deferendi⁰
1329 1378 1369 1422 ei
1399 1378 1585 1434 honoris,
1616 1381 1665 1421 ut

89 1458 293 1516 cupierat,
324 1458 565 1516 reperisset,
598 1458 697 1502 data
718 1458 1017 1515 praeceptione
1037 1458 1178 1515 ipsum
1200 1456 1388 1500 ordinari
1408 1455 1626 1513 praecepit
1634 1452 1661 1499 ⁸.

89 1534 184 1592 Qui,
214 1536 337 1581 iuxta
354 1535 624 1594 imperatoris
645 1535 875 1579 iussionem
895 1536 1093 1580 continuo
1115 1537 1397 1589 consecratus,
1422 1533 1663 1585 Theotistae
1687 1544 1769 1584 Sept.
1784 1546 1802 1575 3

89 1613 226 1659 sorori
245 1614 524 1671 ,imperatoris
556 1610 805 1671 epistolam⁴
834 1613 1103 1671 postmodum
1126 1613 1311 1670 scripsit,
1342 1612 1387 1655 in
1420 1625 1503 1668 qua
1534 1611 1585 1655 de
1617 1624 1663 1654 se
1687 1625 1752 1655 Oct.

87 1691 182 1750 ipso
212 1691 326 1736 circa
353 1691 482 1736 finem
511 1692 573 1735 ita
603 1691 842 1735 subiunxit:
875 1693 984 1735 Ecce
1010 1693 1298 1736 serenissimus
1319 1692 1497 1734 domnus
1527 1691 1662 1747 impe-

88 1778 208 1819 rator
225 1771 331 1826 fieri
350 1772 520 1814 simiam
541 1771 699 1814 leonem
718 1772 853 1814 iussit.
901 1770 1113 1828 Equidem
1138 1785 1223 1827 pro
1244 1771 1428 1812 iussione
1449 1769 1566 1811 illius
1588 1782 1662 1810 vo-

90 1850 184 1899 cari
215 1857 373 1906 potest,
410 1849 515 1904 fieri
549 1858 688 1893 autem
725 1849 787 1892 leo
823 1864 910 1892 non
945 1857 1092 1906 potest.
1157 1847 1275 1891 Unde
1304 1862 1466 1889 necesse
1497 1855 1576 1900 est,
1619 1853 1664 1888 ut

89 1941 243 1978 omnes.
260 1927 408 1984 culpas
436 1943 487 1971 ac
507 1928 782 1984 neyliqentias
801 1942 915 1970 meae
936 1942 1022 1969 non
1042 1926 1149 1968 mila·
1177 1927 1251 1968 aed
1280 1940 1381 1968 suae
1408 1926 1562 1982 pietati
1589 1925 1661 1966 de-

81 2012 217 2062 putet,
249 2006 327 2062 qui
353 2006 521 2048 virtutis
551 2007 830 2048 ministerium
859 2005 1025 2059 infirmo
1058 2003 1306 2047 commisit&

210 2079 346 2138 „Cum
367 2094 468 2137 ergo
489 2080 732 2137 Gregorius,
763 2081 863 2125 licet
892 2080 1150 2124 unanimiter
1172 2080 1225 2124 ab
1247 2079 1457 2123 universis
1490 2078 1661 2133 electuS,

90 2171 309 2211 assensum
330 2162 473 2203 tamen
494 2159 699 2216 principis
721 2159 961 2216 expectavit
981 2161 1023 2202 et
1045 2158 1201 2214 absque
1226 2159 1315 2201 eius
1346 2157 1532 2200 iussione
1564 2169 1662 2199 con-

90 2237 338 2282 secrationis
368 2237 551 2293 gratiam
582 2238 796 2294 suscipere
827 2250 914 2280 non
944 2235 1233 2293 praesumpsit
1264 2238 1306 2278 et
1338 2235 1390 2278 ab
1421 2234 1494 2277 illo
1519 2258 1575 2264 —
1599 2233 1662 2277 vi-

89 2314 243 2360 delicet
271 2315 464 2373 principe
492 2340 549 2346 ——
576 2318 857 2360 ministerium
887 2316 1053 2357 virtutis
1084 2313 1128 2356 in
1161 2313 1248 2356 suis
1278 2312 1433 2356 litteris
1465 2311 1662 2355 commis-

90 2406 185 2437 sum
221 2393 304 2438 sibi
341 2407 434 2438 esse
470 2394 670 2449 asseruit,
710 2392 1000 2436 indubitanter
1032 2404 1184 2446 equum
1217 2394 1260 2434 et
1290 2390 1538 2433 canonicum
1571 2403 1662 2433 esse

90 2470 234 2515 scivit:
271 2473 320 2515 ut
357 2471 515 2528 absque
544 2471 724 2515 Romani
762 2470 967 2528 principis
1008 2469 1194 2512 iussione
1232 2468 1472 2511 nullatenus
1512 2467 1663 2511 debeat

89 2547 300 2606 pontificis
331 2549 540 2593 ordinatio
571 2549 806 2606 provenire.
853 2548 977 2602 Nam,
1010 2547 1044 2589 si
1070 2546 1246 2601 equitati
1267 2559 1475 2589 canonum
1496 2548 1662 2589 contra-

89 2626 201 2671 rium
239 2626 307 2671 vel
345 2626 562 2671 dissonum
599 2627 679 2670 hoc
715 2639 808 2670 esse
844 2624 1144 2676 intellexisset,
1189 2623 1429 2667 nullatenus
1470 2623 1579 2667 dono
1620 2626 1662 2666 et

89 2708 318 2761 praecepto
347 2704 552 2761 principis
584 2704 636 2747 ad
665 2717 875 2765 summum
902 2716 946 2745 se
968 2702 1248 2745 sacerdotium
1280 2702 1455 2758 provehi
1486 2714 1661 2745 consen-

91 2781 229 2826 sisset.
275 2781 363 2826 Nec
383 2795 482 2826 vero
508 2795 553 2825 se
574 2781 682 2825 dono
714 2784 757 2825 et
786 2782 1012 2838 praecepto
1043 2779 1250 2836 principis
1280 2782 1526 2835 provectum
1558 2778 1661 2823 scri-

188 2903 215 2925 a.
247 2894 372 2925 Iustiani
390 2895 422 2926 V.
507 2894 537 2925 b.
565 2895 667 2926 om.V.
752 2903 778 2923 c.
807 2892 954 2931 dirruptis
973 2891 1003 2922 V.
1088 2891 1118 2922 d.
1147 2892 1255 2922 amicis
1273 2892 1304 2923 V.
1389 2902 1415 2922 e.
1444 2891 1610 2922 defferendi
1626 2890 1661 2922 Z.

186 2965 220 3000 1.
245 2964 293 3000 11.
389 2965 423 3000 2.
448 2964 506 3000 Ex
529 2964 608 3000 vita
623 2962 763 3008 Pelagii
778 2963 823 3009 ΙΙ,
849 2961 936 2998 ibid.
962 2973 998 3007 p.
1018 2962 1098 2998 133.
1163 2992 1168 2996 .
1204 2963 1238 2998 3.
1264 2962 1321 2997 Ex
1339 2961 1506 3007 Gregorii
1523 2962 1659 2996 Turon.

91 3022 175 3060 hist.
192 3023 321 3059 Franc.
343 3024 385 3060 L.
403 3024 438 3059 X
463 3034 494 3059 c.
512 3024 543 3059 l.
639 3023 674 3059 4.
700 3022 860 3067 Registr.
878 3022 919 3057 L.
934 3021 954 3067 1,
975 3031 1031 3067 ep.
1050 3022 1073 3057 5
1098 3023 1148 3065 (v.
1160 3021 1257 3067 Reg.
1276 3024 1376 3066 pont.
1390 3020 1495 3056 Rom.
1514 3032 1548 3056 n.
1565 3020 1659 3064 708).
