2028 3438
631 239 854 272 nmmum
884 240 1053 272 connx.
1105 241 1172 274 113
1589 230 1676 274 213

101 343 219 392 noi&
245 345 360 391 *sed
389 359 490 403 nos,
530 360 634 404 quos
663 347 826 391 iurasse
858 360 957 405 sepe
988 347 1170 405 penitet,
1211 349 1352 393 iurare
1387 348 1674 406 prohibemur.

102 422 150 468 si
194 424 311 468 iurat
353 424 501 480 hom0,
549 424 666 469 iubet
704 425 841 481 Deus,
888 428 936 469 ut
980 425 1131 469 reddat
1175 425 1344 469 domino
1391 426 1675 471 iuramentum

101 498 262 545 euum'.
384 501 497 546 Hoc·
529 516 606 546 nec
636 503 833 558 ignorant
862 503 948 559 illi,
980 503 1074 559 qui,
1111 517 1286 559 regnum
1320 507 1363 547 et
1393 504 1675 548 sacerdotium

102 579 377 635 scindentes‚·
405 579 572 623 novello
603 581 802 625 scismate
833 585 877 625 et
907 581 1106 637 novellis,
1147 585 1195 624 ut
1234 581 1486 638 quibusdam
1523 582 1674 639 placet,

100 656 404 701 uudieionibus
434 657 551 713 illos,
593 659 664 715 qui
696 659 786 714 regi
816 660 1055 717 periurant,
1098 673 1143 703 se
1175 673 1199 702 a
1230 658 1355 716 culpa
1392 660 1569 716 periurii
1602 660 1675 703 ab·

100 733 266 781 solvere
301 735 573 792 promittunt;
621 749 705 780 non
753 737 1051 793 adtendentes,
1098 737 1210 793 quod
1248 736 1469 781 Ezechiel*
1511 751 1564 780 ex
1603 752 1674 782 ore

99 811 184 858 Dei
219 811 335 856 dicat
371 812 424 856 de
454 812 678 870 Sedechia,
721 815 791 870 qui
823 815 1055 872 periuravit
1092 815 1262 858 domino
1303 828 1378 858 suo
1409 816 1500 871 regi
1530 815 1674 860 Nabu-

100 889 382 934 chodonosor:
417 873 647 946 Qui-solvit
676 892 816 948 inquit
842 902 1028 950 pactum,
1063 895 1272 951 numquid
1294 889 1536 951 diffuqiet?3
1584 892 1675 937 Hoc

100 967 335 1012 Invenimus
354 968 428 1012 'sic
457 969 652 1026 exponit:
686 971 755 1013 Ex
786 971 862 1014 hoc
895 974 1021 1015 etiam
1053 973 1267 1025 discimus,
1300 973 1409 1015 inter
1430 972 1563 1015 hostes
1585 987 1672 1015 cer-

100 1048 286 1090 vandam
307 1047 460 1102 fidem3
492 1057 529 1091 et
558 1064 643 1091 non
676 1050 1050 1092 considerandum:
1083 1052 1165 1102 cui,
1199 1051 1273 1092 sed
1296 1065 1380 1108 per
1401 1065 1522 1107 quem
1552 1052 1672 1093 iura-

99 1127 224 1169 vem‘c.
248 1148 251 1150 >
272 1125 409 1168 Multo
441 1127 551 1169 enim
580 1127 730 1169 melior
759 1129 950 1171 inventae
983 1136 1040 1171 eet
1070 1129 1162 1181 ille,
1206 1130 1282 1185 qui
1315 1136 1490 1186 propter
1522 1143 1672 1171 nomen

100 1203 297 1247 Deitibz·
315 1204 507 1250 ‘eredidit
534 1213 573 1247 et
603 1205 795 1261 deceptus
828 1214 898 1258 eet,
934 1221 1061 1263 quam
1093 1215 1150 1259 tu,
1202 1207 1278 1262 qui
1305 1221 1384 1263 per
1415 1208 1674 1249 occasionem

98 1280 281 1325 divinite<
307 1283 538 1325 maiestatis
577 1282 688 1325 hosti
723 1291 792 1326 tuo
839 1285 965 1326 immo
1013 1286 1100 1326 iam
1140 1286 1275 1326 amico
1316 1284 1483 1327 molitus
1525 1299 1566 1326 es
1603 1286 1671 1326 in-

100 1356 268 1403 cidn‘ae‘.

219 1435 329 1488 Quid
367 1435 609 1481 laboramus
649 1437 691 1480 in
736 1437 980 1493 colligendis
1022 1437 1228 1495 exemplis
1267 1438 1427 1483 vitandi
1467 1438 1670 1495 periurii?

101 1512 297 1558 Ter-cium
337 1513 524 1570 decalogi
562 1514 830 1571 mandatum,
877 1516 928 1559 de
969 1516 1093 1559 corde
1140 1520 1182 1559 et
1220 1530 1291 1559 ore
1329 1515 1410 1560 Dei
1456 1516 1670 1573 prolatum

100 1591 274 1648 eiusque
304 1591 436 1647 digito
474 1591 700 1649 scriptum,
740 1593 818 1636 hoc
850 1597 931 1637 est:
973 1594 1074 1637 Non
1106 1609 1289 1638 accumec
1327 1610 1478 1638 nomen
1509 1597 1674 1638 domini

98 1668 188 1714 Dei
222 1672 289 1714 tui
322 1672 371 1713 in
399 1686 579 1721 vanum3
616 1686 690 1714 nec
730 1674 840 1714 enim
871 1672 1036 1715 habehit
1073 1674 1280 1716 insontem
1310 1673 1524 1716 Dominus
1563 1689 1668 1727 eum,

99 1749 177 1806 qui
204 1750 480 1806 assumpeerit
513 1764 662 1792 nomen
695 1749 802 1792 Dei⁰
834 1752 903 1792 sui
928 1750 1104 1806 frustra
1116 1747 1142 1792 ⁵.
1267 1749 1374 1793 Cum
1411 1750 1495 1793 tria
1532 1750 1672 1807 prima

99 1824 287 1881 decalogi
325 1825 528 1869 mandata
567 1826 619 1869 ad
660 1826 819 1870 cultum
855 1826 936 1870 Dei
975 1828 1235 1884 pertineant,
1276 1827 1500 1883 diligenter
1537 1827 1672 1885 inspi-

98 1902 304 1947 cientibus
337 1903 523 1947 videtur:
565 1904 685 1960 quod'
716 1904 761 1947 in
793 1904 871 1948 hoc
901 1905 1031 1949 tercio
1065 1905 1251 1961 decalogi
1293 1906 1491 1949 mandato
1531 1909 1672 1950 cetera

98 1979 302 2025 mandata
331 1982 554 2038 pendeant.
602 1981 722 2038 Quia,
757 1996 849 2026 cum
872 1982 920 2026 fit
951 1983 1062 2039 quod
1083 1983 1198 2027 Deus
1219 1983 1311 2026 fieri
1341 1984 1571 2041 praecepit,
1604 1984 1670 2027 vel

97 2071 183 2102 non
220 2058 269 2102 fit
306 2059 418 2115 quod
448 2059 564 2103 Deus
603 2059 694 2103 fieri
732 2060 946 2117 prohibet,
984 2060 1079 2104 ideo
1117 2061 1263 2118 utique
1301 2060 1350 2104 fit
1380 2061 1447 2105 vel
1486 2075 1570 2105 non
1606 2061 1668 2117 fit,

97 2139 147 2180 ut
180 2149 334 2180 nomen
373 2137 670 2195 praecipientis
710 2137 775 2181 vel
812 2138 1073 2194 prohibentis
1104 2138 1186 2182 Dei
1223 2152 1308 2182 non
1347 2142 1587 2183 assumatur
1625 2140 1669 2182 in

97 2226 265 2258 vanum.

217 2291 320 2344 Quis
351 2292 486 2347 magis
520 2293 698 2336 assumit
729 2306 882 2336 nomen
913 2293 993 2336 Dei
1031 2294 1074 2336 in
1107 2307 1262 2337 vanum
1302 2306 1427 2349 quam
1467 2293 1561 2349 ille,
1597 2294 1669 2350 qui

98 2368 231 2413 violat
268 2369 364 2425 hoc,
404 2370 515 2426 quod
554 2384 630 2427 per
668 2384 820 2414 nomen
853 2370 932 2414 Dei
973 2371 1112 2414 iurat?
1166 2370 1282 2414 Deus
1322 2370 1459 2414 iubet:
1500 2385 1553 2414 ne
1594 2384 1670 2428 per

99 2447 282 2503 caelum,
321 2460 374 2491 ne
404 2461 481 2505 per
512 2451 691 2504 terrain,
734 2462 787 2492 ne
818 2462 895 2505 per
927 2452 1054 2506 caput
1085 2462 1223 2492 meum
1257 2445 1436 2502 iurem⁶3
1476 2462 1529 2491 ne
1559 2448 1668 2493 forte

98 2525 326 2582 periurem.
374 2524 419 2568 Si
451 2525 575 2582 culpa
607 2530 671 2570 est
692 2526 909 2583 periurare
942 2539 1017 2583 per
1039 2529 1274 2569 creaturam
1297 2525 1392 2580 Dei,
1425 2539 1550 2582 quam
1572 2540 1668 2582 gra-

98 2602 192 2646 vius
223 2606 382 2659 peccat,
415 2603 486 2659 qui
517 2617 593 2660 per
624 2607 855 2648 creatorem
889 2604 1025 2647 Deum
1063 2603 1276 2660 periurat?
1382 2603 1492 2647 Hinc
1523 2617 1668 2647 omnes

99 2681 382 2738 perpenditis:
426 2680 535 2736 quod
568 2681 623 2724 sit
652 2695 749 2725 reus
781 2681 955 2738 capitis,
988 2681 1059 2736 qui
1090 2694 1175 2724 non
1205 2680 1344 2724 reddit
1373 2682 1528 2737 cesari,
1561 2695 1668 2738 quae

193 2779 221 2801 ι.
251 2770 318 2801 Hoc
339 2785 368 2791 —
386 2779 441 2810 per
463 2770 545 2810 quod
565 2771 676 2801 iuravit
698 2772 760 2809 regi
781 2771 961 2801 fidelitatem
982 2779 1038 2801 om.
1055 2771 1093 2800 Β.
1191 2771 1221 2800 b.
1253 2770 1401 2802 iezechiel
1422 2770 1456 2802 Z.
1552 2780 1577 2801 c.
1606 2771 1667 2801 Do-

99 2823 174 2855 mini
193 2823 228 2855 Z.

197 2882 230 2918 1.
255 2881 376 2917 Ecole.
394 2881 428 2926 8,
448 2882 479 2917 1.
499 2883 532 2917 2.
642 2883 675 2918 2.
701 2881 828 2918 Matth.
847 2883 880 2927 5,
899 2882 957 2917 33.
1065 2882 1099 2918 3.
1123 2881 1258 2918 Ezech.
1279 2882 1335 2928 1‘1,
1354 2882 1411 2919 15.
1523 2883 1557 2919 4.
1583 2882 1667 2919 Hie-

99 2941 244 2988 romymi
260 2943 454 2978 comment.
471 2941 509 2976 in
525 2940 703 2977 Ezech.V
721 2951 751 2976 c.
764 2942 818 2987 17,
837 2940 928 2986 Opp.
943 2939 1210 2978 ed.Vallarsius
1227 2941 1314 2979 'LV
1333 2941 1413 2978 193.
1490 2942 1523 2976 5.
1550 2940 1666 2977 Exod.

101 3001 159 3046 20,
176 3001 210 3037 7.
331 3002 364 3036 6.
390 2999 517 3036 Matth.
536 2999 570 3046 5,
596 3000 762 3035 34-36.

1751 359 1843 396 1103

1694 406 1782 439 Febr.
1794 424 1822 429 -
1831 408 1897 439 Iun.
