2028 3438
0 826 6 883 ’ῑ

460 285 701 317 nnnnonm
731 284 974 316 nmmo-ns.
1021 285 1109 315 Lm.
1132 285 1184 315 111
1213 283 1270 316 29.
1288 282 1335 317 30
1595 273 1677 316 821

104 393 268 438 {actum
297 392 595 451 comperimus,
627 392 802 448 duobus,
834 391 1030 436 videlicet
1058 392 1216 435 rustico
1251 394 1293 435 et
1324 392 1413 436 eius
1449 406 1594 449 uxore,
1636 393 1680 436 in
1727 403 1819 438 1127

101 469 501 527 -aegroffmeoentibua
548 470 648 514 Zelo
669 470 825 514 etenim
845 470 1062 526 religionis
1085 469 1295 527 presbiter
1317 483 1387 513 eos
1408 470 1679 527 prohibebat3

104 547 268 604 diceus,
299 547 398 592 huic
427 547 512 592 diei
542 551 717 605 propter
743 548 1072 605 assumptionem
1094 547 1175 591 Dei
1206 547 1421 602 genitricis
1443 546 1575 591 Marie
1606 548 1681 591 ho-

104 638 269 671 norem
277 625 435 670 deberi.
482 625 590 669 Erat
610 627 749 669 autem
773 626 958 669 secunda
976 625 1095 669 feria.
1144 624 1323 669 Dicebat
1346 638 1444 679 ergo
1475 626 1679 669 rusticus:

110 702 223 749 Heri
247 713 425 762 propter
445 705 702 768 dominicam
724 719 825 761 oper
826 707 897 747 ari
924 719 1010 746 non
1040 704 1170 757 licuit,
1205 713 1242 747 et
1271 705 1423 746 iterum
1454 704 1577 746 hodie
1606 720 1681 747 va-

106 793 211 826 aare
235 780 438 826 &ubemur-
496 781 588 836 Que
618 791 678 825 est
713 782 784 824 hee
816 783 1030 835 docmina,
1072 796 1152 838 que
1182 781 1368 824 homines
1400 798 1427 824 a
1457 782 1579 824 rebus
1609 797 1682 824 ne-

111 862 304 904 cessonis
336 868 393 903 et
389 861 522 904 bonis
546 860 658 903 iubet
679 860 866 903 cessare?
914 859 1095 913 Quando
1119 874 1216 917 erqo
1239 859 1430 902 collectas
1451 859 1682 901 videbimus

98 939 255 996 fraqes
284 938 480 982 nostras?
524 939 652 991 Puto,
685 953 758 980 vos
789 938 978 980 invidere
1003 938 1255 980 utilitatibus
1276 939 1445 981 nostris.
1494 935 1683 992 Cumque

110 1014 197 1060 iam
230 1015 283 1059 ad
313 1014 693 1072 blasphemandum
725 1028 772 1058 os
805 1015 970 1072 aperire
992 1013 1117 1058 vellet
1147 1018 1190 1058 et
1210 1006 1361 1058 falcem
1385 1013 1542 1058 crebris
1573 1017 1683 1057 trac-

109 1091 224 1138 tibus
254 1105 418 1137 messor
437 1092 663 1137 vehemens
693 1092 739 1135 in
762 1091 946 1135 calamos
970 1092 1168 1148 vibraret,
1201 1093 1355 1136 mirum
1383 1092 1512 1147 dictu,
1545 1091 1683 1135 subito

111 1170 337 1227 extinctae,
368 1170 412 1215 in
434 1170 572 1214 sulcos
593 1170 764 1225 cecidit3
796 1170 1029 1226 falcemque
1050 1170 1095 1213 in
1117 1170 1304 1226 dextera,
1334 1173 1519 1225 segetem
1542 1173 1683 1213 autem

110 1246 374 1305 inbinistra,
403 1251 453 1292 ut
484 1249 654 1293 absecta
685 1251 789 1303 erat,
821 1251 908 1291 tam
931 1248 1097 1291 fortiter
1118 1248 1245 1291 etiam
1278 1251 1468 1291 mortuus
1499 1247 1683 1304 tenebat,

111 1330 160 1371 ut
189 1340 214 1372 a
243 1324 361 1371 nullo
392 1327 549 1371 auferri
587 1329 744 1383 posset.
802 1326 955 1370 Mulier
987 1330 1126 1370 autem
1165 1325 1337 1382 infelix,
1376 1326 1490 1370 socia
1529 1325 1683 1382 operis,

109 1408 247 1449 morte
278 1404 448 1462 quidem
479 1394 659 1449 multata
681 1418 766 1447 non
788 1407 852 1448 est
874 1429 929 1434 ——
952 1408 1068 1462 puto,
1103 1404 1202 1460 quia
1233 1404 1310 1448 sub
1334 1404 1412 1447 viri
1445 1403 1685 1447 obedientia

5 1517 38 1540 ,ἢ
112 1483 253 1542 posita
287 1482 370 1527 fuit
398 1507 451 1514 --
484 1482 559 1527 sed
599 1485 741 1526 tamen
783 1482 872 1526 sine
911 1496 1022 1539 pena
1062 1485 1104 1526 et
1135 1482 1378 1526 confusione
1416 1495 1502 1525 non
1535 1482 1681 1525 evasit.

110 1561 222 1606 Nam
243 1573 396 1619 corpus
417 1561 603 1605 exanimi
624 1561 704 1604 viri
737 1560 790 1603 ad
812 1559 1029 1604 ecelesiam
1052 1564 1208 1616 secuta,
1240 1560 1391 1604 falcem
1426 1563 1468 1603 et
1498 1563 1683 1614 segetem

113 1640 165 1684 de
194 1639 388 1684 manibus
420 1639 508 1682 suis
539 1642 582 1683 et
610 1639 706 1696 ipsa
737 1642 934 1683 excutere
969 1652 1054 1681 non
1092 1638 1253 1695 potuit,
1294 1651 1510 1694 quousque
1541 1651 1683 1680 coram

110 1718 268 1776 populo
299 1720 343 1761 et
372 1716 483 1761 clero
516 1720 812 1772 argumentum
844 1716 922 1759 hoc
953 1716 1100 1759 illicite
1129 1715 1386 1772 operationis
1419 1715 1681 1772 probaretur.

112 1791 286 1854 Sepulto
319 1792 418 1852 ergo
442 1795 534 1839 viro
567 1798 609 1838 et
640 1794 820 1838 abeunte
851 1808 947 1837 cum
978 1795 1130 1837 timore
1160 1793 1331 1851 populo,
1363 1793 1516 1837 mulier
1547 1793 1685 1837 soluta

112 1877 188 1919 est.
240 1872 309 1918 Ex
340 1873 420 1917 hoc
449 1876 590 1916 autem
620 1872 732 1916 facto
771 1872 952 1929 populus
984 1872 1188 1915 maiorem
1219 1871 1301 1915 Dei
1339 1871 1534 1926 genitrici
1564 1885 1683 1915 reve-

110 1952 292 1997 rentiam
323 1951 611 2007 maioremque
644 1950 737 1994 aliis
767 1950 887 1994 festis
910 1950 1196 1994 celebritatem
1218 1950 1364 1993 doctus
1387 1953 1451 1993 est
1472 1949 1681 1993 exhibere.

231 2030 301 2073 30.
343 2029 510 2078 Interea
528 2027 725 2083 Rutheni,
758 2031 974 2085 comperta
997 2027 1079 2070 fide
1112 2031 1154 2071 et
1176 2027 1449 2071 conversione
1472 2026 1683 2071 Stetinen-

111 2108 223 2152 sium
255 2110 298 2152 et
328 2107 427 2164 quia
456 2107 502 2150 in
532 2106 841 2150 christianitate
873 2106 1042 2170 penitus
1073 2105 1261 2149 roborati
1293 2107 1403 2160 sunt,
1437 2118 1462 2147 a
1483 2105 1684 2148 societate

110 2185 278 2231 illorum
312 2197 357 2229 se
388 2182 626 2238 avertunt¹3
660 2184 912 2228 commercia
933 2184 1076 2227 omnia
1096 2186 1325 2238 mutuaque
1356 2183 1531 2237 negocia
1561 2183 1682 2226 insti-

111 2267 251 2308 torum
272 2277 325 2307 ex
345 2262 634 2318 indignatione
659 2262 971 2319 abrumpentes,
1006 2261 1126 2317 quasi
1156 2260 1330 2304 alterius
1361 2261 1446 2303 iam
1478 2259 1576 2304 fidei
1607 2274 1683 2317 po-

111 2339 212 2400 pulo
243 2339 552 2385 communicare
583 2340 627 2383 in
648 2339 803 2384 talibus
826 2353 910 2382 non
932 2339 1144 2383 deberent.
1269 2338 1342 2381 Isti
1375 2341 1529 2393 autem,
1563 2351 1683 2395 sepe-

110 2428 286 2463 numero
308 2431 334 2462 a
353 2417 497 2462 multis
528 2417 862 2475 predicatoribus
893 2417 946 2460 ad
966 2416 1092 2460 fidem
1115 2416 1267 2470 vocati,
1299 2415 1350 2458 de
1381 2415 1546 2470 integro
1576 2429 1683 2458 nun-

113 2511 239 2555 quam
261 2496 405 2541 venire
429 2495 671 2549 voluerunt;
704 2495 778 2538 sed
810 2494 903 2538 aliis
936 2494 1147 2538 interdum
1181 2493 1461 2548 credentibuS,
1495 2492 1568 2535 alii
1599 2506 1683 2536 non

112 2574 350 2619 credebant.
405 2573 546 2630 Atque
583 2587 635 2616 ex
665 2572 824 2616 maiore
862 2575 983 2630 parte
1022 2571 1239 2629 paganicis
1276 2570 1428 2613 ritibus
1469 2570 1681 2626 degenteS,

113 2653 277 2698 semina
304 2651 403 2695 fidei
433 2651 563 2695 veluti
595 2650 715 2707 spine
747 2649 986 2693 suffocando
1018 2649 1105 2692 illic
1135 2647 1426 2691 convalescere
1457 2661 1540 2690 non
1572 2648 1682 2691 sine-

112 2730 228 2774 bant.
275 2729 486 2773 Ruthenia
506 2742 604 2772 vero
626 2727 770 2771 Danos
801 2728 1018 2770 adiunctos
1040 2726 1186 2779 habet3
1219 2739 1344 2782 porro
1368 2725 1682 2783 archiepiscopo

113 2807 332 2852 Danorum
354 2807 481 2851 etiam
501 2805 712 2850 Ruthenia
735 2805 922 2848 subiecta
944 2818 1035 2848 esse
1057 2803 1212 2847 debuit.
1262 2802 1343 2846 Sed
1375 2803 1532 2860 populo
1556 2802 1682 2846 fidem

115 2885 363 2930 catholicam
395 2884 692 2942 propulsante,
726 2881 982 2939 superfluum
1016 2884 1081 2925 est
1110 2881 1348 2925 sacerdotes
1380 2881 1431 2923 de
1461 2880 1683 2937 parrochie

116 2963 309 3007 terminis
339 2962 519 3018 litigare.
625 2961 809 3004 Rutheni
841 2973 938 3014 ergo
980 2959 1184 3016 paulatim
1216 2961 1428 3003 crescente
1462 2957 1557 3001 odio
1590 2957 1682 3001 Ste-

213 3050 246 3085 1.
281 3047 336 3085 Cf.
362 3048 441 3086 Eho
465 3049 519 3084 111
543 3049 600 3084 23.

1703 453 1780 490 Aug.
1794 452 1833 483 15
