2028 3438
423 269 511 312 500
842 280 1090 312 EPISTOLAE
1121 280 1489 312 BAMBERGENSES.
1537 279 1559 313 9

201 395 290 430 1081
305 385 661 450 ere-maculavit,
694 386 793 429 dum
824 385 930 428 filios
962 387 1005 428 in
1036 389 1230 442 parentes
1262 388 1304 428 et
1332 388 1527 441 parentes
1558 385 1602 428 in
1623 375 1730 429 filios
1756 374 1974 441 insin-‘gere

224 442 316 477 1082
338 453 387 477 ¹¹¹·
421 461 522 505 fecit
551 465 592 505 et
621 462 794 505 fratrem
824 462 869 504 in
898 462 1072 506 fratrem
1103 462 1294 505 armavit.
1407 461 1543 516 Certe,
1573 461 1758 504 si-vulti's
1780 461 1974 506 ‘censide-

421 552 529 594 rare,
561 539 643 582 ista
664 539 895 595 persecutio
918 538 1124 581 crudelior
1146 541 1209 581 est
1228 538 1347 581 Decii
1369 538 1668 594 persecutione.
1716 537 1837 594 Quia3
1860 527 1971 594 'quos

421 615 492 658 ille
512 615 738 658 trucidavit
758 628 833 671 pro
855 614 1034 670 Christo,
1068 614 1257 658 Christus
1286 615 1500 658 coronavit
1520 615 1564 657 in
1586 613 1720 669 caelo;
1751 606 1855 660 hae'e
1874 628 1972 659 vero

421 695 642 747 praesente
673 692 760 734 vita
790 691 941 747 privat,
977 691 1163 747 privatos
1194 691 1238 733 in
1269 691 1477 734 infernum
1508 691 1691 735 damnat.
1912 679 1931 682 '⁸

539 768 620 811 Pro
651 768 729 810 hac
759 781 932 810 erumna
962 767 1263 823 compescenda
1294 768 1432 823 sepius
1457 768 1622 811 vocavit
1652 780 1748 811 eum
1777 766 1971 822 ecclesia:

422 847 469 887 ut
498 844 774 900 deimposito
806 844 885 887 sibi
916 843 1088 886 crimine
1119 857 1163 886 se
1195 847 1393 899 purgaret
1432 847 1474 888 et
1510 843 1726 898 ecclesiam
1763 843 1816 888 de
1853 845 1972 888 scan-

423 920 517 963 dalo
548 920 759 963 liberaret.
816 920 897 963 Sed
935 921 1026 976 ipse
1056 923 1226 963 vocatus
1255 921 1398 963 venire
1438 919 1690 977 contempsit
1720 923 1762 964 et
1779 910 1971 964 mancius

422 999 586 1039 nostros
618 1010 694 1039 nec
724 997 814 1053 ipse
853 996 1012 1039 audivit
1049 1010 1126 1039 nec
1156 1003 1250 1039 vos³
1282 997 1427 1040 audire
1465 986 1676 1053 permisit,
1716 996 1971 1040 timensvos

421 1073 605 1116 fautores
637 1073 841 1127 amittere,
874 1072 1017 1115 audita
1046 1073 1157 1116 iusta
1186 1073 1360 1116 ratione.
1858 1084 1860 1087 ’

542 1149 624 1192 Sed
655 1162 876 1205 precamur
907 1150 1091 1191 omnium
1125 1163 1385 1192 communem
1416 1149 1641 1193 iustitiam:
1675 1152 1735 1204 ut,
1760 1149 1891 1193 'vobis‘
1908 1148 1972 1192 fa—

423 1226 647 1280 cientibus,
686 1226 751 1269 vel
784 1226 916 1269 adhuc
948 1226 1088 1269 veniat
1126 1227 1170 1269 in
1209 1225 1509 1282 praesentiam,
1550 1226 1692 1269 audiat
1721 1225 1971 1270 clamantem

423 1302 651 1357 ecclesiam.
701 1292 746 1345 Si
777 1302 887 1345 enim
920 1302 999 1345 sibi
1031 1303 1253 1346 commissa
1285 1305 1360 1358 est,
1392 1315 1466 1345 cur
1498 1316 1589 1345 eam
1620 1302 1759 1359 perire
1785 1301 1972 1359 patitur?

421 1379 514 1422 Non
553 1383 617 1423 est
652 1380 833 1435 pastoris
870 1380 942 1423 sed
980 1379 1276 1422 mercennarii:
1314 1379 1450 1422 locum
1486 1379 1669 1435 pastoris
1707 1378 1894 1423 obtinere
1930 1381 1973 1422 et

421 1455 620 1499 solacium
643 1456 788 1499 ovibus
809 1456 907 1513 lupo
938 1456 1123 1499 laniante
1154 1455 1409 1499 subtrahere.
1462 1455 1600 1499 Dicite
1620 1455 1721 1499 sibi:
1749 1458 1798 1499 ut
1815 1455 1969 1510 veniat,

421 1533 619 1586 ecclesiae
650 1533 900 1586 satisfaciat3
931 1534 1139 1576 neminem
1161 1532 1244 1575 nisi
1265 1532 1398 1575 Deum
1430 1532 1589 1575 timeat.
1635 1531 1830 1589 Accipiat
1858 1532 1970 1575 iura-

420 1613 575 1664 menta,
609 1609 787 1665 accipiat
818 1609 981 1652 obsides
1014 1623 1038 1652 a
1067 1609 1188 1652 nobis
1220 1622 1364 1652 secure
1393 1608 1587 1652 veniendi
1618 1608 1672 1651 ad
1701 1621 1791 1664 nos,
1827 1618 1971 1652 secure

420 1686 657 1730 revertendi
693 1686 745 1729 ad
777 1699 871 1740 vos;
911 1686 998 1729 sive
1036 1686 1080 1728 in
1119 1686 1216 1728 sede
1256 1685 1484 1742 apostolica
1519 1685 1760 1729 retinendus
1781 1684 1863 1729 ¹vel
1900 1685 1972 1728 de—

420 1762 650 1818 ponendus.
1257 1806 1260 1808 A
1612 1765 1614 1770 '
1640 1751 1643 1753 ⁵

538 1838 647 1882 Ecce
677 1852 753 1882 nos
774 1838 950 1881 Romam
971 1838 1060 1882 Deo
1094 1839 1275 1895 propitio
1298 1839 1509 1881 veniemus
1533 1838 1758 1882 constituto
1777 1828 1969 1882 termin'o‘.

422 1915 467 1959 Si
488 1915 680 1970 voluerit,
711 1915 769 1958 ibi
789 1914 874 1958 fiat.
925 1915 970 1958 Si
994 1915 1142 1958 melius
1175 1915 1324 1971 placet,
1356 1929 1451 1959 cum
1471 1915 1654 1959 nuntiis*
1676 1915 1830 1958 nostris
1850 1914 1971 1958 nobis

423 2006 651 2046 occurrere,
682 1992 760 2035 hoc
794 2005 956 2048 quoque
986 1991 1216 2035 laudamus.
1264 1992 1347 2035 Vos
1379 1992 1462 2048 ipsi
1491 2005 1644 2047 secum,
1678 1993 1880 2047 quotquot
1899 2003 1971 2034 vo-

421 2069 603 2124 lueritis,
637 2069 792 2123 venite,
831 2068 993 2123 audite,
1033 2068 1225 2111 iudicate.
1281 2067 1326 2111 Si
1357 2068 1480 2112 debet
1509 2071 1551 2112 et
1580 2070 1720 2125 potest
1749 2080 1840 2111 esse
1871 2079 1971 2123 apo-

422 2145 612 2200 stolicus,
644 2158 720 2188 nos
752 2145 832 2187 sibi
863 2145 1113 2198 obediemus.
1170 2145 1244 2188 Sin
1276 2149 1433 2200 autem,
1473 2145 1518 2188 in
1549 2147 1687 2188 vestro
1727 2134 1905 2187 arbitrio¹
1929 2146 1972 2186 et

421 2225 563 2265 nostro
604 2221 801 2276 ecclesiae
843 2221 1112 2277 provideatur
1151 2222 1255 2264 alius
1294 2220 1491 2276 ecclesiae
1528 2220 1799 2264 necessarius.
1854 2219 1971 2262 Istud

420 2312 504 2341 non
536 2298 694 2342 debetis
724 2311 888 2352 negare.
939 2297 983 2340 Si
1014 2298 1168 2340 iustum
1203 2301 1266 2340 est
1295 2297 1554 2340 sacerdotem
1585 2310 1772 2352 servare,
1811 2295 1966 2339 iustum

423 2379 486 2418 est
524 2378 565 2417 et
601 2375 690 2429 regi
728 2374 906 2429 obedire.
963 2373 1046 2416 Cur
1076 2374 1156 2416 Dei
1194 2373 1510 2429 dispositionem
1548 2373 1762 2416 destruere
1798 2372 1969 2415 molitur

422 2450 755 2493 Hildebrandus?
806 2450 863 2493 Et
892 2450 928 2493 si
967 2450 1057 2505 ipse
1087 2450 1277 2504 molitur,
1316 2462 1389 2492 cur
1421 2462 1446 2492 a
1475 2449 1592 2492 vobis
1632 2449 1711 2492 sibi
1748 2462 1831 2492 non
1870 2461 1968 2493 con-

421 2526 599 2569 traitur?
1841 2538 1843 2540 ·

540 2603 654 2645 Deus
693 2615 775 2645 non
807 2606 943 2645 'unum
975 2603 1046 2645 sed
1084 2602 1187 2645 duos
1226 2602 1384 2656 gladios
1415 2602 1517 2644 satis
1557 2615 1647 2644 esse
1685 2601 1792 2644 dixit
1805 2598 1826 2644 ¹.
1874 2601 1967 2657 Ipse

422 2692 519 2722 vero
557 2692 684 2721 unum
717 2678 807 2721 fieri
838 2679 1038 2732 intendit3
1076 2678 1174 2720 dum
1205 2691 1281 2720 nos
1313 2678 1537 2720 destituere
1575 2677 1806 2731 contendit,
1845 2690 1967 2732 quem

421 2754 535 2797 Deus
566 2756 755 2809 quamvis
786 2755 1003 2809 indignum
1035 2755 1086 2797 ab
1116 2754 1220 2810 ipsis
1249 2753 1463 2796 cunabulis
1493 2765 1632 2807 regem
1665 2752 1891 2805 ordinavit3
1926 2755 1968 2795 et

422 2831 636 2874 ordinasse
658 2831 808 2874 cotidie
840 2831 1033 2884 ostendit,
1065 2831 1100 2873 si
1131 2829 1352 2886 perpendit
1381 2828 1550 2884 aliquis:
1583 2827 1762 2884 qualiter
1789 2840 1865 2872 nos
1895 2840 1966 2887 cuf-

517 2938 544 2959 a.
575 2938 631 2959 nos
653 2939 678 2959 c.
960 2929 990 2959 b.
1021 2929 1136 2967 nuptiis
1158 2937 1183 2959 c.

517 2992 547 3026 1.
574 2992 660 3026 Luc.
679 2992 735 3036 22,
761 2991 818 3026 38.
860 2990 914 3026 Of.
933 2990 1090 3026 Udalrici
1115 2990 1195 3025 cod.
1221 3001 1255 3025 n.
1277 2990 1343 3024 113
1368 2999 1477 3034 supra
1500 3000 1536 3034 p.
1555 2989 1635 3025 203.
