2028 3438
298 385 391 420 1124

302 760 304 762 ‚
326 770 390 800 Iun.

268 2243 331 2273 Iun.
348 2244 387 2273 24

415 257 500 300 628
782 271 945 302 unoms
976 273 1080 303 vrrA
1113 272 1322 303 0⁷rT0N1s.
1367 274 1453 304 Lm.
1476 274 1510 303 11
1539 272 1572 305 4.
1590 273 1611 305 5

415 389 599 419 amorem
632 376 846 420 celestium
883 377 1047 420 facilius
1089 378 1327 422 attraheret.
1381 378 1558 422 Barbari
1596 382 1745 423 vautem
1765 379 1967 433 instinctu

412 452 573 495 inimici
605 456 647 496 et
678 453 903 497 satellitum
938 455 1039 509 eius,
1073 455 1266 498 videlicet
1296 456 1557 498 sacerdotum
1590 469 1773 512 suorum,
1809 456 1967 500 erudeli

413 529 573 585 impetu
605 543 730 587 super
760 531 938 574 famulos
971 520 1127 574 Christi
1159 532 1386 587 irruentes,
1419 536 1596 576 mortem
1628 533 1687 576 eis
1717 533 1872 578 minari
1901 546 1967 577 ce·

414 610 576 662 perunt.
623 607 712 658 Quo
733 608 836 663 viso,
871 608 954 650 dux
978 608 1201 651 admodum
1228 610 1498 653 contristatus
1530 623 1624 652 cum
1652 610 1742 654 suis
1763 611 1966 666 accurrit,

413 696 638 738 eorumque
669 684 898 728 defensioni
930 685 1107 728 viriliter
1142 686 1360 740 insistens,
1400 687 1622 730 exterritos
1659 690 1702 731 et
1739 689 1850 744 pene
1881 687 1965 731 iam

413 760 656 816 desperatos
687 775 768 804 non
801 763 972 805 minime
1004 762 1240 805 consolatus
1277 767 1352 806 est.
1475 763 1558 807 Sed
1595 767 1638 807 et
1673 763 1844 819 legatos·
1869 777 1966 807 suos

413 838 481 893 pio
507 837 651 880 Ottoni
682 839 924 893 assignavit,
958 839 1029 894 qui
1060 853 1134 895 per
1165 840 1374 883 desertum
1406 854 1617 896 magnum,
1649 842 1762 897 quod¹
1788 841 1966 885 innitue-

413 914 504 969 bat,
537 915 777 958 continuato
811 920 969 972 septem
1004 916 1162 959 dierum
1197 917 1338 973 spacio
1371 931 1464 960 eum
1495 918 1836 962 transduxerunt.
1884 917 1964 961 Ubi

412 992 570 1045 grande
590 996 890 1035 venenatorum
913 994 1156 1036 animalium
1188 994 1419 1050 periculum
1442 995 1726 1049 incurrerunt3
1758 995 1846 1050 sed,
1876 995 1965 1039 Deo

412 1071 669 1124 protegente,
700 1069 809 1112 illesi
842 1074 1075 1113 evaserunt.
1130 1071 1186 1114 Et
1216 1075 1312 1128 post
1341 1072 1418 1114 hec
1448 1072 1500 1114 ad
1531 1076 1722 1127 stagnum
1757 1072 1964 1128 quoddam

412 1149 580 1188 ventum
621 1149 704 1201 est,
746 1147 815 1189 ubi
855 1148 1168 1191 occurrentibus
1209 1149 1289 1191 sibi
1326 1148 1606 1204 Pomeranis·,
1645 1163 1822 1205 quorum
1851 1149 1964 1193 Deus

412 1223 536 1265 corda
566 1224 775 1278 tetigerat,
810 1228 851 1267 et
871 1225 980 1267 ultro
1008 1224 1104 1268 fidei
1137 1239 1185 1268 ac
1215 1225 1371 1268 lavacri
1403 1226 1599 1269 salutaris
1630 1227 1808 1281 gratiam
1838 1240 1965 1284 expe-

410 1300 616 1355 tentibuS,
657 1300 760 1344 flens
800 1315 873 1357 pre
914 1302 1064 1355 gaudio
1106 1303 1318 1358 primicias
1362 1304 1459 1346 novi
1498 1304 1635 1358 gregis
1675 1303 1778 1347 ovili
1809 1303 1965 1347 Christi

413 1377 575 1420 adiecit.
626 1377 773 1421 Altera
803 1378 869 1421 die
902 1379 952 1421 ad
986 1379 1126 1422 villam
1159 1381 1395 1436 proximam
1427 1381 1615 1436 divertit,
1653 1381 1794 1437 ibique
1823 1380 1964 1438 plures

411 1454 591 1497 Domino
625 1459 874 1511 cooperante
905 1457 1084 1499 secunde
1115 1458 1347 1500 nativitatis
1380 1462 1639 1501 sacramento
1669 1457 1869 1501 iniciavit.

531 1532 570 1574 5.
623 1532 769 1575 Tercia
807 1533 872 1575 die
919 1533 970 1575 ad
1009 1532 1238 1577 Piriscum¹
1277 1538 1458 1578 castrum
1501 1535 1697 1591 primum·
1719 1535 1964 1587 Pomeranie

411 1609 538 1663 venit,
578 1609 664 1664 ubi,
696 1610 807 1652 cives
840 1610 928 1652 eius
961 1602 1167 1667 adpfidem
1201 1611 1438 1667 exhortans,
1476 1612 1787 1667 quatuordecim
1820 1612 1964 1656 diebus

412 1686 540 1739 sedit3
580 1687 638 1729 eis
670 1687 867 1729 nimirum
900 1687 1176 1730 abnuentibus
1209 1691 1250 1731 et
1281 1703 1443 1732 servum
1477 1689 1557 1732 Dei
1589 1689 1640 1732 ad
1672 1689 1754 1732 alia
1783 1690 1964 1744 migrare

409 1763 500 1805 loca
539 1763 787 1806 facientibus
826 1778 951 1820 seque
991 1778 1140 1807 novam
1188 1765 1294 1808 hanc
1331 1765 1465 1820 legem
1506 1766 1595 1810 sine
1635 1766 1886 1822 primatumb
1923 1770 1965 1810 et

411 1841 615 1883 maiorum
639 1854 805 1883 suorum
826 1841 996 1883 consilio
1020 1842 1190 1896 aggredi
1220 1856 1302 1885 non
1325 1856 1447 1899 posse
1468 1843 1730 1887 testantibus.
1764 1844 1962 1898 Tandem,

411 1918 480 1973 pio
522 1917 673 1960 Ottone
712 1918 888 1961 assiduis
928 1932 1003 1974 pro
1043 1919 1276 1962 salvacione
1316 1934 1458 1963 eorum
1498 1921 1689 1977 precibus
1727 1921 1962 1975 incubante,

411 1995 563 2050 spiritu
601 1994 678 2037 Dei
719 1995 789 2050 qui
827 1995 897 2038 ubi
937 1996 1025 2038 vult
1064 1995 1218 2052 spirat⁹¹
1259 2000 1299 2039 et
1336 1998 1402 2039 cui
1439 1997 1528 2040 vult
1565 1995 1809 2042 miseretur³
1845 1998 1961 2053 tacti,

412 2075 680 2114 assenserunt
718 2076 777 2126 et,
825 2073 920 2127 iugo
967 2072 1063 2115 fidei
1103 2073 1209 2116 colla
1251 2074 1563 2129 submittentes,
1609 2075 1813 2131 baptizati
1852 2079 1960 2130 sunt,

411 2152 615 2204 quotquot
645 2153 764 2192 erant
795 2150 1051 2205 preordinati
1084 2151 1136 2192 ad
1168 2151 1296 2193 vitam
1329 2154 1515 2193 eternam
1527 2148 1553 2194 ⁴.

528 2226 672 2281 Itaque
703 2226 745 2268 in
767 2226 986 2269 nativitate
1008 2228 1139 2270 sancti
1162 2227 1356 2270 Iohannis
1384 2227 1565 2283 baptiste
1597 2228 1650 2271 ad
1670 2232 1852 2272 castrum
1873 2242 1961 2272 ma-

410 2315 535 2356 gnum
561 2300 733 2345 Gamin⁵
756 2303 927 2358 dictum,
960 2304 1028 2347 ubi
1052 2304 1169 2347 sedes
1192 2304 1307 2346 ducis
1330 2308 1404 2358 est,
1438 2305 1638 2360 pervenit.
1679 2305 1759 2348 Ubi
1782 2305 1961 2348 multum

409 2382 575 2435 tempus
613 2379 656 2422 id
696 2383 759 2422 est
797 2380 1106 2434 quatuordecim
1147 2381 1397 2424 ebdomadas
1435 2381 1501 2424 vel
1540 2382 1719 2438 amplius
1758 2382 1959 2437 residens,

410 2455 604 2498 ecclesias
636 2456 687 2498 de
717 2456 846 2499 ramis
879 2457 1087 2512 arborum,
1119 2461 1166 2500 ut
1195 2457 1359 2500 novella
1389 2462 1487 2500 tuno
1518 2458 1728 2514 plantacio
1754 2459 1959 2514 exigebat,

409 2533 662 2586 construxit3
696 2536 738 2576 et
767 2534 857 2589 ipse
879 2534 1046 2589 quidem
1066 2535 1260 2589 infanteS,
1293 2538 1581 2590 cooperatores
1603 2538 1742 2578 autem
1764 2536 1828 2579 sui
1848 2536 1959 2580 viros

410 2612 451 2651 et
488 2610 682 2652 mulieres
721 2611 773 2652 ad
805 2610 1015 2653 Christum
1048 2611 1299 2655 confluentes
1337 2611 1620 2667 baptizabant.
1742 2612 1831 2655 Illic
1860 2626 1959 2667 ergo

408 2686 451 2727 in
483 2687 782 2729 catezizatione
812 2687 1060 2742 requisitum
1092 2692 1154 2731 est
1185 2701 1209 2730 a
1240 2687 1504 2742 mulieribUS,
1537 2689 1646 2743 quod
1677 2689 1856 2732 infantes
1886 2703 1959 2732 ne-

409 2761 596 2805 cassent⁶
629 2787 680 2792 ——
712 2777 807 2806 nam
841 2764 1086 2807 crudelitate
1117 2765 1319 2820 paganica
1349 2764 1509 2820 puellas
1540 2778 1708 2820 necare,
1750 2769 1792 2809 et
1821 2779 1958 2809 mares

505 2889 531 2909 a.
563 2880 831 2910 Pomerauensibus
858 2880 887 2911 O.
1013 2882 1040 2911 b.
1073 2883 1203 2920 primatu
1229 2881 1259 2912 0.

505 2943 536 2976 1.
563 2943 696 2988 Pyritz.
817 2945 849 2978 2.
876 2943 951 2978 Ioh.
971 2945 1003 2988 3,
1029 2945 1062 2979 8.
1175 2946 1208 2979 3.
1234 2945 1336 2979 Rom.
1356 2945 1387 2989 9,
1407 2945 1462 2979 18.
1572 2946 1607 2980 4.
1634 2945 1715 2981 Act.
1739 2956 1796 2991 ap.
1817 2947 1871 2991 13,
1897 2946 1956 2982 48.

409 3000 442 3035 5.
467 3000 648 3036 Kammin.
745 3003 777 3037 6.
804 3002 826 3036 i.
845 3012 875 3037 e.
894 3003 1061 3038 mulieres
1081 3003 1323 3048 interrogatae
1341 3006 1435 3048 sunt,
1462 3013 1547 3038 num
1572 3002 1728 3040 infantes
1752 3007 1955 3041 necassent.
