2028 3438
466 261 707 293 mnnonm
738 259 999 303 numo-ue„
1029 260 1117 290 121ss.
1139 259 1158 290 1
1191 258 1234 291 18
1553 246 1637 289 717

59 365 173 426 ιώειῆ·
201 367 278 413 ’σεδ
300 376 477 427 propter
505 384 586 423 eos,
620 369 693 427 qui
722 369 782 411 ab-
805 368 876 411 illo
897 366 1054 426 fuyere
1074 381 1125 409 ac
1144 366 1302 409 salvari
1327 367 1508 423 cupiunt,
1541 367 1642 424 quia

59 445 254 493 hun-‘um
289 446 552 504 multiplicati
578 453 682 488 sunt
716 461 842 502 super
871 452 1050 498 terra-m,
1091 451 1130 486 et
1165 443 1336 486 cenobia
1373 443 1643 500 multiplicari

59 522 297 568 anoiaedum
323 538 408 567 non
439 523 508 567 est.
569 524 632 566 Ab
663 524 780 565 initio
810 522 955 575 seculi,
996 536 1088 564 cum
1122 522 1255 577 pauci
1285 526 1416 562 essent
1444 519 1639 572 homines,

61 600 302 646 -necesenrt'a
330 607 423 645 erat
450 600 662 643 hominum
689 601 966 657 propaqati05
999 607 1038 642 et
1065 600 1158 641 ideo
1190 613 1273 640 non
1295 597 1556 639 continebant
1584 612 1638 649 se,

69 677 144 722 nd
170 679 378 722 nubebant
413 693 555 721 omnes
592 685 630 720 et
664 684 839 734 nuptum
871 678 1038 721 dabant.
1103 677 1230 719 Nunc
1261 682 1397 716 autem
1428 672 1568 728 inquit
1597 675 1642 715 in

59 756 433 816 fiocneulomm,
479 755 760 812 multiplicatis
800 754 1032 797 hominibus
1069 769 1193 811 super
1228 767 1464 805 numerum,
1513 751 1642 793 conti-

69 834 208 877 nentie
235 828 396 891 teinpus
426 840 509 887 ειη
539 833 747 875 continere
779 833 924 875 debent
953 832 1149 884 homines,
1183 830 1429 888 quicumque
1454 835 1641 885 possunt,

71 910 510 970 aequemus-eveo.
572 910 830 952 Continentia
868 925 964 951 vero
997 917 1035 952 et
1065 909 1148 951 alia
1180 907 1407 950 sanctitatis
1438 891 1568 963 opera
1599 906 1643 947 in

70 989 251 1034 cenobiis
283 987 436 1031 melius
471 1002 598 1046 quam
630 995 746 1030 eoetra
786 988 996 1030 observari
1036 977 1182 1043 potest.
1248 983 1331 1027 Hec
1360 983 1486 1025 michi
1516 998 1642 1025 causa

68 1064 209 1122 inquit
232 1065 440 1124 fuigwlzec
470 1066 639 1108 intentio
669 1065 974 1121 multiplicandi
1003 1064 1184 1106 cenobia.
1231 1062 1292 1104 Ec
1320 1069 1366 1103 ut
1396 1060 1558 1118 aliq-uid
1578 1075 1642 1101 se-

59 1143 486 1194 'cundumlwminem
515 1142 678 1200 loquar,
712 1143 810 1184 dum
836 1142 1067 1202 proficiunt
1097 1148 1219 1198 atque
1244 1146 1502 1181 succrescunt
1523 1153 1642 1179 ceno-

71 1221 145 1264 bia
169 1221 317 1264 mediis
344 1228 385 1263 et
414 1221 686 1264 oblationibus
716 1220 923 1279 fidelium,
956 1220 1060 1261 sicut
1089 1220 1134 1260 in
1158 1218 1370 1274 plerisque
1401 1216 1500 1258 locis
1530 1215 1642 1257 vide-

68 1312 248 1341 mur-
280 1299 394 1356 quia,
425 1298 626 1340 tribuente
646 1297 755 1350 Deo,
782 1297 1048 1354 promtuaria
1081 1310 1222 1338 corum
1248 1294 1390 1350 plena,
1426 1299 1643 1335 eructuan-

64 1377 213 1422 ,tia—es
241 1375 320 1418 hoo
347 1376 392 1418 in
420 1374 549 1428 illud,
571 1390 663 1417 oves
695 1389 836 1416 eorum
857 1373 1006 1431 fetose,
1039 1373 1324 1416 habundantes
1354 1372 1398 1413 in
1420 1370 1645 1427 eyressibus

69 1455 175 1507 suis,
206 1453 328 1498 bones
357 1467 500 1496 eorum
530 1447 704 1504 crasse²,
743 1453 1010 1508 ipsorumque
1041 1451 1287 1507 providente
1316 1448 1524 1497 sollertia,
1561 1461 1644 1488 non

58 1531 290 1574 ‚estruina
312 1531 491 1573 macerie
521 1545 652 1587 neque
688 1524 906 1571 transitu?
936 1528 1092 1570 inutilis
1122 1528 1166 1569 in
1197 1527 1296 1568 satis
1336 1533 1374 1567 et
1408 1525 1544 1581 pratis
1576 1539 1643 1566 eo-

69 1619 165 1651 mm
190 1628 238 1638 ·-
269 1614 443 1664 possunt
468 1622 766 1665 nonnunquam
796 1606 945 1648 honori
976 1612 1097 1662 atque
1127 1604 1295 1646 utilitati
1326 1618 1410 1644 esse
1439 1603 1525 1644 suis
1557 1603 1643 1659 epi-

70 1687 225 1744 scopis-
266 1684 317 1728 Se·
344 1700 440 1728 vcro
471 1692 610 1728 tennes
635 1692 673 1727 et
698 1699 920 1741 pauperes,
953 1682 1104 1725 habent
1123 1666 1371 1723 successores
1401 1681 1494 1733 mei,
1530 1681 1646 1737 apud

73 1777 176 1821 quos
205 1769 406 1820 oportune
435 1763 632 1806 collocent
651 1762 893 1804 elemosinas
922 1776 1031 1813 suas,
1066 1768 1104 1802 et
1125 1760 1403 1801 occasionem⁰
1434 1759 1646 1800 inveniunt

73 1839 359 1898 benefaciendi
395 1839 625 1892 honestam,
671 1840 708 1881 si
744 1854 855 1881 meos
885 1838 1070 1880 surculos
1101 1836 1318 1893 irriyando
1349 1851 1446 1878 suas
1477 1837 1645 1878 arbores

63 1908 392 1982 juviana-‘sicut
423 1925 461 1960 et
491 1933 564 1975 eqo
598 1917 776 1959 aliorum
807 1931 919 1958 meas
941 1915 1033 1972 feci
1053 1915 1227 1972 aliquas.
1276 1913 1335 1956 Et
1354 1913 1531 1970 facilius
1552 1914 1643 1971 qui-

62 1996 167 2047 dem
197 2002 257 2038 est
282 1995 476 2039 inchoata
502 2010 746 2051 promovere
777 2009 901 2051 quam
934 2009 995 2045 ea,
1037 2008 1114 2049 que
1146 1991 1259 2034 nulla
1290 1998 1395 2043 sunt,
1435 1990 1642 2033 inchoare.

71 2072 199 2116 Initia
230 2073 339 2116 enim
367 2087 508 2115 rerum
540 2071 736 2130 difficilia
766 2078 870 2113 sunt.
936 2070 1070 2122 Unde,
1110 2071 1146 2111 si
1177 2070 1249 2126 qui
1279 2069 1337 2110 ad
1365 2067 1644 2110 inchoandum

73 2150 176 2193 talia
207 2150 320 2193 tardi
339 2149 505 2208 fuerint
535 2157 573 2192 et
602 2149 749 2202 timidi,
781 2149 847 2190 vel
874 2149 975 2190 meis
997 2148 1132 2189 iniciis
1151 2147 1333 2203 meisque
1353 2144 1644 2201 fundamentis

73 2228 118 2270 in
155 2229 320 2276 nomine
359 2228 534 2271 Domini
575 2221 924 2285 superedificare⁴
965 2226 1245 2282 accinyanmr.
1309 2221 1432 2265 Tales
1471 2234 1642 2264 suorum

74 2316 250 2362 operum
281 2303 355 2348 ille
384 2304 570 2348 rationes
601 2302 775 2346 reddere
805 2315 890 2344 non
912 2301 1162 2356 dedignatus
1185 2304 1263 2353 est,
1299 2299 1377 2342 hoc
1399 2298 1480 2341 fine
1501 2299 1643 2341 omnia

75 2381 348 2426 concludens:
381 2390 426 2426 ut
456 2384 502 2425 in
535 2382 725 2424 omnibus
757 2381 1051 2435 honorificetur
1072 2375 1215 2422 Deus⁵
1249 2387 1285 2421 et
1310 2379 1532 2434 promimus
1564 2378 1642 2419 ad-

73 2461 249 2504 iuvetur.
386 2459 474 2503 Nec
503 2472 598 2503 eum
631 2458 775 2514 utiquc
807 2471 903 2514 spes
934 2456 1096 2500 fefellit.
1150 2454 1284 2498 Multa
1317 2455 1427 2498 enim
1450 2454 1560 2497 bona
1591 2468 1643 2498 ex

63 2537 166 2582 ‚eius
210 2536 362 2581 studiis
407 2536 451 2579 in
497 2535 674 2579 ecclesia
718 2548 950 2591 provenere
997 2537 1123 2589 atque
1161 2532 1415 2590 proveniunt
1457 2531 1640 2575 cottidie.

74 2613 183 2666 Quid
214 2614 326 2658 enim
357 2616 482 2671 putas
513 2613 558 2656 in
589 2615 653 2656 tot
681 2612 797 2655 cellis
819 2616 861 2655 ct
881 2611 1064 2655 cenobiis
1086 2610 1175 2653 Deo
1198 2610 1364 2653 servicii
1395 2613 1438 2653 et
1458 2610 1642 2665 honoris,

76 2691 176 2748 quid
206 2692 400 2750 proximo
432 2690 577 2734 solacii
609 2689 830 2733 exhibetur
852 2692 894 2732 et
917 2688 1138 2731 utilitatis?
1196 2686 1326 2742 Signa
1355 2686 1443 2750 illic
1474 2690 1516 2730 et
1546 2701 1644 2744 por-

75 2772 194 2813 tenta
224 2782 300 2826 per
331 2782 426 2812 eum
459 2771 501 2811 et
530 2781 606 2824 per
637 2767 727 2810 eius
759 2779 889 2823 opera
918 2764 1026 2808 fiunt
1056 2765 1248 2818 cottidie3
1290 2768 1331 2808 et
1369 2764 1406 2807 si
1436 2778 1521 2807 non
1553 2777 1644 2808 cor-

173 2897 200 2918 a.
232 2887 407 2918 occasiones
430 2887 471 2923 N,
494 2887 684 2917 occasionem
710 2884 772 2916 CB.

172 2957 206 2992 1.
234 2957 252 2992 1
270 2956 398 3002 Ioh.5,
420 2957 475 2992 19.
587 2957 621 2991 2.
647 2954 880 2999 Ps.143,13.
902 2954 957 2989 14.
1069 2954 1103 2989 3.
1130 2953 1365 2999 Ps.143‚14.
1474 2953 1509 2988 4.
1538 2953 1555 2988 1
1576 2952 1643 2988 oo-

75 3014 183 3052 rinth.
201 3016 235 3061 3,
257 3017 312 3051 10.
456 3015 490 3051 5.
520 3016 537 3050 1
556 3014 703 3060 Petr.4‚
723 3015 780 3049 11.
