2028 3438
393 230 449 273 32
741 276 751 282 ,
888 241 1109 274 UDALRICI
1138 242 1305 274 oonnx.
1354 242 1386 275 9.
1407 241 1450 274 10

274 357 367 392 1020
391 346 549 390 Mariae
586 348 629 389 et
666 346 800 389 sancti
837 345 1053 402 Andreae,
1093 348 1221 391 situm
1259 348 1302 391 in
1341 348 1431 391 loco
1471 347 1543 403 qui
1581 350 1754 391 vocatur
1792 345 1942 391 Gessia

283 406 355 444 ΑΝ·
390 423 436 466 in
466 423 666 466 comitatu
695 422 900 479 Liubana,
932 437 957 467 a
986 424 1118 468 bonae
1147 425 1374 468 memoriae
1393 424 1580 468 Aribone
1610 426 1652 468 et
1670 423 1809 468 Adala
1832 431 1936 483 θοῇ-

390 500 487 555 iuge
517 513 593 543 sua
621 500 836 557 inceptum
867 503 909 543 et
939 513 964 543 a
1001 499 1088 544 filio
1118 514 1262 545 eorum
1291 501 1477 545 Aribone
1508 500 1739 545 venerabili
1767 500 1940 547 diacono

390 577 618 633 perfectum
653 579 695 620 et
723 577 768 619 in
797 576 992 621 libertate
1022 577 1282 622 dilectissimi
1316 577 1394 621 filii
1423 577 1644 632 H(einrici)
1674 577 1940 635 imperatoris

391 654 673 708 commissum,
703 653 893 697 inclinati
923 654 1115 710 precibus
1145 655 1296 698 vestris
1326 658 1369 699 et
1397 655 1620 712 praecipue
1650 654 1942 712 deprecatione

391 729 491 774 dicti
535 730 802 786 imperatoris
848 733 890 774 et
929 730 1167 775 interventu
1212 731 1396 775 eiusdem
1444 731 1643 776 Aribonis
1688 730 1938 776 venerabilis

391 807 561 850 diaconi·
592 807 836 863 perfectoris
877 807 1063 851 eiusdem
1098 807 1200 863 loci,
1248 808 1512 852 concedimus
1559 811 1602 852 et
1646 806 1940 852 confirmamus

389 884 508 927 vobis
540 886 582 927 et
612 884 686 939 eis,
719 897 824 939 quae
845 883 963 927 vobis
994 885 1213 929 succedere
1244 885 1396 929 debent
1415 886 1460 928 in
1479 887 1751 942 perpetuum,
1783 884 1940 928 dictum

389 960 690 1004 monasterium
730 973 824 1004 cum
862 961 1053 1005 omnibus
1091 962 1362 1018 pertinenciis
1409 962 1495 1005 suis
1536 966 1578 1006 et
1613 961 1939 1017 integritatibus,

390 1037 478 1081 vel⁸
506 1051 585 1093 que
605 1037 754 1081 modob
784 1037 910 1081 habet
930 1038 997 1081 vel
1016 1038 1255 1082 habiturum
1278 1042 1342 1082 est
1364 1039 1409 1082 in
1436 1042 1706 1096 perpetuum3
1737 1039 1800 1083 ita
1825 1051 1939 1094 sane,

390 1119 438 1158 ut
468 1115 642 1170 singulis
667 1114 899 1170 quibusque
919 1115 1216 1159 indictionibus
1238 1115 1451 1172 pensionis
1471 1115 1640 1159 nomine
1659 1129 1767 1174 unus
1788 1128 1940 1161 vaureus

392 1192 548 1235 solidus
580 1195 747 1235 sanctae
767 1191 979 1236 Romanae
1011 1192 1209 1236 ecclesiae
1229 1193 1504 1250 persolvatur.
1553 1192 1792 1237 Statuentes
1813 1193 1940 1248 igitur

391 1269 620 1325 apostolica
657 1269 905 1312 auctoritate
942 1282 1180 1324 censemus,
1227 1273 1274 1313 ut
1319 1269 1423 1312 nulli
1462 1283 1661 1324 umquam
1699 1269 1938 1313 mortalium

389 1346 514 1390 liceat
544 1350 690 1389 contra
717 1349 906 1389 tenorem
926 1346 1049 1389 huius
1069 1346 1203 1389 nostri
1233 1346 1444 1403 privilegii
1463 1347 1678 1401 insurgere
1699 1346 1938 1403 usurpando

391 1426 433 1466 et
462 1423 696 1466 invadendo
729 1423 887 1479 aliquid
917 1423 968 1466 de
998 1423 1331 1480 possessionibus
1362 1423 1605 1467 monasterii
1638 1422 1706 1467 vel
1736 1423 1787 1466 de
1815 1423 1939 1468 rebus

391 1500 682 1543 ecclesiasticis
722 1500 809 1543 sive
841 1500 892 1543 de
923 1500 1020 1555 hoc,
1061 1500 1171 1556 quod
1202 1500 1324 1543 modo
1354 1500 1480 1544 habet
1509 1499 1575 1543 vel
1604 1499 1845 1543 habiturum
1877 1503 1941 1544 est

390 1577 435 1619 in
465 1580 728 1633 perpetuum,
760 1590 834 1619 seu
853 1577 1122 1632 inquietando
1144 1589 1216 1620 vos
1238 1580 1510 1632 posterasque
1529 1579 1703 1620 vestras.
1757 1576 1803 1620 Si
1831 1576 1938 1632 quiS,

392 1653 502 1709 quod
531 1666 615 1696 non
647 1656 853 1709 optamus,
884 1653 1050 1696 nefario
1076 1667 1179 1697 ausu
1210 1653 1288 1696 hoc
1306 1656 1497 1696 nostrum
1527 1653 1794 1712 privilegium
1824 1653 1893 1710 pie
1915 1667 1940 1696 a

389 1730 510 1773 nobis
540 1730 850 1786 promulgatum
883 1730 928 1772 in
944 1724 1167 1786 ‘quoquam
1189 1730 1447 1786 perfringere
1478 1733 1550 1773 aut
1572 1743 1774 1774 evacuare
1804 1733 1939 1787 temp-

389 1807 555 1862 taverit,
586 1807 695 1850 iram
725 1806 805 1850 Dei
835 1807 1023 1850 incurrat
1053 1811 1094 1850 et
1123 1807 1326 1863 principis
1358 1806 1654 1863 apostolorum,
1690 1809 1815 1862 atque
1844 1819 1937 1850 cum

390 1884 493 1927 Iuda
522 1884 723 1927 traditore
754 1883 924 1926 Domini
953 1884 998 1926 in
1027 1884 1189 1927 inferno
1217 1884 1405 1927 inferiori
1433 1883 1693 1940 dampnetur.
1741 1882 1821 1935 Qui
1840 1896 1937 1926 vero

389 1961 460 2018 pio
491 1961 646 2003 intuitu
676 1963 814 2003 custos
846 1963 888 2004 et
918 1960 1161 2004 observator
1190 1961 1313 2004 huius
1342 1961 1476 2003 nostri
1499 1959 1709 2017 privilegii
1738 1959 1937 2015 extiterit,

391 2037 567 2092 gratiam
589 2037 669 2080 Dei
700 2040 976 2093 consequatur
997 2040 1039 2081 et
1070 2037 1353 2094 apostolorum
1383 2035 1585 2094 principis
1608 2037 1937 2080 benedictionem

390 2117 601 2157 mereatur
632 2117 756 2169 atque
787 2127 882 2157 eum
914 2113 1055 2157 electis
1086 2115 1131 2157 in
1161 2114 1329 2157 caelesti
1352 2114 1620 2157 tabernaculo
1649 2114 1694 2157 in
1725 2117 1940 2158 aeternum

389 2191 581 2235 laetetur.
704 2189 914 2247 Scriptum
951 2204 1028 2247 per
1065 2204 1214 2234 manus
1246 2190 1448 2247 Stephani
1484 2190 1692 2234 scriniarii
1726 2190 1938 2234 Romanae

390 2268 589 2312 ecclesiae
618 2268 663 2310 in
692 2281 835 2311 mense
864 2266 1017 2324 Aprili,
1048 2268 1273 2328 indictione
1302 2267 1443 2311 tercia.

397 2409 476 2454 10.
507 2410 774 2452 Eberhardus
805 2409 837 2451 I
868 2411 1083 2466 episcopus
1115 2410 1434 2465 Bamberqensis
1472 2423 1565 2451 cum
1594 2408 1652 2451 N.
1685 2410 1829 2452 comite
1864 2409 1936 2451 bo-

508 2501 658 2528 norum
682 2488 1029 2542 permutationem
1053 2487 1203 2542 faciff'.
1555 2518 1563 2523 .
1789 2484 1841 2536 (Ε
1864 2484 1936 2537 86)

247 2585 365 2620 1020?
506 2573 660 2616 Notum
692 2574 748 2616 sit
778 2574 968 2617 omnibus
991 2574 1146 2617 Christi
1165 2573 1354 2616 fidelibus
1385 2575 1473 2615 tam
1498 2572 1650 2615 futuris
1672 2585 1796 2627 quam
1815 2585 1938 2628 prae-

240 2635 366 2664 N⁰V·¹⁶
391 2649 590 2704 sentibus,
623 2649 801 2704 qualiter
832 2664 929 2705 ergo
959 2650 1274 2704 E(berhardus),
1314 2649 1472 2705 primus
1504 2652 1671 2692 sanctae
1700 2648 1936 2692 Babenber-

390 2726 530 2780 gensis
569 2725 765 2769 eeclesiae
801 2726 891 2769 Deo
931 2731 1138 2771 annuente
1170 2727 1415 2783 episcopus,
1455 2725 1662 2781 quoddam
1699 2726 1853 2768 bonum
1883 2724 1934 2768 N.

391 2802 547 2845 dictum
585 2815 680 2845 cum
719 2803 804 2846 suis
841 2804 1127 2859 pertinentiis,
1173 2805 1386 2859 sumptum
1424 2802 1474 2845 de
1515 2802 1720 2858 stipendio
1757 2802 1934 2844 fratrum

390 2879 494 2922 inibi
532 2879 621 2922 Deo
660 2879 948 2934 servientium,
989 2881 1132 2923 comiti
1170 2879 1220 2922 N.
1253 2879 1462 2922 communi
1501 2878 1671 2921 oonsilio
1710 2882 1798 2921 tam
1835 2877 1935 2920 cleri

483 2982 509 3003 a.
540 2982 596 3003 om.
616 2973 646 3002 V.
770 2973 799 3002 b.
832 2982 889 3012 que
911 2974 1060 3012 quomodo
1083 2973 1112 3003 V.
1237 2981 1262 3002 c.
1295 2982 1332 3003 eae
1354 2972 1382 3003 V
1398 2973 1571 3009 33v—34,
1594 2972 1623 3002 Z
1635 2981 1668 3011 p.
1683 2972 1749 3002 147.
