2028 3438
606 257 830 291 &1311me
856 259 1029 291 connx.
1080 257 1148 291 168
1579 247 1665 291 299

94 365 371 424 turpitudine,
399 365 522 423 quasi
542 366 597 410 ad
617 365 977 411 confirmationem
999 366 1294 421 fraternitatis,
1317 366 1495 422 singulis
1515 367 1667 411 misce·
1693 387 1724 413 c.
1739 377 1834 413 1115

110 519 454 578 ‘was-Presbyter«
467 505 597 569 etiam
641 521 832 577 quidam,
871 520 1202 566 Everwacherus
1242 521 1434 576 nomine,
1473 535 1499 564 a
1529 535 1668 565 sacer-

95 597 464 654 dotalildignitate
495 601 761 656 apostatans,
795 598 969 642 nefandi
999 599 1181 642 hominis
1212 599 1457 654 magisterio
1489 599 1665 643 adhesit.

96 674 189 728 Quia
206 675 333 719 etiam
363 675 484 719 illum
514 675 692 719 Roinam
722 680 992 733 prosecutus,
1034 676 1249 719 maritima
1278 676 1373 719 loca
1394 700 1449 706 -—
1473 680 1668 732 quartam

96 752 449 810 scilicetpartem'
472 753 739 811 episcopatus
759 755 895 797 nostri
916 778 972 784 —
991 754 1292 797 Teruwanensi
1313 754 1527 811 episcopio
1547 755 1667 809 regni

95 828 300 885 Franciae
331 831 581 874 auctoritate
602 831 745 874 domni
766 844 905 888 papae
934 832 1208 875 atterminare
1229 834 1402 875 conatus
1425 835 1510 885 cst3
1544 845 1668 890 quem

97 907 238 952 etiam-
253 921 283 951 a
312 908 539 952 sanctitate
571 912 711 952 vestra
741 909 957 952 detentum
998 909 1235 952 audivimus
1267 912 1310 952 ct
1339 909 1476 963 gavisi
1507 923 1665 952 sumus.

96 984 213 1029 Idem
243 984 478 1042 presbyter,
511 999 588 1043 per
608 987 750 1029 omnia
770 986 1015 1029 Tanchelmi
1047 989 1243 1041 assertor,
1275 986 1459 1030 decimas
1486 986 1668 1029 fratrum

97 1062 299 1107 ecclesiae
327 1063 463 1107 sancti
484 1062 599 1107 Petri
629 1064 799 1119 invasit,
831 1063 1112 1121 presbiterum
1143 1064 1333 1121 ipsorum
1355 1067 1519 1107 armata
1539 1077 1668 1107 manu

98 1139 306 1184 aballiari
337 1144 380 1184 et
409 1141 587 1185 ecclesia
617 1142 750 1185 eiecit.

185 1243 189 1247 -
216 1217 387 1263 Infinita·
415 1221 527 1274 sunt,
559 1219 741 1274 domine,
772 1219 939 1262 illorum
973 1219 1145 1275 scelera,
1178 1232 1355 1275 quorum
1385 1218 1570 1276 plurima
1589 1232 1667 1276 pro

98 1294 317 1353 epistolari
348 1296 555 1340 brevitate
575 1298 901 1354 suppressimus.
949 1296 1040 1340 Hoc
1062 1296 1116 1340 ad
1141 1309 1349 1339 summam
1373 1297 1531 1341 dixisse
1553 1296 1668 1340 suffi-

98 1373 205 1421 ciat:
239 1374 505 1418 res-divinas
535 1374 776 1417 intantum
810 1374 974 1418 venisse
1014 1377 1323 1431 contemptum,
1363 1378 1411 1418 ut
1449 1379 1669 1432 reputetur

98 1451 298 1508 sanctior,
330 1451 562 1508 cuicunque
592 1452 719 1496 fuerit
750 1452 927 1496 ecclesia
957 1452 1207 1509 despectior.

218 1528 326 1581 Quia
360 1529 517 1585 igitur,
552 1534 697 1573 sancte
733 1533 875 1587 pater,
917 1530 1062 1573 divina
1099 1530 1408 1585 misericordia,
1449 1530 1669 1574 ecclesiam

99 1619 220 1651 suam
246 1607 409 1650 diutius
448 1607 680 1665 periclitari
711 1620 795 1650 non
835 1608 1068 1662 sustinens,
1109 1607 1204 1651 illos
1235 1609 1279 1651 in
1317 1622 1467 1652 manus
1506 1612 1669 1652 vestras

98 1683 289 1740 tradidit,
319 1694 519 1740 rogamus
550 1689 592 1728 et
623 1685 890 1729 obsecramus
921 1685 966 1728 in
993 1685 1196 1729 Domino:
1226 1699 1280 1729 ne
1311 1700 1393 1742 qua
1423 1686 1587 1730 ratione
1617 1686 1670 1730 de

98 1761 294 1806 manibus
326 1762 479 1806 vestris
511 1762 743 1806 elabantur.
798 1762 900 1818 Qui,
932 1763 969 1806 si
1001 1763 1134 1820 elapsi
1164 1764 1335 1819 fuerint,
1367 1764 1669 1807 denunciamus

98 1840 219 1884 vobis
249 1843 294 1884 et
322 1840 414 1884 sine
443 1841 559 1884 omni
591 1840 864 1895 ambiguitate
897 1843 1184 1896 attestamur⁰,
1215 1842 1403 1885 futuram
1435 1845 1477 1886 et
1504 1842 1670 1886 inrecu-

99 1917 329 1975 perabilem
368 1918 568 1962 ecclesiae
606 1922 776 1962 nostrae
812 1920 1018 1962 iacturam
1058 1923 1101 1963 et
1137 1919 1398 1963 infinitarum
1439 1920 1671 1977 perniciem

101 1995 351 2039 animarum.
398 1996 527 2052 Vere,
565 1996 754 2052 domine,
794 1997 1090 2051 gravissimum
1129 2011 1270 2041 casum
1312 1997 1489 2041 ecclesia
1525 2002 1672 2042 nostra

101 2073 345 2130 sustinebit,
376 2074 413 2118 si
445 2074 652 2130 quomodo
683 2074 779 2117 illos
812 2075 988 2118 evadere
1026 2076 1271 2131 contigerit,
1314 2090 1492 2132 quorum
1532 2090 1670 2119 sermo

99 2151 219 2196 iuxta
244 2151 493 2209 >apostolum
524 2154 572 2195 ut
608 2165 758 2195 cancer
789 2150 944 2209 serpit¹
981 2156 1022 2196 et
1057 2153 1312 2210 simplicium
1352 2154 1515 2196 animas
1554 2154 1673 2198 blan·-

101 2229 254 2273 diendo
286 2215 469 2286 perimit.
516 2229 638 2272 Nunc
669 2243 833 2286 quoque
864 2230 916 2274 ob
948 2230 1026 2274 hoc
1058 2231 1198 2288 ipsum
1220 2231 1492 2274 antichristus
1512 2235 1670 2287 noster,

101 2306 351 2351 monachum
374 2307 590 2363 mentitus,
612 2308 806 2364 exemplo
823 2308 973 2365 capitis
994 2308 1122 2364 illius,
1145 2309 1262 2352 cuius
1283 2308 1519 2352 membrum
1535 2309 1671 2353 factus

103 2388 180 2441 est,
212 2385 257 2428 in
290 2385 486 2440 angelum
516 2385 621 2428 lucis
654 2399 699 2428 se
730 2385 1060 2441 transfiguravit,
1092 2389 1140 2429 ut
1171 2400 1218 2429 eo
1251 2387 1438 2429 securius
1461 2387 1670 2443 illuderet,

103 2476 184 2520 quo
201 2462 411 2507 versutius
433 2463 615 2519 speciem
638 2464 875 2506 sanctitatis
897 2463 1118 2507 simulatae
1136 2464 1397 2520 sumpsisset.
1444 2464 1670 2521 Rogamus,

103 2540 272 2584 domine
308 2543 356 2583 ut
391 2540 504 2584 iusta
540 2540 829 2595 indignatione
867 2542 1122 2585 moveamini
1162 2542 1363 2586 adversus
1402 2541 1672 2586 detestandos

103 2618 378 2675 dissipatores
410 2617 622 2661 ecclesiae.

223 2695 532 2751 Augustinusb:
559 2696 738 2750 Quando
761 2697 849 2740 vult
863 2697 982 2740 Deus
1005 2699 1213 2740 concitare
1230 2706 1451 2754 potestates
1473 2701 1671 2742 adversus

91 2776 381 2834 *scismaticoffi
422 2776 621 2817 adversus
661 2775 880 2827 hereticos,
921 2776 1120 2817 adversus
1159 2777 1432 2832 dissipatores
1463 2778 1670 2830 ecclesiae,

105 2853 304 2895 adversus
337 2852 623 2908 exsufflatores
646 2851 813 2905 Christi,
847 2867 932 2894 non
961 2854 1177 2906 mirentur,
1209 2855 1311 2910 quia
1331 2855 1450 2897 Deus
1479 2856 1670 2907 concitat,

202 2961 229 2982 a.
261 2952 408 2982 testamur
429 2951 468 2982 B.
614 2952 644 2983 b.
677 2952 720 2983 ait
740 2951 965 2992 superscripsit
986 2951 1055 2983 alia
1074 2961 1186 2984 manus
1206 2953 1242 2984 in
1263 2954 1293 2985 V.

202 3016 234 3050 1.
260 3015 283 3051 2
299 3014 393 3050 Tim.
411 3016 444 3061 2,
464 3015 519 3051 17.
