2028 3438
425 288 510 331 668
758 301 920 332 nssoms
951 301 1057 332 vri-A
1088 301 1294 333 o'r‘roms.
1342 301 1428 332 Lm.
1450 301 1502 331 111
1535 298 1652 333 1213

308 417 397 452 1127
424 406 599 450 Mizlaus
630 407 839 464 princeps,
871 407 950 451 Dei
982 408 1250 464 preveniente
1280 408 1416 462 gratia
1447 410 1732 463 compunctus,
1769 405 1883 452 totus
1911 408 1973 452 la-

423 484 564 527 crimis
596 487 660 528 est
698 484 891 541 perfusus
931 488 973 527 et
1009 485 1126 539 gravi
1165 484 1345 541 suspirio
1382 483 1578 527 frendens
1616 484 1661 526 in
1693 483 1972 542 semeffipso‘:

422 562 562 604 Deum
594 561 653 603 ait
682 570 819 604 testem
848 564 1016 604 invoco.-
1056 563 1187 618 quod,
1230 564 1307 604 etsi
1336 576 1486 617 corpus
1517 576 1651 604 meum
1689 577 1779 618 prov
1809 565 1975 606 nontine

423 640 509 680 eius
548 640 740 681 martirio
772 653 1075 691 consecrarem,
1122 653 1207 680 non
1245 638 1427 695 amplius
1468 639 1572 694 quid
1605 638 1681 681 nee
1715 641 1855 684 animo
1885 654 1972 683 meo

419 717 595 771 yravius
628 730 749 771 ayere
786 730 970 772 possem,
1012 730 1139 771 quam
1171 716 1284 771 quod
1313 715 1421 757 hunc
1452 723 1565 758 tanto
1595 715 1724 758 miehi
1752 715 1974 759 obnoxium

422 792 569 844 debito,
604 806 723 848 quem
753 792 868 834 nullo
899 800 1022 848 pacto
1053 792 1242 834 relaxari
1270 793 1543 844 decreveram,
1574 806 1686 834 nmio
1714 790 1854 835 animo
1883 792 1972 837 meo

420 869 618 911 violenter
646 869 874 921 reluctans,
914 883 994 924 pro
1033 869 1188 911 honore
1217 868 1305 911 Dei
1334 871 1623 925 omnipotentis
1654 877 1700 912 ⁴et*
1727 883 1869 912 amore
1896 871 1971 913 do-

419 947 528 988 mini
555 948 638 988 mei
667 947 853 1002 episcopi
882 946 1062 988 absolvo.
1120 944 1352 1000 Statimque
1383 945 1524 988 missis
1555 944 1758 988 militibus
1789 944 1890 1000 suis,
1921 945 1973 989 de

421 1021 630 1076 ergastulo
681 1021 900 1064 tenebroso
947 1035 1041 1064 eum
1096 1022 1297 1078 produxit
1353 1025 1396 1065 et
1442 1022 1501 1065 sic
1552 1022 1738 1065 cathenis
1789 1022 1972 1078 undique

420 1099 635 1141 astrictum
674 1099 866 1141 manibus
904 1099 989 1141 suis
1029 1098 1152 1141 altari
1191 1098 1469 1142 consecrando
1509 1098 1815 1156 superponens,
1854 1099 1970 1144 holo-

419 1179 609 1218 caustum
639 1176 684 1218 in
716 1175 884 1219 odorem
917 1176 1135 1219 suavitatis
1161 1175 1317 1219 ,obtulit
1347 1175 1540 1218 Domino.
1588 1175 1646 1219 Et
1675 1189 1774 1219 mox
1804 1176 1970 1220 vincula

420 1253 509 1296 eius
548 1252 655 1296 solvi
695 1253 928 1308 mandavit,
968 1253 1125 1296 cunctis
1160 1253 1231 1308 qui
1268 1253 1442 1296 aderant
1479 1266 1554 1308 pre
1594 1253 1745 1308 gaudio
1774 1253 1969 1299 flentibus

419 1329 638 1385 Deumque
683 1343 759 1386 pro
805 1333 923 1373 tanta
969 1330 1056 1373 eius
1096 1329 1319 1373 devocione
1366 1329 1717 1374 benedicentibus.
1751 1351 1753 1353 ·
1853 1327 1970 1374 Tunc

419 1406 587 1450 demum
619 1407 868 1451 venerabilis
908 1407 1094 1463 pontifex
1127 1390 1296 1450 Christi'
1321 1406 1553 1464 solempnia
1591 1407 1863 1451 dedicationis
1903 1420 1969 1451 ec-

418 1483 542 1526 clesie
579 1483 737 1538 letiori,
777 1497 900 1539 quam
941 1487 1130 1540 ceperat,
1168 1487 1210 1527 et
1240 1484 1493 1538 diligentiori
1533 1485 1797 1529 exsecutione
1836 1483 1968 1528 adim-

417 1559 559 1615 plevit.

539 1638 605 1679 13.
655 1635 737 1680 Sed
775 1637 852 1680 hec
885 1637 1037 1691 gaudia
1076 1637 1270 1692 antiquus
1301 1638 1434 1681 nostri
1465 1637 1629 1692 generis
1659 1637 1853 1681 inimicus
1874 1645 1967 1681 non

418 1713 534 1769 equis
575 1714 781 1770 aspiciens
821 1713 970 1768 oculis,
1010 1717 1154 1770 utpote
1195 1715 1262 1757 cui
1299 1715 1518 1758 innumera
1554 1714 1811 1771 captivitatis
1845 1712 1969 1758 vasa>¹

416 1789 503 1833 illic
541 1803 616 1846 per
653 1790 820 1833 beatum
860 1790 1068 1847 presulem
1107 1794 1227 1834 erant
1273 1795 1437 1848 erepta,
1485 1791 1675 1835 omnibus
1721 1791 1855 1835 modis
1892 1791 1969 1835 hec

414 1866 500 1909 leta
530 1867 754 1910 christiane
785 1867 958 1910 sationis
991 1868 1151 1911 semina
1171 1868 1346 1912 zizaniis
1368 1868 1616 1912 seditionum
1639 1872 1681 1912 et
1701 1864 1967 1912 externorum

415 1943 585 1986 incursu
617 1943 820 1986 bellorum
851 1944 1021 1987 turbare
1048 1944 1220 1987 molitus
1243 1948 1317 1988 est.
1439 1945 1536 1988 Dux
1568 1946 1677 1988 enim
1698 1945 1966 1989 Poloniorum

415 2020 584 2063 nomine
614 2019 837 2075 Polizlaus,
876 2024 971 2064 ante
1003 2021 1226 2064 adventum
1258 2023 1391 2077 patris
1421 2023 1555 2065 nostri
1586 2022 1751 2066 Ottonis
1782 2023 1966 2078 graviter

416 2111 440 2139 a
478 2100 600 2151 gente
638 2096 963 2140 Pomeranorum
1012 2097 1211 2153 offensuS,
1261 2099 1568 2155 expeditionem
1605 2084 1722 2142 suam
1761 2099 1833 2142 illo
1871 2112 1964 2142 cum

415 2187 542 2216 manu
573 2174 712 2217 valida
741 2174 906 2217 indixit.
954 2174 1042 2225 Quo
1074 2175 1225 2218 nuncio
1257 2189 1357 2230 gens
1388 2176 1474 2231 illa,
1505 2176 1669 2220 noviter
1698 2175 1795 2220 fidei
1826 2189 1963 2220 sacra-

414 2251 567 2294 mentis
605 2251 796 2306 iniciata,
843 2265 926 2294 non
967 2252 1233 2295 mediocriter
1273 2256 1336 2295 est
1380 2253 1614 2308 perterrita.
1668 2253 1725 2296 Et
1762 2253 1962 2310 primates

414 2330 598 2383 natuque
636 2328 836 2382 maiores,
876 2329 1128 2372 unanimiter
1160 2329 1212 2371 ad
1244 2329 1476 2385 apostolum
1508 2343 1628 2372 suum
1660 2329 1774 2373 velut
1803 2331 1963 2374 tutissi-

414 2418 527 2446 mum
550 2405 833 2459 confugientes
866 2405 1042 2461 asylum,
1075 2406 1162 2448 eius
1185 2419 1436 2462 magnopere
1465 2405 1710 2460 flagitabant
1729 2407 1961 2463 consilium,

414 2481 619 2524 dicentes:
666 2482 752 2535 Tu,
793 2484 958 2525 domine
984 2491 1120 2539 pater,
1160 2485 1277 2526 nobis
1310 2483 1531 2526 christiane
1556 2485 1664 2538 fidei
1691 2487 1834 2540 iuqum
1863 2486 1960 2528 sub-

414 2560 600 2601 euntibus
633 2559 858 2602 libertatem
885 2560 1255 2616 firmissimumque
1282 2574 1426 2616 pacem
1457 2562 1502 2602 in
1532 2562 1653 2604 verbo
1686 2561 1774 2604 Dei
1795 2565 1959 2619 promi-

412 2636 515 2676 sisti.
570 2636 628 2677 Et
665 2651 752 2677 ecce
775 2636 939 2691 fratres
976 2623 1113 2679 nostri
1140 2637 1409 2679 Polonienses
1446 2639 1554 2678 inter
1591 2640 1687 2694 iJma
1722 2628 1832 2692 fidei
1866 2642 1958 2696 pri-

410 2713 589 2763 mordia,
622 2721 746 2768 rupto
771 2715 895 2768 pacis
913 2713 1076 2767 federe,
1114 2714 1263 2755 bellum
1294 2714 1411 2755 nobis
1440 2714 1632 2757 indicunt
1658 2715 1956 2772 populumque,

410 2803 544 2843 nuper
574 2788 773 2844 baptismi
803 2790 969 2832 lavacro
1000 2791 1265 2842 mundatum,
1307 2790 1480 2832 humani
1514 2793 1732 2846 sanquinis
1764 2792 1959 2847 effusione

410 2866 559 2906 iterum
593 2865 781 2920 polluere
821 2875 1034 2908 conantur.
1091 2866 1178 2910 Sed
1221 2867 1347 2919 absit,
1395 2875 1440 2908 ut
1485 2874 1521 2909 te
1558 2876 1751 2922 presente
1790 2869 1958 2911 ecclesia

412 2940 566 2983 Christi
601 2941 667 2983 hic
705 2943 873 2985 collecta
910 2944 1189 2999 disperqatur,
1239 2958 1330 2985 cum
1365 2958 1454 2999 pax
1491 2945 1537 2985 in
1574 2945 1764 2999 inyressu
1802 2953 1871 2987 tuo
1910 2947 1956 2987 in

505 3027 537 3062 1.
568 3026 677 3062 Marc.
695 3027 728 3072 3,
755 3028 811 3063 27.
853 3027 906 3064 Of.
932 3038 1042 3074 supra
1066 3028 1108 3064 T.
1126 3029 1161 3064 II
1185 3029 1255 3064 634
1278 3039 1312 3064 n.
1329 3028 1383 3064 13.
