2028 3438
387 240 472 283 362
832 277 835 278 γ
900 253 1118 284 UDAmer
1147 253 1315 285 comrx.
1368 252 1433 286 199

258 369 348 406 1119
503 357 627 402 Feria
657 358 804 414 tertia,
843 359 1138 404 nichilominus
1168 360 1413 404 infirmitate
1443 360 1655 417 detentu8‚
1693 361 1743 405 in
1766 360 1942 407 concilio

243 418 307 449 ⁰⁰²·
323 419 361 449 ²⁸
386 435 530 479 sedere
561 449 646 479 non
676 436 826 492 potuit.
1914 447 1916 450 ·

243 525 307 556 cot.
323 527 362 555 29
502 512 626 556 Feria
657 527 754 556 vero
793 517 942 569 quarta
979 515 1091 558 circa
1128 515 1274 558 horam
1313 515 1486 558 terciam
1526 515 1580 558 ad
1617 514 1943 560 concilium-ac-

385 590 523 633 cessit.
571 589 668 633 Illa·
689 590 756 634 die
776 605 908 646 usque
929 591 982 634 ad
1003 592 1149 635 horam
1169 605 1322 636 nonam
1345 592 1571 635 multorum
1591 592 1942 648 proclamationes

385 668 544 725 recepit
575 671 616 711 et
647 668 698 711 de
731 668 873 711 multis
905 668 1100 725 capitulis
1121 669 1331 712 tractavit.
1377 669 1445 713 Ab
1473 669 1577 712 hora
1596 682 1695 713 vcro
1714 682 1942 725 nonna-'uo—

384 745 474 788 lens
505 744 677 788 illadie
708 745 928 788 concilium
961 746 1200 800 terminare,
1233 745 1439 790 sinodalia
1469 746 1941 805 decreta'fecitjwim-

385 822 501 865 dium
531 822 712 879 proferri
743 825 784 865 et
813 818 936 877 legi*.
1892 834 1894 837 ·

489 914 514 939 ’κ’
543 916 588 952 In
617 915 662 952 Ε.
692 921 898 966 sequuntur
926 916 1037 952 llaec:

883 985 1100 1025 Decreta
1133 985 1442 1037 synodalia1.

621 1055 733 1105 Quae
762 1059 986 1095 sanctorum
1014 1059 1169 1107 patrum
1204 1057 1475 1096 sanctionibus
1503 1056 1552 1096 de
1586 1057 1782 1107 pravitate
1809 1067 1940 1108 symo-

541 1128 657 1166 niaca
691 1127 867 1166 stabilita
901 1130 1011 1179 sunt,
1054 1139 1127 1167 nos
1164 1139 1318 1178 quoque
1353 1128 1521 1178 Spiritus
1557 1128 1684 1169 sancti
1718 1127 1870 1168 iudicio
1900 1130 1940 1168 et

541 1199 774 1238 auctoritate
802 1198 907 1238 sedis
935 1200 1175 1249 apostolicae
1203 1199 1492 1239 confirmamus.

620 1270 652 1309 I.
694 1269 736 1309 Si
764 1270 852 1319 quis
880 1270 998 1320 igitur
1017 1270 1238 1310 vendiderit
1264 1274 1333 1311 aut
1360 1270 1509 1323 emerit,
1537 1271 1601 1310 vel
1627 1281 1698 1321 per
1718 1281 1760 1310 se
1780 1271 1844 1310 vel
1868 1282 1940 1321 per

540 1341 774 1380 submissam
803 1342 1019 1391 quamlibet
1045 1353 1267 1392 personam,
1300 1342 1568 1392 episcopatum
1595 1341 1795 1381 abbatiam
1823 1328 1937 1390 deca-

540 1415 675 1452 natum
711 1413 1012 1463 presbiteratum
1050 1412 1411 1453 archidiaconatum
1451 1412 1737 1471 preposituram
1762 1412 1936 1470 ¹preben-

540 1483 630 1522 dam
659 1484 722 1522 vel
749 1483 948 1534 quaelibet
983 1484 1254 1524 aeclesiastica
1290 1484 1504 1536 beneficia,
1539 1484 1807 1535 promotiones
1834 1482 1937 1524 ordi·

539 1555 719 1593 nationes
755 1555 1071 1594 consecrationes
1107 1556 1362 1595 aeclesiarum
1397 1555 1682 1606 dedicationes,
1715 1554 1935 1595 clericalem

538 1628 760 1677 tonsuram,
798 1626 912 1665 sedes
941 1626 981 1665 in
1010 1625 1130 1665 choro
1158 1628 1226 1665 aut
1253 1626 1451 1676 quaelibet
1486 1625 1756 1665 aeclesiastica
1791 1625 1935 1678 officia,

539 1699 578 1736 et
596 1696 771 1736 vendens
798 1700 838 1736 et
865 1709 998 1736 emens
1027 1697 1232 1748 dignitatis
1260 1700 1299 1737 et
1318 1697 1438 1737 officii
1458 1698 1518 1737 sui
1537 1699 1606 1736 aut
1626 1695 1808 1737 beneficii
1833 1697 1936 1748 peri·

538 1768 626 1807 culo
661 1768 875 1807 subiaceat.
925 1768 1039 1817 Quod
1075 1769 1151 1807 nisi
1187 1769 1412 1820 resipuerit,
1454 1768 1717 1808 anathematis
1750 1779 1935 1808 mucrone

537 1836 749 1890 perfossus,
768 1839 818 1878 ab
838 1840 1005 1879 ecclesia
1019 1840 1106 1889 Dei,
1126 1851 1242 1890 quam
1262 1841 1362 1892 lesit,
1383 1839 1510 1879 modis
1529 1839 1710 1880 omnibus
1727 1839 1933 1880 abiciatur.

617 1911 668 1950 II.
698 1911 1021 1965 *Episcopatuum
1050 1914 1089 1950 et
1115 1911 1362 1950 abbatiarum
1399 1911 1652 1951 investituras
1677 1922 1748 1961 per
1775 1922 1932 1951 manum

537 1982 678 2032 laicam
707 1981 793 2020 fieri
820 1983 976 2032 penitus
1009 1982 1273 2032 prohibemus.
1323 1982 1555 2033 Quicunque
1589 1983 1709 2033 igitur
1744 1983 1932 2023 laicorum

538 2053 724 2103 deinceps
742 2053 930 2093 investire
957 2054 1249 2110 presumpserit,
1277 2053 1539 2093 anathematis
1556 2054 1698 2094 ultioni
1716 2054 1932 2095 subiaceat.

536 2125 672 2176 Porro,
701 2125 768 2174 qui
787 2125 995 2164 investitus
1013 2125 1143 2176 fuerit,
1171 2124 1331 2177 honore,
1360 2136 1436 2175 quo
1456 2125 1664 2166 investitus
1683 2128 1755 2178 est,
1782 2126 1931 2177 absque

535 2196 616 2235 ulla
643 2196 952 2246 recuperationis
980 2208 1049 2246 spe
1077 2196 1310 2235 omnimodis
1338 2198 1482 2236 careat.

615 2267 683 2306 III.
721 2266 936 2306 Universae
970 2268 1249 2307 aecclesiarum
1278 2267 1559 2319 possessionis,
1594 2279 1670 2318 que
1696 2267 1930 2324 liberalitate

535 2349 682 2389 regum,
712 2338 918 2388 largitione
936 2338 1156 2388 principum
1177 2339 1240 2377 vel
1259 2339 1456 2378 oblatione
1479 2339 1739 2389 quorumlibet
1756 2337 1928 2378 fidelium

535 2409 593 2448 eis
627 2420 836 2448 concessae
871 2412 981 2460 sunt,
1018 2409 1272 2449 inconcussas
1306 2410 1347 2448 in
1383 2412 1611 2460 perpetuum
1646 2412 1686 2449 et
1718 2409 1928 2449 inviolatas

534 2491 764 2530 permanere
802 2479 1059 2520 decernimus.
1110 2480 1259 2530 Quodsi
1286 2481 1374 2531 quis
1402 2492 1470 2520 eas
1501 2481 1706 2520 abstulerit
1740 2481 1929 2520 invaserit

471 2585 498 2606 a.
529 2576 597 2606 Alia
618 2576 675 2607 VZ.

471 2640 502 2674 1.
529 2639 629 2675 Haec
654 2639 802 2675 decreta
824 2639 982 2675 insiticia
1005 2643 1101 2676 sunt.
1138 2639 1180 2675 Id
1198 2640 1293 2676 enim
1317 2640 1389 2676 iam
1415 2640 1529 2686 accipi
1553 2642 1674 2686 potest
1691 2640 1807 2687 exiis,
1832 2651 1926 2687 quae

375 2700 575 2744 sequuntur
598 2698 720 2734 verbis
743 2699 850 2735 nimis
875 2699 1023 2745 amplis:
1058 2698 1243 2745 „Cumque
1267 2700 1380 2735 multa
1405 2702 1530 2735 contra
1554 2699 1800 2746 symoniacam
1824 2699 1925 2737 here-

374 2758 442 2793 sim
467 2761 591 2793 essent
614 2758 766 2793 recitata
776 2758 806 2794 “.
849 2757 1021 2804 Accedit,
1051 2758 1148 2803 quod
1173 2758 1354 2794 secundus
1379 2768 1495 2794 canon
1527 2758 1579 2794 sic
1603 2759 1758 2795 orditur:
1793 2759 1924 2805 „Epi-

374 2819 643 2862 scopatuum
669 2820 711 2852 et
736 2817 1018 2853 abbatiarum
1049 2816 1407 2863 investituras“3
1440 2827 1532 2862 quae
1558 2817 1703 2862 quidem
1720 2818 1833 2854 verba
1856 2819 1923 2855 sci-

373 2886 454 2911 mus
479 2876 624 2911 demum
651 2875 709 2911 die
733 2877 780 2912 30
804 2875 969 2912 Octobris
992 2877 1030 2912 in
1051 2876 1168 2912 vicem
1193 2876 1320 2912 horum
1346 2875 1559 2912 verborum:
1587 2877 1923 2922 „Investituras

373 2935 563 2970 omnium
597 2935 898 2971 ecclesiarum
930 2938 974 2971 et
1006 2935 1430 2971 ecclesiasticarum
1462 2935 1832 2981 possessionum“
1868 2946 1922 2972 re-

373 2995 480 3040 cepta
504 3003 596 3030 esse.
635 2994 679 3031 V.
703 2993 798 3030 infra
820 3005 856 3040 p.
875 2995 944 3030 363
970 2998 1007 3030 et
1031 2994 1077 3030 ad
1103 2994 1180 3031 Oct.
1198 2994 1245 3030 30
1267 3004 1303 3040 p.
1322 2994 1404 3029 365.
