2028 3438
634 213 856 244 UDAmer
886 213 1056 244 oonnx.
1107 211 1174 245 189
1605 203 1690 246 327

119 318 431 375 achiba-tus),
478 319 560 364 Dei
597 320 908 377 repropiciante
946 319 1172 364 clementia
1210 320 1484 375 Moguntinae
1521 321 1692 366 humilis
1766 331 1860 368 1118

76 436 78 438 ,
121 396 333 444 mistel·
345 397 562 453 ecclesiae,
591 402 708 442 recta
739 411 886 455 sapere
917 401 961 442 et
989 411 1121 440 unum
1152 411 1244 442 esse
1272 399 1318 441 in
1349 399 1503 455 spiritu
1534 399 1694 444 Christi
1714 381 1787 420 ΡΜ
1800 380 1908 412 ¹¹¹¹'28

123 478 182 520 et.-
180 473 399 532 ecelesiae
428 474 672 519 catholicae.

134 571 179 597 1
195 551 460 597 Intuentet
503 552 692 607 religiosi
729 552 831 596 cleri
875 551 1000 596 huius
1041 551 1306 596 honestatem
1330 556 1387 596 'et
1422 554 1694 610 prudentiam

121 642 298 687 semper.
308 629 464 687 ubique
483 629 824 687 praedicabilem,
856 643 941 673 non
961 629 1085 673 facile
1105 629 1351 686 persuaderi
1369 631 1523 687 potuit,
1553 645 1629 675 vos
1650 632 1696 675 in

121 705 263 763 aliquo
291 707 528 752 exorbitare
550 707 604 751 ab
628 707 936 752 ecclesiasticae
959 707 1265 751 communionis
1286 708 1476 762 tramite3
1508 709 1695 753 maxime

121 790 222 833 mm
244 783 439 830 habeatis
458 785 702 842 episcopum
735 785 972 828 animarum
992 788 1228 829 vestrarum
1243 782 1266 840 ¹,
1299 789 1341 829 et
1366 787 1601 843 oportuerit
1619 799 1695 830 vos

121 860 299 907 obedire
320 861 412 907 Deo
442 863 578 918 magis
609 876 735 919 quam
766 863 1020 906 hominibus.
1068 862 1176 914 Quia
1205 863 1357 907 melius
1387 867 1452 907 est
1486 863 1695 908 confidere

120 938 168 984 in
182 938 402 996 »1)61111116,
438 954 565 997 quam
597 940 805 984 confidere
844 940 891 983 in
923 940 1207 997 principibus,
1245 941 1290 984 in
1322 940 1420 985 filiis
1451 942 1693 996 hominum3

119 1016 340 1073 inquibus
352 1024 443 1062 ’11611
463 1021 530 1062 est
558 1018 687 1062 salus.
743 1017 827 1062 Sed
846 1031 958 1062 1111116
975 1042 1031 1048 —-
1054 1018 1165 1074 quod
1196 1021 1339 1062 tamen
1364 1019 1553 1063 dolentes
1576 1019 1695 1063 audi-

120 1094 259 1140 vimus
282 1103 342 1128 ——'
364 1095 520 1152 ubique
555 1110 581 1140 a
619 1096 739 1140 laicis
778 1096 1113 1153 blasphematur:
1161 1097 1390 1152 quomodo,
1433 1097 1624 1141 Romana
1654 1100 1697 1142 et

121 1172 328 1219 catholica
348 1174 643 1219 communione
663 1174 913 1231 postposita,
947 1174 1134 1231 episcopi
1156 1187 1320 1230 quoque
1341 1175 1472 1218 vestri
1501 1175 1694 1232 exemplo

121 1250 362 1297 obediontia
381 1254 425 1296 et
445 1252 739 1296 communione
755 1252 992 1309 postposita
1000 1249 1028 1307 ²,
1051 1252 1182 1308 aliqui
1198 1258 1385 1296 vestrum
1407 1254 1695 1297 exeommuni-

121 1328 228 1374 catis
266 1330 459 1386 personis
489 1329 779 1374 indifferenter
809 1329 1140 1373 communicetis.
1191 1330 1249 1373 Et
1288 1331 1547 1387 promiscue,
1588 1344 1695 1387 quae

121 1406 347 1463 Deifsunt,
377 1408 554 1452 redditis
587 1408 784 1464 obsequio
816 1407 1013 1451 caesaris.

240 1484 433 1529 Profecto
465 1486 708 1530 meminisse
739 1486 922 1530 debetis:
962 1488 1120 1541 quanta
1151 1485 1373 1542 privilegia
1403 1485 1695 1530 hereditastis·

123 1576 149 1606 a
179 1562 372 1607 Romana
402 1562 591 1619 ecclesia,
624 1567 759 1608 matre
789 1567 932 1607 vestra
963 1566 1005 1607 et
1035 1563 1250 1618 magistra.
1299 1563 1388 1615 Que
1419 1564 1470 1619 si,
1502 1564 1593 1607 vias
1624 1578 1695 1608 ve-

123 1643 234 1685 stras
263 1641 475 1698 gradiens,
506 1655 584 1699 pro
615 1641 904 1685 inobedientia
933 1641 1131 1698 perderet
1162 1644 1300 1685 vester
1331 1642 1569 1699 episcopus,
1602 1655 1694 1686 sero

121 1718 352 1776 peniteret3
383 1719 614 1777 episcopali
643 1720 730 1763 iam
761 1719 898 1763 officio
931 1732 1158 1776 suspensus
1167 1716 1195 1762 ³.
1321 1718 1521 1763 Sufficere
1553 1724 1695 1763 autem

122 1796 241 1840 vobis
278 1800 466 1854 poterat,
504 1797 626 1842 nobis
665 1811 830 1854 quoque
869 1797 971 1841 satis
1003 1799 1068 1840 est
1098 1800 1142 1840 et
1176 1797 1349 1841 cuilibet
1387 1797 1616 1854 discipulo,
1658 1798 1695 1841 si

123 1874 182 1919 sit
219 1875 329 1919 sicut
369 1875 572 1931 magister
613 1876 715 1919 eius.
781 1875 840 1919 Et
883 1875 1054 1919 evidens
1096 1878 1162 1919 est
1204 1875 1444 1932 exemplum
1485 1876 1693 1931 omnibus,

123 1953 223 2010 quia
252 1951 447 1998 Clemens
477 1953 638 1997 nemini
665 1954 866 2010 loquitur,
898 1953 965 1997 cui
996 1966 1081 1996 non
1110 1953 1298 2009 loquitur
1326 1953 1491 1997 Petrus.

241 2030 424 2075 Proinde
461 2044 558 2075 cum
597 2031 722 2087 haec,
760 2031 852 2075 Deo
891 2030 1080 2086 volente,
1120 2044 1288 2088 semper
1325 2031 1479 2076 nobilis
1518 2031 1696 2076 ecclesia

123 2109 236 2153 inter
259 2112 474 2153 6611661166
504 2108 614 2153 filias
637 2109 885 2165 elegantiori
917 2112 959 2152 et
980 2109 1153 2165 speciali
1175 2109 1354 2157 excellat
1383 2110 1694 2166 praerogativa,

123 2199 224 2242 nos,
267 2187 339 2243 qui
374 2186 474 2231 licet
510 2187 674 2243 indigni
703 2187 1031 2244 metropolitana
1069 2187 1284 2241 fungimur
1322 2200 1424 2230 cura
1453 2188 1544 2231 vice
1582 2187 1695 2231 beati

123 2262 254 2319 Petri,
285 2277 371 2308 non
402 2265 616 2322 potuimus
647 2265 726 2309 hoe
756 2265 914 2308 factum
937 2268 1124 2308 vestrum
1154 2264 1421 2308 dissimulare
1443 2268 1485 2308 et
1504 2279 1581 2322 pro
1602 2265 1694 2309 loco

124 2341 206 2386 isto
237 2354 322 2385 11611
353 2355 445 2386 6666
475 2343 657 2387 solliciti.
781 2342 936 2398 Tangit
966 2342 1121 2386 etenim
1153 2356 1229 2385 nos
1261 2346 1455 2386 mutuum
1491 2343 1694 2399 debitum,

126 2420 239 2476 quod
267 2420 428 2465 maiore
458 2421 714 2476 obligatione
745 2422 855 2465 inter
886 2435 963 2465 nos
986 2424 1028 2464 et
1053 2420 1191 2464 locum
1211 2421 1340 2463 istum
1363 2424 1428 2464 est
1448 2434 1473 2463 a
1494 2421 1562 2464 die
1583 2421 1695 2464 ordi-

125 2497 310 2542 nationis
340 2511 460 2542 meae
491 2502 764 2543 contractum.
821 2499 866 2543 Si
898 2499 1009 2542 enim
1041 2498 1152 2542 inter
1188 2498 1427 2554 quindecim
1458 2498 1696 2554 Moguntini

222 2620 250 2641 a.
282 2610 462 2642 hereditatis
483 2612 514 2643 V.

223 2675 256 2711 1.
282 2674 453 2712 Ottonem
471 2676 499 2712 I.
596 2677 630 2712 2.
656 2676 750 2712 Hine
774 2675 1111 2721 animadvertimus,
1136 2675 1256 2721 ipsum
1274 2674 1444 2711 Ottonem
1470 2676 1694 2723 episcopum,

125 2734 213 2771 licet
245 2734 292 2770 ad
317 2734 478 2771 Cimonis
502 2735 730 2772 Praenestini
755 2736 918 2782 synodos
945 2746 1018 2771 non
1043 2735 1186 2771 venerit
1217 2735 1374 2781 ideoque
1405 2736 1440 2771 ei
1463 2736 1695 2772 Fridislariae

127 2793 248 2831 officio
273 2794 472 2840 episcopali
495 2795 730 2831 interdictum
755 2796 804 2831 sit
826 2797 875 2838 (v.
896 2793 990 2830 infra
1014 2798 1088 2830 not.
1107 2795 1156 2840 3),
1183 2805 1266 2831 cum
1291 2795 1617 2831 excommunicatis
1641 2798 1695 2831 ta-

128 2864 212 2890 men
236 2864 310 2890 non
334 2854 673 2890 communicavisse.
783 2856 817 2890 3.
850 2854 934 2891 Otto
959 2854 1038 2890 sine
1063 2853 1175 2890 dubio
1199 2855 1236 2890 in
1261 2855 1403 2901 synodo
1428 2855 1696 2890 Fridislariensi

127 2912 164 2950 d.
183 2914 229 2949 28
245 2913 314 2949 Iuli
330 2914 422 2950 1118
438 2916 586 2959 propter
602 2913 807 2950 absentiam
827 2912 970 2959 „officio
987 2923 1187 2960 suspensus
1203 2914 1280 2950 est“
1294 2926 1304 2961 3
1329 2914 1368 2950 id
1385 2914 1482 2951 enim
1499 2914 1536 2950 in
1553 2914 1696 2961 synodo

132 2972 337 3010 Coloniensi
364 2984 412 3009 m.
425 2974 521 3009 Maio
538 2973 702 3009 eiusdem
728 2974 814 3009 anni
838 2972 975 3009 factum
1000 2983 1073 3009 non
1090 2977 1180 3020 erat,
1204 2985 1240 3011 v.
1259 2984 1316 3020 ep.
1336 2975 1402 3010 187
1429 2984 1540 3021 supra
1562 2985 1598 3021 p.
1613 2974 1695 3011 324.
