2028 3438
242 273 261 290 ·
593 277 656 307 nx
687 275 937 308 MIRAOULIS
969 275 1167 307 oT'roms
1580 263 1663 306 841

211 382 338 426 Anno
376 381 507 438 igitur
546 383 780 427 dominicae
818 382 1123 426 incarnationis
1159 383 1294 437 1189,
1334 382 1564 426 indictione
1602 381 1666 438 6¹,
1696 393 1787 428 1189

91 459 361 518 praesidente
380 460 426 504 in
449 460 625 505 ecclesia
645 461 727 505 Dei
749 461 902 504 domno
924 459 1140 504 Clemente
1161 474 1274 518 papa
1294 460 1438 516 tercie,
1462 464 1668 515 regnante

92 537 247 583 domno
267 537 484 583 Friderico
505 538 786 583 Romanorum
810 539 1052 596 inperatore
1080 538 1372 594 invictissimo,
1406 551 1515 581 anno
1547 538 1667 593 regni

93 615 184 669 eius
205 611 290 659 35²
319 616 475 673 inperii
496 630 595 660 vero
618 614 719 671 31³3
753 617 898 661 eodem
932 630 1056 672 anno,
1089 630 1170 673 quo
1200 617 1282 660 fuit
1303 615 1668 660 lherosolimitana

93 696 240 737 sancta
269 693 511 751 expedicio3
544 708 639 738 cum
666 694 889 738 Heinricus
921 708 1012 750 rex,
1045 695 1117 750 qui
1149 694 1260 751 patri
1292 693 1495 737 successit
1524 694 1569 736 in
1600 707 1667 737 re-

93 784 246 828 gnum,
283 771 466 829 primam
498 773 658 821 curiam
691 786 811 817 suam
843 773 1017 817 haberet
1046 771 1283 830 Erbipolim
1315 771 1360 814 in
1390 771 1498 815 festo
1531 771 1667 815 sancti
1691 783 1766 821 Aug.
1780 783 1818 813 10

91 847 331 906 Laurencii,
363 853 406 894 et
432 850 486 894 ad
508 844 684 894 eandem
707 851 865 894 curiam
890 851 988 896 Otto
1009 851 1096 895 dux
1116 850 1328 906 Boemiae,
1362 849 1668 906 archiepiscopi

93 927 303 984 episcopi·
340 927 512 972 abbates
553 929 768 985 principes
809 932 851 973 et
888 929 1056 972 infinita
1093 928 1318 972 multitudo
1353 928 1666 981 convenissent;

94 1003 224 1049 abbas
244 1002 561 1062 WolfiammuS,
593 1020 735 1050 coram
762 1007 875 1050 omni
907 1007 1063 1064 populo
1095 1010 1137 1050 et
1168 1007 1367 1049 universa
1396 1005 1668 1049 multitudine

93 1081 250 1127 diversi
270 1083 437 1138 generis
458 1086 501 1128 et
522 1084 713 1128 diversae
733 1085 904 1140 linguae
936 1085 1181 1142 procedens,
1212 1083 1377 1127 litteras
1400 1098 1425 1127 a
1446 1084 1544 1127 sede
1566 1096 1667 1140 apo-

87 1160 244 1205 stolica.
274 1161 512 1206 elaboratas
549 1165 592 1206 et
622 1162 811 1206 libellum
845 1163 896 1207 de
927 1163 1015 1207 vita
1046 1163 1182 1206 sancti
1214 1161 1381 1206 Ottonis
1412 1161 1667 1206 Eistetensib

94 1243 138 1284 et
155 1231 492 1295 Merseburgensi
525 1239 734 1298 episcopis
767 1241 941 1298 optulit:
974 1244 1022 1284 ut
1044 1241 1179 1284 vicem
1210 1240 1354 1283 domni
1385 1253 1521 1298 papae
1552 1243 1668 1283 tene-

93 1320 190 1362 rent
227 1319 272 1362 et
309 1317 480 1362 beatum
512 1318 711 1363 Ottonem
742 1320 1036 1363 canonizatum
1069 1322 1276 1376 oportuno
1308 1322 1499 1375 tempore
1531 1318 1668 1362 eleva-

93 1398 202 1440 rent.
248 1395 452 1453 Episcopi
481 1396 638 1463 itaque,
670 1401 910 1454 susceptum
944 1397 1099 1441 librum
1131 1398 1242 1440 inter
1265 1397 1478 1441 autentica
1508 1396 1669 1453 scripta

75 1477 361 1533 reponentes,
393 1487 548 1518 nomen
580 1475 692 1519 beati
714 1475 881 1519 Ottonis
913 1475 956 1518 in
979 1489 1139 1519 canone
1171 1479 1213 1519 et
1243 1476 1289 1518 in
1318 1475 1501 1531 letaniis,
1533 1475 1579 1518 in
1600 1488 1668 1518 ca-

78 1550 234 1607 *talogo
256 1551 542 1596 confessorum
566 1553 738 1608 Christi,
772 1553 950 1609 quinon
981 1553 1121 1596 minus
1153 1553 1237 1597 illis
1268 1553 1491 1608 laboravit,
1522 1566 1667 1597 recen-

94 1629 180 1674 seri
210 1632 462 1683 sanxerunt3
494 1633 537 1673 et
567 1634 615 1673 ut
637 1631 737 1687 iam,
769 1645 854 1674 non
876 1631 1205 1686 anniversarius,
1239 1631 1312 1674 sed
1332 1630 1556 1675 natalicius
1578 1630 1667 1675 dies

94 1706 341 1762 celebretur,
374 1720 426 1751 ex
458 1708 709 1753 auctoritate
739 1708 971 1766 apostolica
1002 1708 1202 1752 ecclesiae
1227 1708 1385 1752 Christi
1415 1722 1492 1766 per
1523 1708 1667 1753 latitu-

94 1784 237 1829 dinem
257 1784 405 1828 mundi
426 1784 575 1830 diffuse
605 1790 924 1844 praeceperunt.
974 1786 1211 1843 Statimque
1233 1800 1331 1842 rege
1353 1800 1448 1830 cum
1469 1788 1670 1831 universa

93 1862 364 1907 multitudine
383 1863 429 1906 in
449 1863 617 1907 laudem
634 1864 714 1908 Dei
736 1868 778 1909 et
794 1865 929 1908 sancti
943 1863 1110 1908 Ottonis
1128 1864 1471 1921 acclamantibus,
1489 1865 1668 1909 domnus

94 1939 364 1997 Mogontinus
387 1939 751 2000 archiepiscopus*
772 1943 1070 1999 antiphonam:
1093 1944 1284 1986 Laudem
1306 1945 1431 1987 dicite
1459 1957 1554 1987 cum
1575 1944 1668 1986 uni-

77 2015 218 2078 ¹versa
249 2018 425 2066 ecclesia
457 2019 701 2064 concinente
731 2021 954 2078 imposuit3
988 2034 1112 2076 quam
1141 2022 1272 2064 missa
1302 2021 1354 2064 de
1386 2025 1530 2065 sancto
1562 2035 1668 2079 pon-

95 2096 207 2143 tifice
237 2100 382 2142 secuta
412 2100 507 2153 est,
528 2098 644 2141 omni
674 2098 831 2155 populo
863 2098 1073 2154 gaudente
1103 2099 1150 2141 in
1180 2099 1402 2155 universis,
1440 2113 1547 2156 quae
1578 2099 1668 2155 glo-

95 2175 207 2221 riose
236 2175 395 2220 fiebant
425 2175 476 2219 de
508 2178 653 2219 sancto
687 2175 841 2220 Ottone
872 2176 1084 2234 episcope.

193 2286 220 2308 a.
253 2276 368 2308 abhinc
388 2277 423 2308 im
444 2278 472 2308 A
494 2287 607 2308 manus
627 2287 708 2308 saec.
723 2277 808 2309 XIV.
949 2278 979 2308 b.
1010 2278 1179 2308 Eisterensi
1199 2279 1237 2309 A.

194 2343 227 2378 1.
252 2341 328 2379 imo
345 2342 378 2378 7.
524 2343 558 2378 2.
583 2342 656 2378 imo
681 2342 740 2378 38.
884 2342 918 2378 3.
943 2342 1016 2378 imo
1042 2342 1099 2378 35.
1244 2342 1279 2378 4.
1306 2341 1496 2379 Com-adas
1511 2343 1540 2379 Ι.
