2028 3438
346 295 361 312 ·
379 239 436 282 74
850 269 852 271 -
901 251 1318 285 nDALmor-'connx
1365 251 1410 285 37

243 367 331 402 1071
377 357 527 401 lutaris
558 358 764 415 exempla,
804 358 954 413 quibus
985 358 1149 403 animus
1179 360 1282 415 eius,
1315 359 1449 403 adhuc
1479 372 1623 403 cereus
1640 362 1699 403 ‘iet
1725 359 1931 416 indocilis,

227 416 302 453 Aug·
315 416 354 446 ¹⁷
377 435 630 479 formaretur
661 435 714 479 ad
745 435 919 490 similia3
952 435 1137 481 dicentes
1175 439 1218 480 et
1247 437 1461 480 docentes:
1501 436 1666 480 solium·
1687 436 1808 492 regni
1840 437 1932 481 eius

375 511 614 556 nullatenus
645 526 769 571 posse
800 513 993 568 stabiliri,
1024 513 1107 557 nisi
1136 513 1348 557 firmetur⁸
1377 513 1543 557 iusticia
1573 516 1616 557 et
1644 512 1932 558 observatione

374 588 669 633 mandatorum
699 590 792 633 Dei.
836 615 838 617 ·
897 589 1111 634 ‘Summus
1143 594 1281 635 autem
1318 590 1389 635 ille
1419 590 1687 634 dominorum
1711 589 1930 646 Dominus,

376 666 448 722 qui
479 667 594 710 omni
613 667 851 724 potentatui
872 667 1124 722 dominatur,
1155 667 1218 711 ita
1236 667 1487 724 temperavit
1507 667 1694 710 animum
1713 667 1930 725 principis,

373 743 434 786 ita
463 743 675 799 mitigavit
705 757 800 787 eum
833 744 886 786 ad
915 743 1044 789 verba
1065 748 1233 788 sanctae
1264 744 1578 800 exhortationis,
1609 747 1658 788 ut
1679 743 1799 788 11111111·
1813 744 1931 788 iuve-

372 820 450 864 nili
478 825 717 865 moveretur
749 821 975 865 acerbitate
1005 825 1048 865 et
1079 845 1122 852 -
1157 821 1267 878 quod
1297 822 1342 865 in
1372 821 1651 878 potestatibus
1667 819 1837 866 difficile
1861 823 1931 865 est

373 896 429 928 -'—
446 897 563 941 nulla
582 898 820 942 sacerdotes
840 898 1037 942 insolenti
1056 898 1216 942 lederet
1235 899 1526 956 responsione3
1550 897 1737 942 multum
1763 897 1929 942 tamen*

372 987 420 1018 se
447 988 673 1019 excusans:
703 976 747 1018 in
779 975 880 1019 hoc*
912 989 1011 1019 suae
1041 976 1261 1032 potestatis
1292 975 1400 1019 dono
1430 974 1589 1019 nullam
1619 988 1664 1019 se
1690 975 1930 1020 *exercuisse

373 1051 663 1107 venalitatem,
695 1050 853 1096 nullam
885 1066 1012 1110 super
1040 1052 1119 1096 hac
1147 1066 1194 1096 re
1223 1066 1316 1096 cum
1349 1053 1494 1097 eodem
1523 1052 1700 1097 Karolo⁶
1731 1065 1776 1096 se
1810 1053 1929 1110 pepi-

371 1129 481 1184 gisse
520 1129 857 1183 conventionem
906 1130 942 1172 si
981 1129 1081 1186 quid
1119 1133 1257 1174 autem
1304 1143 1399 1174 cum
1444 1130 1709 1174 domesticis*
1728 1133 1772 1177 et
1805 1129 1928 1174 fami-

371 1205 544 1249 liaribus
587 1206 673 1249 suis
712 1209 884 1263 propter
923 1220 1044 1264 opem
1082 1207 1392 1251 intercessionis
1428 1208 1521 1265 ipso
1558 1207 1927 1264 ignorante-pepi:-

370 1283 492 1338 gerit,
526 1297 649 1327 suum
678 1296 763 1326 non
794 1283 911 1327 esse⁴¹
943 1297 1138 1328 accus-are
1168 1284 1235 1328 vel
1266 1297 1484 1341 excusare,
1523 1285 1601 1329 hoc
1637 1285 1731 1342 ipse
1760 1283 1924 1328 viderit.

370 1360 435 1404 De
466 1361 640 1404 dextera
676 1374 774 1404 vero
805 1374 902 1416 sua,
943 1374 1049 1416 quae
1087 1361 1151 1404 illi
1180 1365 1354 1419 propter
1391 1363 1607 1418 antiquam
1637 1362 1683 1406 111
1711 1361 1927 1419 praeposi-

369 1434 487 1481 tura¹
523 1437 847 1482 benivolentiam
877 1439 1038 1493 gratiae
1070 1451 1169 1482 suae
1200 1439 1353 1483 donum
1385 1439 1594 1496 porrexit,
1633 1439 1798 1483 omnem
1827 1451 1925 1489 ava-

368 1514 496 1558 riciae
526 1514 664 1559 labem
696 1515 805 1559 dixit
835 1529 879 1558 se
911 1518 1104 1559 excutere
1135 1519 1189 1571 et,
1222 1515 1332 1572 quod
1361 1516 1453 1573 ipse
1484 1515 1730 1573 simpliciter
1745 1516 1864 1572 feeit,
1888 1516 1925 1559 si

369 1591 440 1636 ille
469 1603 629 1636 veneno
661 1593 837 1636 alicuius
857 1592 1048 1636 maliciae
1069 1594 1315 1650 corruperit,
1347 1606 1392 1637 se
1414 1593 1465 1637 ob
1485 1593 1529 1637 id
1551 1593 1716 1638 divinae
1736 1592 1925 1637 iusticias

368 1668 480 1713 nolle
508 1670 728 1713 contraire.

486 1745 575 1790 Hac
607 1750 747 1790 autem
778 1746 935 1791 salubri
967 1747 1313 1791 sermocinatione
1343 1760 1438 1791 cum
1460 1745 1923 1802 sacerdotibus-habita,

369 1836 462 1867 cum
500 1824 560 1867 eis
599 1824 715 1867 venit
751 1825 796 1867 in
827 1823 1060 1867 concilium.
1112 1824 1168 1868 Et
1205 1824 1277 1868 ille
1315 1824 1645 1868 Constantiensis
1683 1824 1923 1879 designatus

367 1898 662 1945 intromittitur
707 1901 762 1945 ad
801 1900 1066 1946 audiendum.
1113 1901 1274 1945 Assunt
1319 1903 1446 1946 etiam
1496 1915 1573 1958 pro
1618 1900 1780 1944 foribus
1815 1900 1923 1944 Gon-

368 1978 619 2022 stantienses
650 1977 812 2033 clerici;
845 1978 1105 2035 postulantes
1126 1992 1202 2036 per
1221 1978 1395 2034 legatos,
1427 1982 1474 2022 ut
1497 1978 1642 2035 011Ρεὶ
1662 1980 1923 2022 mererentur

366 2055 545 2099 admitti.

485 2131 600 2176 Tunc
637 2146 736 2176 vero
767 2132 952 2176 videres⁰
983 2132 1213 2176 laetissima
1251 2136 1418 2176 sanctae
1457 2132 1658 2176 ecclesiae>
1690 2131 1845 2186 gaudia
1881 2134 1923 2174 et

367 2223 467 2253 vera
497 2210 643 2253 mundi
674 2210 916 2253 convenisse
945 2209 1181 2265 luminaria,
1215 2210 1379 2265 quando
1400 2209 1742 2265 circumfulgebat
1769 2208 1920 2252 nobilis

366 2299 520 2329 corona
551 2299 763 2330 sacrorum
796 2287 1009 2342 ordinum,
1047 2287 1154 2330 vivis
1190 2290 1401 2341 gemmata
1429 2286 1639 2343 lapidibus
1670 2285 1920 2329 christorum

367 2363 651 2419 sacerdotum,
691 2363 805 2407 velut
841 2363 1073 2418 fulgoribus
1110 2363 1355 2408 micantium
1388 2367 1609 2407 astrorum.
1665 2363 1781 2407 Tune
1815 2361 1920 2405 caeli

367 2440 636 2483 enarrabantr
656 2441 833 2495 gloriam
853 2439 957 2484 Dei²
978 2445 1020 2484 et
1041 2440 1213 2484 verbum
1235 2441 1472 2484 eructabat⁸
1493 2440 1582 2484 dies
1603 2437 1729 2495 diei³,1
1753 2438 1918 2495 quando

366 2517 558 2560 sacerdos
605 2518 811 2561 sacerdoti
858 2518 1106 2561 sententiam
1146 2517 1336 2561 iusticias
1374 2518 1609 2574 exponebat
1653 2520 1694 2561 et
1731 2519 1918 2560 sanctam

367 2593 583 2638 ecclesiam
616 2595 812 2637 salutaris
850 2608 992 2638 eorum
1025 2595 1213 2638 doctrina
1242 2594 1487 2638 instruebat.
1536 2594 1652 2637 Tunc
1683 2607 1783 2637 vasa
1813 2592 1918 2637 elec·-

365 2668 517 2714 tionis⁴
555 2671 906 2727 supereffluebant
948 2672 1202 2716 ambrosium
1238 2671 1441 2727 liquorem
1481 2670 1662 2728 Spiritus
1705 2671 1840 2714 sancti
1877 2673 1919 2714 et

458 2768 486 2790 a.
518 2759 654 2790 firmatur
672 2759 711 2796 V;
731 2760 900 2791 firmaretur
922 2769 1003 2791 corr.
1017 2760 1052 2791 in
1065 2761 1182 2791 firmtur
1195 2761 1238 2797 Z‚-
1257 2760 1392 2791 firmetur
1406 2758 1471 2790 ΒΟ.
1533 2759 1564 2790 b.
1593 2769 1649 2790 om.
1660 2759 1700 2790 B.
1763 2770 1789 2791 c.
1815 2769 1872 2791 om.
1885 2760 1916 2791 V.

365 2813 395 2843 d.
425 2821 492 2843 esse
514 2821 575 2842 non
593 2812 623 2843 V.
714 2822 739 2842 e.
767 2813 873 2843 videns
892 2813 980 2851 VZB,
1003 2814 1122 2844 videres
1140 2813 1170 2844 0.
1258 2813 1279 2843 f.
1307 2812 1467 2843 narrabant
1488 2813 1526 2843 Β.
1615 2822 1643 2851 g.
1670 2813 1846 2844 eructuabat
1859 2813 1915 2845 VZ.

460 2871 492 2905 1.
518 2868 841 2915 Harcisburgensi3
875 2865 910 2906 'v.
936 2870 1123 2907 Bertholdi
1155 2870 1273 2906 annal.
1292 2870 1384 2906 1069
1392 2897 1402 2915 ,
1434 2870 1529 2906 Mon.
1551 2869 1671 2906 Germ.
1697 2868 1761 2906 SS.
1776 2871 1810 2907 V
1834 2871 1914 2906 274.
1979 2904 1982 2909 ,

364 2930 397 2964 2.
424 2929 482 2964 Ps.
498 2929 553 2974 18,
571 2929 612 2964 2:
641 2928 761 2974 „Coeli
784 2932 953 2965 enarrant
977 2929 1127 2975 gloriam
1153 2929 1246 2965 dei“.
1319 2929 1351 2964 3.
1378 2929 1437 2964 Ps.
1452 2929 1508 2974 18,
1525 2929 1565 2964 3:
1593 2928 1702 2975 „Dies
1718 2928 1792 2964 diei
1814 2938 1915 2965 eruc-

365 2990 421 3024 tat
444 2986 631 3024 verbum“.
726 2987 760 3024 4.
787 2986 840 3024 Cf.
854 2986 937 3023 Act.
956 2998 1012 3034 ap.
1031 2989 1065 3034 9,
1085 2988 1140 3024 15.
