2028 3438
636 239 859 272 nmmum
889 239 1059 272 comm.
1108 238 1155 272 ss
1621 228 1678 271 79

106 346 209 391 titas
224 348 380 391 ‘vestra
409 346 724 391 salubrededit
754 346 999 400 consilium3
1041 346 1326 403 praecipiens:
1365 360 1492 403 super
1522 346 1602 390 hac
1632 361 1678 390 re

105 422 330 469 concilium
350 423 578 480 celebrari,
608 424 655 468 in
685 437 766 480 quo
796 424 912 468 idem
936 424 1156 481 appositus
1188 426 1262 467 aut
1289 424 1492 468 innocens
1523 437 1678 481 purga-

103 503 225 546 retur
251 504 350 546 {aut-
369 514 479 546 reus-
499 501 755 546 obiectorum
787 501 1029 546 reiceretur.
1083 501 1261 553 Quantis
1292 504 1432 545 autem
1462 501 1680 546 laboribus

105 577 313 636 quibusve
332 578 659 634 difficultatibus
698 579 752 623 ad
792 579 979 624 eiusdem
1010 579 1178 623 concilii
1213 578 1544 623 celebracionem
1581 593 1679 637 per-

104 659 279 702 ventm'n
308 657 379 713 sit,
410 657 562 714 quibus
590 671 689 701 vero
720 657 857 701 modis
888 660 932 702 et
962 670 1089 714 quam
1119 656 1426 714 multiplicibus
1455 671 1679 713 argumen-

103 734 170 780 ὼε
189 735 315 791 regia·
339 738 528 793 potestas
549 734 827 792 praefinitum
860 734 1027 779 concilii
1047 738 1215 793 tempus
1237 735 1509 793 anticipando
1531 735 1586 779 ad
1606 749 1678 779 vo-

103 811 315 857 luntatem
333 826 454 857 suam
483 811 696 857 inflectere
726 816 802 856 aut
821 813 991 857 omnino
1012 813 1117 857 illud
1137 813 1346 871 dissipare
1365 813 1561 870 voluerit,
1593 827 1678 857 non

105 893 178 935 est:
207 890 333 935 modo
369 891 639 935 referendum
678 904 756 948 per
794 890 980 947 singula3
1022 891 1123 948 quia
1158 905 1237 935 nec
1268 894 1456 935 vestrum
1497 891 1677 947 fatigare

103 967 337 1013 debemus&
358 968 561 1025 animum,
597 968 875 1013 divinioribus
906 969 1130 1025 intentum,
1168 972 1210 1013 et
1240 969 1374 1025 regali
1405 969 1677 1013 excellentiae

103 1045 296 1091 ducimus
324 1046 632 1102 assurgendum
645 1043 667 1090 ¹.
716 1045 829 1090 Vicit
859 1050 1002 1091 tamen
1034 1046 1227 1091 Christus
1262 1048 1307 1091 in
1338 1046 1485 1105 Petro,
1526 1052 1568 1092 et
1596 1047 1677 1092 Pe-

102 1126 196 1168 trus
218 1124 270 1169 >in
301 1124 438 1181 vobis,
466 1127 511 1169 et
537 1137 613 1168 vos
643 1124 687 1168 in
718 1124 852 1169 nobis.

140 1239 142 1242 ,
220 1201 530 1247 Etcolleetum
561 1206 627 1246 est
656 1202 879 1247 concilium
912 1216 981 1258 eo,
1019 1216 1101 1259 quo
1131 1203 1272 1247 fuerat
1300 1206 1492 1260 tempore
1522 1204 1676 1261 praefi-

101 1279 250 1324 nitum.
293 1280 361 1324 <111
400 1294 482 1337 quo
522 1280 756 1338 apostolica
792 1285 891 1325 sunt
926 1281 1060 1326 functi
1096 1280 1307 1336 legatione
1344 1282 1676 1326 reverentissimi

102 1357 342 1403 sacerdotes
372 1358 546 1403 Domini
568 1357 839 1403 Gebehardus
872 1357 1213 1415 archiepiscopus
1245 1358 1488 1403 Iuvavensis
1520 1363 1564 1404 et
1592 1359 1674 1404 Uto

102 1436 443 1495 archiepiscopus
475 1436 768 1491 Treverensis3
808 1436 985 1480 aderant
1015 1439 1057 1480 et
1087 1436 1325 1494 coepiscopi
1357 1441 1399 1481 et
1430 1441 1675 1495 cooperato-

99 1528 181 1559 res.
198 1515 335 1559 nostri
364 1528 443 1558 nec
470 1527 555 1558 non
586 1518 630 1559 et
658 1514 906 1558 inferiorum
935 1513 1130 1558 ordinum
1162 1528 1287 1571 quam
1321 1515 1465 1572 plures
1495 1529 1674 1571 magnae

101 1592 363 1647 auctoritatis
395 1596 437 1637 et
467 1593 699 1650 sapientiae
725 1592 820 1636 viri.
868 1592 1107 1648 Omnesque
1138 1592 1182 1635 in
1213 1606 1343 1636 unum
1375 1593 1540 1638 collecti
1570 1607 1675 1638 una-

99 1670 273 1715 nimiter
309 1670 629 1728 postulabamus
667 1671 884 1715 dominum
923 1674 1114 1714 nostrum
1155 1670 1294 1714 Iesum
1332 1671 1572 1727 Christum,
1611 1676 1673 1728 ut,

101 1748 203 1805 quia
236 1748 284 1792 in
320 1749 491 1793 nomine
529 1749 618 1793 eius
658 1749 872 1793 fueramus
911 1748 1175 1805 congregati,
1215 1762 1260 1792 se
1291 1749 1413 1793 nobis
1444 1750 1673 1794 secundum

100 1826 423 1883 promissionem
463 1826 607 1870 suamb
646 1827 892 1883 dignaretur
929 1827 1128 1871 exhibere
1172 1824 1394 1871 medium².
1529 1827 1674 1871 Prima

101 1916 212 1960 ergo.
232 1907 276 1948 et
298 1905 489 1948 vsecunda
509 1905 674 1949 concilii
696 1905 765 1950 die
787 1905 839 1950 de
861 1905 941 1961 his,
973 1919 1080 1962 quae
1112 1905 1337 1961 unicuique
1366 1905 1489 1949 fratri
1519 1906 1565 1949 in
1597 1919 1674 1949 sua

100 1981 261 2026 diocesi
296 1982 575 2038 obvenerant,
614 1986 755 2027 actum
796 1986 838 2027 et
875 1983 1203 2027 determinatum
1235 1986 1312 2027 est.
1369 1983 1476 2027 Illud
1515 1988 1670 2039 autem,

101 2059 213 2116 quod
242 2057 429 2104 maixime
458 2061 504 2104 in
534 2074 662 2105 causa
692 2064 796 2117 erat,
828 2060 1100 2105 dilationibus
1131 2064 1417 2118 protractum⁶
1450 2065 1515 2105 est
1545 2075 1672 2117 agen-

99 2137 215 2182 tibus
242 2138 540 2193 internunciis3
572 2138 667 2182 aliis
699 2139 882 2196 quidem,
915 2142 963 2182 ut
987 2138 1039 2183 ad
1062 2139 1224 2195 regiam
1244 2139 1506 2183 voluntatem
1529 2153 1555 2183 a
1574 2153 1673 2196 pro-

100 2215 231 2272 positi
249 2215 388 2271 rigore
409 2230 487 2260 nos
505 2215 834 2272 inflecteremus;
868 2217 962 2261 aliis
983 2230 1082 2261 vero
1105 2217 1375 2272 instantibus,
1407 2220 1455 2260 ut
1476 2217 1672 2273 designa-

99 2295 169 2337 tus
198 2292 271 2338 ille
301 2297 475 2352 propter
504 2295 670 2352 pondus
699 2295 844 2339 iudicii
884 2299 926 2339 et
957 2294 1290 2350 magnitudinem
1321 2294 1520 2351 periculi,
1561 2294 1672 2339 male

101 2369 355 2428 affectatum,
387 2375 537 2430 sponte
558 2373 792 2417 dimitteret
821 2373 1035 2416 honorem.
1144 2372 1292 2415 Tereia
1312 2385 1411 2416 vero
1434 2372 1502 2416 die
1526 2386 1671 2417 omnes

102 2449 328 2506 quotqu0t⁶
365 2450 587 2494 aderamus
626 2451 833 2509 episcopi,
872 2451 1068 2494 invocata
1105 2450 1150 2493 in
1190 2450 1394 2494 auxilium
1434 2450 1671 2507 divinitate,

101 2525 310 2571 adivimus
350 2527 587 2585 principem
626 2532 839 2585 nostrum,
879 2529 977 2572 viva
1014 2541 1115 2572 voce
1154 2531 1443 2572 ammonentes
1484 2542 1578 2572 eum
1619 2528 1672 2573 de

101 2603 236 2648 salute
275 2605 441 2648 animae
473 2619 594 2661 suae,
635 2606 829 2664 quodque
859 2607 1045 2650 divinam
1078 2605 1335 2650 voluntatem
1373 2619 1541 2663 semper
1571 2620 1672 2651 suae

101 2680 272 2726 debeat·
293 2682 501 2727 voluntati
523 2686 791 2741 anteponere,
822 2698 958 2740 neque
979 2696 1157 2739 regnum
1179 2682 1268 2727 eius
1289 2683 1374 2727 ullo
1395 2683 1520 2728 modo
1546 2697 1672 2741 posse

99 2756 262 2804 firmari
296 2759 380 2804 nisi
422 2760 592 2805 iusticia
638 2764 681 2805 et
725 2762 1019 2806 observatione
1062 2760 1359 2805 mandatorum
1397 2761 1491 2806 Dei.
1556 2761 1672 2806 Deus

194 2899 222 2921 a.
254 2889 351 2922 debeo
367 2890 426 2922 VZ.
510 2891 540 2922 b.
571 2902 629 2922 om.
648 2892 679 2923 V.
763 2902 789 2923 c.
822 2891 1026 2932 protractibus
1045 2890 1103 2922 VZ.
1188 2891 1219 2921 d.
1251 2891 1417 2932 quodquod
1438 2892 1473 2923 Z.
1558 2902 1585 2922 e.
1619 2892 1671 2923 de-

100 2942 192 2974 bebat
213 2942 248 2975 Z.

198 3001 230 3037 1.
256 3000 429 3038 honorem
454 3001 676 3038 habendum.
798 3006 831 3039 2.
859 3001 986 3038 Matth.
1011 3003 1063 3048 18,
1089 3003 1146 3038 20.

1705 356 1797 393 1071

1711 406 1790 444 Aug.

1695 1842 1772 1880 Aug.
1786 1843 1834 1873 15.
1848 1843 1886 1873 16

1695 2386 1771 2424 Aug.
1785 2387 1823 2417 17
