2028 3438
809 791 874 846 ΙΝ
878 791 1013 847 ΙΤΙΑ
1045 791 1525 849 EPISTOLARUM

1016 884 1162 921 HUIUS
1187 885 1315 922 ΤΟΜῙ.

364 1137 548 1183 Acceptis
572 1138 777 1174 sanctitatis
801 1141 964 1174 vestrae.

365 1196 540 1233 Adhibito
566 1197 728 1233 desidiae
751 1200 938 1243 pastorum
958 1223 966 1231 .
1019 1225 1025 1231 .

364 1255 425 1291 Ad
449 1255 518 1292 hoc
541 1257 577 1292 in
603 1257 758 1292 ecclesia
783 1282 790 1290 .
842 1283 848 1290 .
901 1283 907 1290 .
960 1284 964 1289 .

364 1314 456 1351 Aliis
480 1315 585 1352 vobis
610 1316 683 1351 iam
706 1316 836 1351 litteris
899 1342 905 1350 .

364 1374 575 1410 Altissimus
599 1375 658 1410 ille
683 1375 833 1411 deorum
899 1401 906 1408 .
958 1402 963 1409 .

365 1433 599 1480 Apostolicae
623 1434 860 1470 institutionis
898 1461 904 1467 .
958 1462 962 1467 .
1015 1461 1022 1468 .

364 1492 564 1539 Apostolus
589 1493 693 1528 dicit:
720 1493 878 1529 Necesse
899 1520 904 1526 .
957 1520 963 1526 .

364 1551 631 1588 Ariminensem
656 1552 906 1597 episcopatum

364 1611 532 1657 Aspiciat
556 1611 734 1647 Dominus
759 1611 804 1646 de
839 1638 845 1644 .
898 1638 903 1644 .
956 1638 963 1645 .
1015 1638 1022 1645 .

365 1669 575 1705 Auctoritas
600 1670 764 1705 Romana
788 1679 931 1716 semper
957 1697 963 1703 .

365 1727 596 1773 Audivimus,
621 1727 751 1764 fratres
776 1732 846 1764 et.
898 1756 904 1762 .
957 1755 963 1761 .
1015 1755 1022 1762 .

364 1787 603 1823 Beatitudini
628 1790 773 1823 vestrae
798 1797 931 1832 magna
957 1813 963 1821 .

1075 1096 1143 1127 pag·

1016 1165 1024 1174 .
1072 1139 1143 1175 413

1097 1199 1141 1234 97

1017 1284 1024 1291 .
1073 1257 1143 1293 256

1017 1342 1023 1350 .
1073 1316 1143 1352 350

1018 1402 1023 1409 .
1097 1376 1142 1411 68

1097 1435 1143 1470 60

1018 1522 1022 1526 .
1073 1494 1142 1528 366

960 1553 1142 1588 ..282

1071 1612 1142 1647 444

1017 1698 1022 1703 .
1071 1670 1141 1705 499

1072 1729 1142 1764 380

1015 1814 1020 1820 .
1073 1788 1142 1823 260

364 1845 585 1882 Benedictus
615 1846 717 1882 Deus
748 1849 786 1882 et
819 1850 924 1892 pater
955 1873 964 1882 .
986 1872 1022 1881 ..

412 1905 475 1950 qui
499 1905 537 1941 in

606 1931 965 1939 nnnnnnn

1017 1905 1141 1941 ,91

365 1964 587 1999 Benedictus
618 1964 719 2000 Deus
750 1967 787 2000 et
816 1967 920 2009 pater
952 1990 959 1999 .
983 1990 991 1999 .
1015 1990 1023 1998 .

414 2023 476 2068 qui
500 2023 579 2058 vias
606 2049 966 2057 .......

1018 2049 1024 2056 .
1072 2023 1143 2059 416

366 2081 586 2117 Benedictus
610 2082 730 2128 Deus,
761 2084 866 2127 pater
889 2082 1026 2118 miseri-

413 2141 616 2176 cordiarum

1017 2141 1143 2176 .640

365 2200 587 2235 Benedictus
618 2199 736 2245 Deus,
769 2200 832 2245 qui
863 2199 1025 2246 magnifi-

413 2259 512 2294 cavit
547 2285 965 2293 ........

366 2317 587 2353 Benedictus
610 2317 779 2353 dominus
804 2318 905 2353 Deus
958 2344 965 2352 .
1017 2345 1023 2352 .

367 2377 498 2422 caput
522 2379 686 2412 nostrum
711 2377 814 2412 Iesus
841 2403 848 2409 .
900 2403 905 2409 .
958 2404 963 2410 .

367 2435 601 2481 Compertum
626 2434 815 2481 habemus,
839 2437 965 2481 pater.
1016 2461 1024 2470 .

367 2494 535 2530 Concedo
561 2494 790 2530 electiones.
840 2520 848 2528 .
900 2521 906 2527 .
959 2522 965 2527 .

367 2553 611 2590 Condolentes
635 2563 681 2588 ex
706 2552 847 2589 corde.
902 2580 907 2586 .
960 2581 965 2586 .
1017 2580 1024 2587 .

368 2611 617 2648 Confiteantur
641 2611 797 2647 Domino
843 2638 848 2644 .
900 2639 906 2645 .
944 2600 965 2645 ¹.

367 2670 586 2707 conmonuit
609 2680 675 2706 nos
700 2680 786 2714 sepe
843 2697 848 2703 .
900 2697 907 2703 .
959 2696 966 2703 .

367 2729 628 2774 conquerimur
651 2730 730 2764 Deo
755 2729 991 2774 omnipotenti
1016 2756 1022 2763 .

367 2787 647 2824 Considerantes
669 2787 829 2823 laborem
899 2814 906 2821 .

367 2846 524 2882 Consilio
548 2845 708 2881 fidelium
733 2849 937 2882 nostrorum
959 2873 964 2879 .
1017 2873 1022 2879 .

958 2931 964 2938 .
1017 2932 1022 2938 .
1072 2905 1143 2940 450

368 2905 623 2941 Controversia
647 2915 780 2949 magna
803 2905 896 2940 inter

368 2961 675 3000 Convenientibus
701 2963 748 2997 ad
772 2964 907 2998 curiam
959 2990 964 2996 .

368 3021 459 3058 Cum
484 3021 613 3067 aliquis
637 3022 817 3067 privatum
841 3048 847 3056 .
901 3050 905 3055 .

1016 2285 1023 2292 .
1073 2259 1143 2295 534

1073 2319 1143 2354 202

1017 2403 1024 2410 .
1076 2403 1080 2410 ,
1097 2377 1143 2413 54

1073 2437 1143 2471 306

1017 2521 1023 2527 .
1073 2495 1143 2530 388

1073 2554 1144 2589 400

1019 2639 1024 2645 .
1073 2613 1143 2647 310

1017 2697 1023 2703 .
1074 2670 1143 2706 523

1073 2729 1143 2764 505

1016 2814 1022 2821 .
1073 2788 1142 2823 228

1074 2847 1093 2882 1
1099 2847 1143 2881 10

1016 2990 1022 2996 .
1071 2964 1141 2999 437

958 3023 1141 3058 ..172

1191 1138 1282 1175 Cum
1307 1139 1504 1176 amicorum
1529 1149 1663 1186 magna
1723 1165 1732 1174 .
1779 1165 1787 1174 .

1191 1197 1281 1234 Cum
1307 1198 1377 1234 Dei
1400 1198 1631 1244 providentia
1662 1225 1669 1232 .
1721 1225 1728 1233 .
1780 1225 1786 1233 .

1191 1256 1282 1293 Cum
1307 1257 1430 1294 divino
1454 1257 1642 1304 praeditus
1665 1285 1671 1291 .
1722 1284 1730 1293 .
1781 1284 1788 1292 .
1840 1285 1846 1292 .

1191 1315 1282 1351 Cum
1307 1316 1467 1352 omnium
1491 1327 1610 1353 rerum
1627 1319 1780 1354 ‘constet
1839 1343 1846 1352 .

1190 1374 1281 1410 Cum
1306 1386 1394 1421 prae
1418 1375 1586 1412 omnibus
1607 1403 1614 1411 .
1664 1402 1671 1410 .
1723 1403 1730 1410 .
1781 1401 1789 1410 .

1190 1433 1281 1470 Cum
1305 1435 1460 1480 primum
1486 1435 1662 1472 ecclesiae
1724 1462 1730 1469 .
1781 1460 1789 1470 .
1839 1461 1847 1468 .

1839 1519 1847 1528 .
1896 1493 1966 1530 610

1190 1493 1280 1529 Cum
1306 1494 1460 1539 primum
1485 1494 1677 1540 pastoralis
1723 1521 1730 1528 .

1191 1552 1281 1588 Cum
1306 1556 1380 1599 tua,
1406 1563 1429 1589 o
1452 1555 1556 1599 pater

1190 1611 1281 1647 Cum
1306 1612 1441 1648 veritas
1465 1612 1546 1657 ipsa

1190 1670 1336 1706 Debita
1359 1670 1681 1716 congratulationis
1723 1696 1730 1705 .
1781 1697 1788 1704 .
1839 1697 1847 1704 .

1189 1728 1246 1764 De
1270 1730 1517 1765 controversia
1539 1731 1671 1775 parta.
1724 1755 1730 1763 .
1782 1756 1787 1763 .
1839 1755 1846 1763 .

1838 1813 1846 1821 .
1895 1787 1965 1823 238

1190 1787 1245 1823 De
1270 1787 1412 1833 integra
1434 1787 1609 1824 fidelitate
1663 1814 1671 1822 .

1190 1847 1246 1882 De
1270 1845 1540 1892 magnificentia
1561 1849 1685 1883 vestra
1722 1873 1730 1881 .
1780 1873 1789 1880 .
1838 1872 1847 1880 .

1189 1905 1246 1941 De
1271 1908 1386 1941 morte
1410 1905 1614 1941 karissimi.
1665 1931 1671 1939 .
1722 1931 1730 1939 .
1781 1931 1790 1940 .

1190 1964 1459 2000 Denuntiamus
1482 1963 1588 2000 vobis
1611 1963 1648 2000 in
1663 1990 1671 1998 .
1723 1991 1730 1998 .
1781 1989 1788 1998 .

1190 2023 1247 2059 De
1271 2023 1395 2059 ordine
1419 2022 1622 2059 electionis·
1666 2049 1673 2056 .
1723 2049 1732 2058 .
1782 2049 1789 2057 .

1190 2083 1246 2118 De
1270 2082 1510 2128 prosperitate
1534 2084 1643 2127 atque
1664 2109 1672 2116 .
1722 2109 1730 2116 .
1781 2109 1788 2117 .

1190 2142 1247 2177 De
1272 2144 1370 2177 statu
1394 2141 1492 2187 regis

1190 2199 1450 2236 Difficillimum
1474 2200 1562 2236 mihi
1586 2202 1643 2245 est
1665 2227 1672 2234 .
1723 2227 1731 2234 .
1781 2227 1789 2235 .
1839 2227 1846 2235 .

1189 2260 1426 2295 Dilectionem
1450 2262 1611 2295 vestram
1633 2259 1746 2295 latere
1782 2285 1790 2293 .

1191 2318 1455 2354 Dilectissimus
1478 2316 1575 2354 filius
1598 2321 1722 2354 noster
1781 2345 1788 2351 .
1839 2344 1846 2351 .

1190 2378 1355 2422 Diligens
1379 2377 1511 2412 caritas
1536 2380 1573 2412 et
1606 2404 1612 2410 .
1663 2403 1670 2411 .
1721 2403 1729 2410 .
1780 2403 1787 2410 .

1191 2437 1264 2472 Diu
1287 2439 1325 2471 et
1347 2436 1500 2471 multum
1524 2435 1688 2480 quesitus
1721 2461 1728 2469 .
1780 2461 1787 2469 .
1838 2461 1846 2469 .

1191 2495 1325 2531 Divina
1348 2494 1562 2540 disponente
1585 2494 1728 2540 gratia.
1779 2521 1787 2528 .
1837 2521 1845 2528 .

1839 2580 1846 2587 .
1894 2553 1963 2589 517

1191 2555 1356 2590 Domnus
1379 2553 1562 2599 inperator
1587 2553 1785 2598 apostolice

1191 2614 1257 2648 Ea
1281 2615 1338 2648 est
1362 2611 1521 2656 corporis
1546 2610 1679 2647 Christi
1722 2637 1730 2646 ,
1780 2638 1787 2646 .
1838 2638 1845 2646 .

1838 2697 1845 2704 .
1895 2671 1964 2706 194

1838 2755 1845 2763 .
1892 2729 1964 2764 496

1838 2814 1845 2822 .
1893 2788 1963 2824 325

1191 2672 1256 2716 Ea,
1281 2681 1351 2716 que
1374 2670 1529 2706 libenter
1551 2680 1618 2706 vos
1664 2697 1670 2703 .
1722 2696 1729 2704 .

1191 2731 1286 2765 Ecce
1310 2732 1448 2775 partem
1473 2729 1660 2764 Moralium
1721 2755 1728 2762 .
1780 2754 1786 2762 .

1190 2789 1364 2833 Ecclesia,
1390 2787 1448 2823 cui
1471 2788 1730 2833 qualiscunque
1779 2814 1787 2822 .

1190 2847 1315 2882 Electo
1339 2846 1589 2891 Aquileigensi
1607 2871 1845 2881 .....

1190 2906 1238 2940 Et
1263 2905 1416 2949 apostoli
1440 2905 1543 2940 Pauli

1190 2964 1238 2999 Et
1262 2963 1406 2999 divinae
1429 2964 1522 3008 legis
1547 2989 1843 2997 ......

1837 3048 1843 3055 .
1892 3021 1962 3057 303

1190 3023 1246 3057 Ex
1270 3022 1418 3068 antiqua
1441 3022 1613 3059 relatione
1662 3048 1667 3055 .
1721 3049 1727 3056 .

1896 1096 1957 1128 1²⁸8

1840 1165 1847 1174 .
1896 1110 1966 1176 291'

1838 1225 1846 1234 .
1895 1199 1964 1236 257

1896 1258 1965 1294 237

1898 1376 1967 1413 192

1897 1435 1966 1471 103

1897 1552 1966 1588 114

1897 1611 1967 1648 125

1895 1729 1966 1766 328

1895 1846 1966 1882 282

1896 1905 1966 1942 520

1838 1991 1845 1999 .
1896 1964 1966 2000 512

1840 2050 1847 2058 .
1894 2023 1966 2061 425

1839 2108 1848 2117 .
1897 2083 1966 2119 168

1894 2141 1966 2178 448

1895 2200 1966 2236 393

1840 2285 1847 2293 .
1895 2259 1965 2295 349

1897 2317 1966 2353 144

1896 2376 1965 2411 182

1894 2435 1965 2471 472

1895 2495 1964 2531 268

1917 2612 1964 2648 58

1893 2846 1962 2881 437

1892 2905 1961 2940 421

1892 2963 1962 2998 272
