2028 3438
407 259 493 300 774
766 269 1006 301 HERBORDI
1036 269 1283 301 DIALOGUS.·
1325 269 1412 299 Lm.
1434 269 1468 298 11
1499 267 1555 300 28.
1572 267 1618 300 29

290 387 381 423 1124
406 376 517 419 viros
550 389 598 420 ac
627 376 806 420 feminas
837 389 930 419 cum
971 375 1158 433 parvulis
1190 375 1296 430 suis,
1337 374 1480 418 eadem
1515 374 1613 418 fidei
1643 377 1821 422 societas
1848 372 1963 432 ‘'poju-

406 453 523 496 latim
556 453 744 495 involvit.
795 452 951 497 Pueros
984 466 1147 509 quoque
1177 452 1292 508 ipsos
1323 455 1420 507 post
1450 451 1639 508 expletos
1670 455 1767 495 octo
1784 450 1962 505 ᾱίοὲ»,ἰῃ

408 530 475 573 die
506 530 778 586 depositionis
811 529 999 572 albarum
1033 529 1192 572 duabus
1225 528 1410 571 camisiis
1441 527 1492 572 de
1513 528 1657 572 subtili
1677 541 1816 585 panno
1837 528 1963 571 vesti·-

408 607 487 659 vit3
527 609 569 649 et
608 606 775 649 easdem
808 607 1001 648 camisias
1035 605 1248 660 aurifrigio
1281 606 1325 647 in
1355 618 1430 648 ora
1460 605 1610 662 capicii
1641 608 1683 649 et
1713 604 1965 648 sumi-rhua-

407 683 554 726 merali
587 686 710 738 atque
742 682 943 726 brachiali
968 682 1108 726 ornari
1140 682 1199 725 eis
1230 682 1340 725 fecit.
1391 682 1589 738 Duosque
1610 681 1796 737 cingulos
1818 680 1964 725 aureos

408 759 578 802 tradens
622 763 663 802 et
701 759 973 802 calciamenta
1010 760 1239 815 picturata,
1279 758 1487 814 verboque
1525 759 1966 803 doctrine‘et'saflra-

410 839 550 879 mento
583 836 831 878 eucharistie
865 849 934 878 eos
966 836 1266 889 communienS‚
1298 848 1390 878 cum
1423 835 1574 890 gaudio
1605 835 1658 878 in·
1681 834 1850 882 domum
1876 847 1966 877 ma*—

410 913 487 956 tris
518 913 692 955 remisit.
1804 916 1882 948 „m
1917 911 1938 946 ²³

530 989 692 1031 Timo:
733 988 851 1032 Miris
889 989 1024 1031 modis
1065 1002 1212 1032 aurum
1251 1002 1372 1032 suum
1412 993 1454 1032 et
1491 988 1667 1032 donaria
1696 987 1967 1032 Ottasnosoer

411 1066 622 1122 expendit.
667 1065 724 1108 Ut
754 1067 863 1109 enim
897 1065 1002 1108 salvi
1034 1069 1173 1108 essent
1203 1066 1412 1120 homineS‚
1454 1069 1496 1108 et
1526 1065 1665 1121 precio
1691 1063 1899 1108 ¹⁴conduxit
1922 1064 1968 1107 'et

411 1143 537 1185 verbo
569 1142 787 1195 instruxit3
824 1142 1031 1197 rudesque
1063 1142 1283 1199 alumpnos
1315 1146 1357 1185 et
1387 1141 1675 1198 spiritualibus
1697 1136 1966 1186 documentis

411 1218 664 1261 informabat
695 1223 737 1262 et
767 1218 1053 1275 corporalibus
1086 1219 1296 1262 beneficiis
1328 1219 1589 1262 conciliabat.
1791 1214 1793 1216 ’
1832 1262 1834 1264 ,

531 1295 787 1338 Sefridus:
828 1295 996 1351 Optime
1028 1296 1374 1347 animadvertisti.
1424 1295 1505 1338 Sed
1537 1293 1967 1351 quantofenoreflo—

411 1373 532 1414 naria
570 1386 645 1414 sua
681 1372 725 1414 in
757 1372 973 1414 thesauros
1005 1372 1175 1414 Domini
1214 1373 1278 1414 sui
1318 1372 1568 1428 aliquotiens
1599 1371 1894 1427 congesserim*
1915 1371 1967 1415 ‘e‘x

412 1450 477 1492 his
509 1449 666 1505 poteris
698 1449 908 1492 conicere:
1878 1451 1880 1454 '

533 1527 601 1568 29.
643 1525 799 1568 Prefati
833 1526 984 1568 etenim
1017 1525 1150 1581 pueri,
1183 1534 1276 1568 cum
1309 1525 1362 1568 ad
1393 1539 1490 1568 suos
1511 1525 1968 1583 coadolescentes‘per-

414 1603 640 1656 venissent,
679 1605 720 1644 et
752 1602 956 1656 quomodo
989 1602 1040 1644 ab
1073 1602 1267 1658 episcopo
1299 1602 1431 1645 habiti
1462 1606 1504 1645 et
1533 1603 1726 1646 instructi
1757 1606 1898 1646 essent
1928 1606 1970 1646 et

416 1683 572 1734 quanta
611 1682 721 1721 esset
759 1678 869 1734 apud
908 1677 1024 1720 illum
1059 1678 1280 1735 disciplina
1313 1683 1355 1722 et
1384 1678 1601 1734 honestas,
1642 1683 1797 1735 quanta
1825 1679 1970 1736 ¹pietus

417 1760 458 1799 et
489 1755 784 1809 mansuetudo,
824 1754 1035 1797 ruminare
1067 1759 1285 1811 ceperunt3
1325 1769 1423 1797 mox
1455 1756 1603 1811 etiam,
1644 1759 1798 1811 quante
1833 1757 1970 1799 muni-

416 1832 580 1875 ficentie
610 1845 660 1875 ac
688 1830 954 1874 liberalitatis
983 1831 1093 1873 circa
1114 1845 1257 1874 omnes
1279 1832 1478 1886 extiterit,
1510 1832 1726 1888 predicare
1745 1832 1865 1876 obliti
1885 1846 1969 1876 non

418 1913 527 1951 sunt.
575 1909 713 1964 Atque
743 1908 786 1950 in
810 1912 1101 1962 argumentum
1124 1908 1204 1950 rei:
1238 1907 1398 1951 Cernite
1419 1908 1613 1963 inquiunt
1633 1910 1697 1952 Itis
1717 1911 1970 1953 indumentis

416 1995 512 2042 post
551 1988 692 2028 omnia
732 1986 924 2039 beneficia
955 2000 1032 2027 sua
1062 2000 1137 2027 nos
1168 1987 1327 2038 induit,
1367 1986 1431 2027 Itis
1462 1988 1599 2028 aureis
1631 1987 1810 2042 cinqulis
1840 1987 1969 2030 heno—

418 2065 539 2105 ravit.
588 2064 776 2104 Pecunia
807 2076 884 2104 sua
915 2064 1100 2117 captivos
1120 2063 1299 2114 redimit,
1333 2064 1420 2104 suis
1440 2064 1638 2118 impensis
1660 2065 1821 2105 eosdem
1838 2065 1968 2115 vestit,

420 2140 509 2181 cibo
540 2139 670 2193 reficit
700 2147 736 2181 et
767 2139 915 2180 liberos
947 2139 1063 2180 abire
1094 2140 1275 2181 dimittit.
1327 2138 1442 2191 Quid
1462 2154 1663 2195 umquam
1682 2140 1817 2182 simile
1837 2141 1971 2182 visum

421 2217 658 2258 auditumve
704 2223 761 2257 est
802 2217 847 2257 in
888 2223 999 2257 terra
1036 2215 1396 2257 Pomeranorum?
1449 2217 1552 2271 quid
1587 2217 1722 2259 simile
1748 2217 1971 2273 pontifices

421 2294 555 2334 nostri
585 2301 621 2334 et
650 2291 880 2333 sacerdotes
899 2291 1102 2345 faciunt?
1146 2292 1273 2333 Hunc
1303 2299 1407 2333 certe
1428 2291 1610 2347 aliquem
1628 2293 1833 2336 visibilem
1851 2294 1971 2336 deum

421 2370 530 2410 inter
560 2369 742 2409 homines
775 2369 1001 2419 advenisse,
1034 2369 1129 2423 ipsa
1158 2369 1346 2423 yratuita
1374 2369 1599 2424 redemptio
1622 2371 1894 2424 captivorum,
1925 2371 1972 2411 in

423 2446 558 2500 cippis
591 2452 628 2486 et
659 2444 921 2500 compedibus
945 2443 1293 2498 putrefactorum,
1325 2444 1474 2486 multos
1495 2446 1599 2486 cives
1627 2453 1788 2487 nostros
1807 2446 1974 2500 fecerat

424 2529 651 2562 autumare.
702 2520 788 2563 Sed
817 2520 901 2571 ille,
935 2520 1010 2562 hoc
1039 2534 1210 2574 neyans,
1243 2535 1327 2562 non
1359 2522 1479 2562 deum
1509 2535 1551 2562 se
1580 2522 1653 2562 sed
1671 2521 1760 2563 Dei
1780 2522 1975 2564 altissimi

424 2611 585 2637 servum
621 2612 701 2652 pro
741 2604 884 2638 nostra
922 2596 1053 2638 salute
1093 2597 1148 2637 ad
1178 2610 1254 2637 nos
1286 2598 1486 2638 directum
1518 2598 1604 2638 dici
1633 2605 1671 2639 et
1700 2598 1816 2639 credi
1843 2605 1970 2653 optat.

424 2672 482 2714 Et
512 2674 648 2714 anime
678 2673 1029 2714 immortalitatem
1068 2680 1105 2713 et
1143 2686 1362 2727 corporum
1399 2675 1736 2715 resurrectionem
1774 2681 1811 2716 et
1840 2682 1973 2717 eterne

426 2750 505 2789 vite
533 2749 714 2803 ,qloriam
745 2749 978 2790 doctrinam
1009 2749 1111 2790 dicit
1134 2763 1217 2789 esse
1238 2749 1568 2790 christianorum.
1619 2748 1760 2800 Quare
1779 2764 1864 2792 non
1884 2764 1971 2791 cre-

427 2825 551 2865 datur
572 2825 611 2864 ei
618 2823 635 2863 2
675 2822 762 2865 Hec
782 2827 824 2865 et
844 2823 907 2864 his
929 2823 1084 2865 similia
1103 2836 1268 2878 pagana
1287 2824 1479 2866 iuventus
1502 2836 1527 2865 a
1546 2823 1764 2867 iuvenibus
1785 2825 1971 2879 audiens,

429 2897 640 2953 aspirante
670 2899 805 2952 gratia
826 2898 918 2952 Dei,
950 2902 1085 2941 tracta
1114 2902 1179 2941 est
1209 2902 1251 2941 et
1280 2898 1467 2941 adtracta
1495 2911 1571 2954 per
1603 2900 1769 2943 eosdem
1798 2900 1842 2942 in
1873 2913 1973 2943 eun-

429 2974 519 3016 dem
556 2973 648 3016 fidei
679 2974 905 3027 fervorem3
938 2974 1176 3029 reversique
1207 2974 1259 3016 ad
1284 2974 1525 3030 episcopum
1546 2975 1666 3030 pueri
1685 2974 1766 3019 fide
1786 2979 1974 3020 recenter
