2028 3438
619 254 684 286 nx
713 253 938 286 numoms
969 253 1108 285 meno
1566 241 1654 284 543

83 360 202 417 bens,
233 363 279 407 et
306 360 569 405 occasionem
589 359 868 415 diligentioris
898 359 1186 416 inquisitionis
1216 359 1296 403 tibi
1324 359 1507 416 praebeo
1540 363 1583 403 et
1612 363 1655 404 te
1680 369 1774 406 1135

80 437 288 494 invenire,
315 438 433 496 quod
464 451 540 494 ego
570 438 712 482 minus
742 437 877 495 potui,
908 450 994 481 non
1023 436 1206 492 invideo,
1237 436 1380 494 potius
1405 437 1653 481 cordetenus

81 515 348 572 congaudeo;
380 518 548 573 optans,
579 518 640 571 ut,
673 515 708 559 si
740 528 825 559 non
856 529 934 573 per
963 528 1046 571 me,
1078 514 1228 558 saltem
1259 528 1336 572 per
1367 516 1409 557 te
1440 513 1564 558 huius
1590 515 1655 559 rei

81 593 226 651 aliqua
254 592 448 638 veritatis
478 592 686 638 certitudo
718 592 939 637 elucescat.

326 806 645 853 PRAEFATIO
687 805 1047 851 POSTERIORIS
1088 805 1408 850 EDITIONIS⁰.

83 901 303 961 Incipit⁸
340 903 555 947 cronica
599 903 848 959 magistri
886 902 1155 946 Heimonis
1197 901 1386 945 fratris
1431 901 1655 945 fratrum

84 979 268 1026 Sancti
297 980 475 1026 Iacobi
506 981 562 1025 in
590 980 1019 1035 Babenbergensi
1053 979 1301 1035 ecclesia,
1340 993 1434 1036 que
1465 979 1541 1023 sic
1576 979 1655 1022 in-

753 1058 984 1103 choatur.

202 1136 271 1182 Ad
309 1136 486 1183 fratrem
527 1138 570 1180 et
607 1137 981 1193 compresbiterum
1020 1135 1356 1190 Burchardum⁰,
1403 1134 1654 1178 monachum
1682 1145 1775 1188 1135

84 1215 221 1260 sancti
248 1213 510 1270 Michahelis,
541 1213 669 1272 paulo
701 1217 799 1258 ante
830 1215 982 1272 scripsi
1011 1214 1168 1258 librum
1199 1213 1251 1257 de
1283 1213 1461 1256 decursu
1491 1216 1656 1270 tempo-

82 1306 180 1338 rum
210 1292 264 1337 ab
293 1292 456 1349 origine
486 1292 634 1336 mundi
664 1306 798 1349 usque
829 1292 883 1336 ad
912 1295 1104 1336 nostrum
1130 1295 1321 1348 tempus3
1355 1290 1579 1334 ostendens
1611 1291 1655 1334 in

84 1383 155 1415 oo:
198 1383 328 1429 quare
370 1371 540 1416 cronica
579 1371 822 1428 supputatio
861 1370 1159 1414 modernorum
1203 1369 1466 1426 quorundam
1509 1381 1657 1412 crono-

84 1448 296 1505 graforum
331 1451 374 1494 et
403 1449 530 1504 etiam
561 1448 732 1504 regulae
765 1448 816 1492 de
849 1448 970 1492 annis
991 1447 1164 1491 Domini
1185 1446 1253 1491 vel
1283 1447 1336 1491 ab
1359 1445 1505 1490 initio‘¹
1527 1445 1658 1490 seculi

83 1526 363 1583 inveniendis,
393 1526 602 1571 inculcate
631 1526 753 1570 nobis
786 1539 811 1569 a
830 1526 1061 1569 maioribus
1093 1525 1264 1580 nostris,
1296 1538 1382 1568 non
1404 1523 1659 1568 concordent

85 1603 364 1660 ewangelicae
395 1604 565 1648 veritati
597 1607 639 1648 et
669 1607 910 1648 sanctorum
944 1607 1114 1661 patrum
1147 1603 1402 1647 auctoritati.

203 1682 252 1727 In
283 1696 366 1740 quo
402 1682 511 1727 libro
543 1683 742 1739 quoniam
778 1682 824 1725 in
865 1681 967 1726 locis
1000 1681 1206 1738 quaedam
1242 1678 1656 1737 superabundabant,

85 1759 267 1817 quedam
296 1760 466 1805 brevius
499 1763 542 1804 et
572 1760 789 1804 obscurius
820 1760 961 1816 posita
989 1760 1172 1815 fuerant,
1209 1763 1252 1802 et
1281 1763 1424 1802 tamen
1457 1761 1554 1801 ante
1586 1757 1658 1801 de-

84 1837 220 1882 bitam
239 1838 559 1894 castigationem
579 1838 693 1882 idem
712 1838 820 1882 liber
841 1842 989 1882 contra
1007 1837 1269 1881 voluntatem
1291 1850 1429 1880 meam
1447 1849 1472 1879 a
1487 1835 1658 1892 quibus-

85 1915 185 1960 dam
221 1917 526 1974 transscriptus
565 1919 677 1972 erat,
724 1916 884 1973 placuit
922 1916 1026 1959 mihi
1063 1916 1108 1959 in
1154 1915 1497 1959 retractationem
1542 1913 1657 1957 illius

85 1992 198 2038 hunc
233 1993 391 2039 librum
431 1994 715 2049 conscribere3
756 1998 805 2037 ut
836 1993 1051 2049 videlicet,
1091 1993 1289 2049 quicquid
1326 1993 1370 2036 in
1408 1991 1481 2035 illo
1517 1992 1657 2035 minus

85 2071 304 2130 provisum
332 2072 473 2116 fuerat
502 2071 570 2116 vel
601 2086 653 2116 ex
685 2085 753 2115 me
792 2072 1000 2115 scribente
1032 2071 1099 2114 vel
1137 2071 1189 2115 ab
1221 2071 1303 2114 alio
1343 2069 1531 2126 quolibet
1561 2072 1659 2112 ante

85 2150 429 2194 retractationem
460 2150 782 2205 transcribente,
814 2150 860 2192 id
889 2149 934 2192 in
955 2149 1038 2192 isto
1060 2148 1306 2203 castigatius
1328 2151 1370 2191 et
1396 2147 1658 2191 emendatius

88 2240 138 2272 ac
165 2227 335 2285 planius
364 2228 548 2272 inveniri
577 2227 730 2272 valeat.
781 2227 861 2271 Est
894 2230 1034 2270 autem
1066 2227 1246 2270 materia
1276 2226 1399 2269 huius
1430 2225 1528 2269 libri
1560 2238 1659 2269 con-

86 2305 231 2350 tinuus
262 2319 467 2350 annorum
507 2306 708 2350 decursus
741 2319 767 2349 a
797 2305 1005 2363 principio
1036 2304 1184 2348 mundi
1213 2318 1346 2360 usque
1378 2304 1430 2347 ad
1466 2306 1658 2347 nostrum

87 2386 268 2441 tempus.

207 2460 390 2505 Intentio
413 2465 498 2505 est:
521 2476 546 2505 a
565 2461 668 2505 luna
682 2461 812 2518 XIIII,
835 2462 946 2505 sicut
966 2464 1030 2504 est
1052 2460 1247 2518 primitus
1265 2462 1408 2503 creata
1422 2459 1466 2502 in
1485 2461 1658 2515 quarta⁰

87 2537 197 2583 feria
218 2539 274 2582 12
294 2538 388 2582 Kal.
410 2538 588 2596 Aprilis,
620 2539 911 2584 descendendo
942 2538 1175 2593 ostendere,
1207 2538 1336 2581 fuisse
1367 2537 1512 2580 lunam
1540 2536 1659 2580 XIIII

89 2616 319 2660 secundum
350 2615 525 2661 Latinos
563 2620 605 2661 et
637 2616 814 2673 Grecos,
853 2617 927 2661 sed
957 2616 1035 2660 XV
1067 2615 1297 2659 secundum
1328 2615 1476 2659 Iudeos
1514 2615 1558 2659 in
1591 2628 1659 2659 oc-

88 2693 198 2738 tavis
229 2693 431 2737 Kalendis
451 2694 627 2751 Aprilis,
661 2695 827 2751 quando
859 2708 1010 2751 passus
1043 2697 1107 2737 est
1126 2693 1354 2748 Dominus3
1387 2697 1430 2737 et
1460 2707 1483 2737 e
1512 2696 1660 2737 contra

89 2771 353 2816 ascendendo
385 2786 410 2815 a
438 2771 558 2815 XIIII
588 2772 689 2816 luna
721 2773 846 2829 primi
884 2772 1063 2826 mensis,
1106 2785 1213 2827 quae
1244 2775 1309 2815 est
1338 2772 1544 2815 terminus
1586 2785 1660 2828 pa-

90 2848 244 2893 schalis
267 2849 367 2893 anni
395 2849 624 2906 presentis:
656 2850 954 2894 nichilominus
974 2850 1104 2893 fuisse
1124 2849 1269 2893 lunam
1290 2848 1408 2893 XIIII
1429 2848 1660 2893 secundum

185 2978 214 2999 a.
245 2979 283 3000 ex
306 2969 333 2999 T
347 2967 412 3009 fol.
429 2969 466 3006 8,
497 2969 528 2999 Ε
544 2967 608 3008 sol.
622 2970 669 2999 14.
925 2970 954 3000 b.
987 2969 1134 3007 Prologus
1155 2969 1187 2999 Ε
1209 2979 1272 3009 pro
1297 2969 1408 3008 Incipit
1435 2985 1464 2989 -
1491 2968 1661 2999 inchoatur.

91 3030 118 3052 c.
149 3021 356 3053 Burckardum
379 3023 417 3053 E.
543 3023 572 3053 d.
606 3023 710 3053 muudi
733 3022 827 3053 seculi
849 3022 880 3053 T.
1007 3032 1034 3052 c.
1067 3022 1196 3062 septima
1219 3023 1257 3053 E.
1646 3030 1649 3031 ⁷
