2028 3438
396 248 482 291 538
936 264 998 293 nx
1030 263 1250 294 nnmoms
1281 263 1418 294 meno

393 369 608 424 mayistris
640 383 810 425 operam
840 370 953 412 dedit
964 366 988 422 ²,
1021 371 1093 412 sed
1121 370 1366 412 Bernhardz‘
1394 372 1518 412 etiam
1538 370 1729 427 Hispani
1757 371 1948 415 doctrina

393 459 493 487 usus
525 453 595 497 est,
630 447 818 502 episcopi
845 446 960 488 illius
990 448 1035 488 in
1066 446 1186 488 rebus
1210 446 1512 502 chronoloqicis
1537 447 1702 502 eruditi,
1734 449 1822 505 qui,
1855 463 1949 491 cum

393 522 652 564 Pomeranos
674 523 731 564 ad
751 520 906 564 Christi
923 523 1054 576 fidem
1075 524 1368 565 convertendos
1386 523 1561 578 frustra
1580 526 1837 581 suscepisset,
1863 526 1946 568 cir-

395 600 495 641 citer
531 613 641 641 anno
674 599 791 641 1122
821 599 1083 654 Bamberqae
1120 599 1385 654 aliquamdiu
1422 602 1469 642 in
1505 603 1756 644 monasterio
1789 600 1836 645 S.
1858 602 1946 645 Mi-

395 675 547 717 chaelis
580 672 946 717 commorabatur².
1005 675 1142 728 Quam
1174 677 1446 731 coquitionem
1476 676 1625 720 Heimo
1665 677 1718 720 ab
1757 677 1845 720 illie
1875 693 1946 721 ac-

396 760 661 808 ceptam‘tam
681 760 842 794 strenue
863 752 1008 794 litteris
1030 754 1298 809 eoeprompsit,
1333 761 1380 796 ut
1407 762 1580 809 propter
1600 754 1761 805 „multa
1787 755 1950 811 inqenii

755 824 802 848 “3

395 830 464 881 sui
498 831 750 871 monimenta
832 829 1045 871 sodalibus
1076 829 1362 880 „mirabilium
1393 831 1525 872 editor
1556 830 1755 887 operum“
1785 832 1946 874 videre-

396 901 497 947 tur⁴.
557 904 715 948 Tamen
748 906 937 962 plurima
975 908 1062 948 eius
1099 907 1257 962 scripta
1295 908 1501 949 interiisse
1537 908 1751 958 videmur,-
1796 909 1844 950 in
1881 907 1946 950 hie

396 980 672 1038 Computus
704 991 797 1024 ante
828 998 985 1024 annum
1006 982 1123 1025 1135
1155 980 1401 1038 confectu8⁵,
1434 985 1491 1026 ad
1512 998 1632 1040 quem
1652 985 1820 1041 quidem
1847 998 1945 1041 per-

396 1061 525 1102 tinere
555 1059 733 1101 arbitrer
763 1061 814 1101 de
844 1060 1093 1102 Bernhardo
1125 1060 1320 1117 Hispa-no
1348 1049 1661 1117 fraymentum‚
1693 1061 1746 1104 ab
1776 1061 1948 1104 Ebbone

395 1138 441 1178 in
471 1137 558 1178 vita
582 1135 746 1178 Ottonis
778 1138 966 1192 episcopi
983 1137 1305 1192 Bamberqensis
1337 1152 1387 1180 eat
1409 1138 1613 1194 „proloyo
1645 1139 1862 1180 cuiusdam
1892 1137 1945 1180 li-

397 1213 497 1255 bri“
528 1213 746 1255 Heimonis
784 1210 995 1255 allatum⁶.
1048 1213 1107 1255 At
1142 1214 1337 1256 habemus
1375 1215 1506 1257 alium
1545 1217 1632 1258 eius
1670 1215 1823 1258 librum
1851 1215 1948 1267 „de

397 1291 615 1332 decursu
653 1299 936 1346 temporum
977 1290 1028 1332 ab
1061 1292 1222 1347 oriqine
1250 1289 1446 1334 mundi“.
1568 1290 1809 1349 Composuit
1837 1292 1948 1335 enim

396 1367 547 1409 Heimo
579 1367 654 1408 hoo
676 1381 780 1423 opus
801 1382 911 1410 anno
933 1367 1051 1410 1135
1081 1370 1274 1424 misitque
1304 1369 1363 1410 ad
1386 1383 1490 1422 eum,
1524 1370 1641 1412 ouius
1671 1369 1803 1426 supra
1831 1382 1945 1412 men-

396 1505 583 1541 Heimonis
615 1504 737 1540 fratris
769 1503 918 1540 fratrum
953 1504 989 1541 S.
1014 1505 1136 1542 Iacobi
1168 1507 1204 1542 in
1229 1506 1526 1552 Babenbergensi
1557 1506 1751 1544 ecclesia“.
1794 1507 1880 1553 Ipse
1908 1507 1947 1543 in

396 1564 525 1609 prioris
550 1564 718 1599 editionis
744 1574 822 1609 cap.
841 1565 874 1609 5,
899 1564 935 1599 in
961 1565 1170 1609 posterioris
1187 1566 1259 1601 L.I
1283 1566 1350 1602 e.5
1375 1566 1421 1602 de
1445 1576 1485 1601 se
1510 1566 1563 1602 sic
1587 1566 1747 1612 scripsit:
1775 1565 1948 1612 „Constet

396 1633 499 1669 ergo,
530 1624 616 1668 quia·
640 1634 662 1658 a
685 1623 854 1668 passione
878 1623 1025 1658 Domini
1048 1634 1164 1669 usque
1188 1635 1284 1660 nunc
1309 1624 1536 1660 defluxerunt
1559 1625 1643 1660 anni
1667 1625 1760 1660 1134
1783 1627 1821 1660 et
1844 1624 1946 1670 quin-

395 1685 456 1718 tus
488 1683 560 1717 iam
592 1682 720 1727 instat,
753 1691 835 1716 cum
869 1691 937 1726 ego
962 1681 1091 1717 Heimo
1117 1681 1324 1728 presbyter,
1357 1683 1526 1719 minimus
1550 1682 1701 1719 fratrum
1732 1683 1770 1719 in
1793 1683 1947 1719 ecelesia

397 1742 513 1776 sancti
537 1740 660 1777 Iacobi
684 1740 839 1786 apostoli
854 1740 1161 1786 Babinbergensis
1185 1742 1363 1787 territorii,
1388 1741 1479 1777 haec
1503 1741 1726 1778 conscribo“.
1761 1741 1946 1778 Ecclesiae

397 1810 425 1836 s.
444 1799 567 1836 Iacobi
592 1800 846 1836 canonicorum
870 1809 965 1834 unus
991 1803 1177 1845 comparet
1201 1800 1330 1836 Heimo
1354 1801 1507 1846 primum
1535 1801 1572 1836 in
1596 1799 1722 1836 tabula
1745 1801 1830 1836 anni
1855 1800 1946 1836 1108

397 1859 470 1901 (vel
496 1859 612 1903 1109),
638 1858 769 1894 deinde
793 1858 831 1893 in
855 1858 983 1903 viginti
1007 1858 1139 1894 tabulis
1164 1859 1281 1903 spatio
1306 1869 1481 1895 annorum
1502 1860 1741 1895 1124—1136
1766 1858 1946 1905 conscrip-

395 1917 462 1964 tis3
495 1929 531 1953 v.
557 1917 633 1952 Das
657 1916 976 1962 Griindungsbuch
1007 1916 1072 1952 des
1098 1917 1372 1963 Collegiatstifts
1404 1917 1440 1954 S.
1464 1917 1591 1964 Iacob,
1621 1919 1658 1954 in
1682 1917 1946 1954 Einundzwan·

397 1977 531 2022 zigster
554 1975 701 2011 Bericht
724 1975 789 2011 des
813 1975 1052 2011 historischen
1070 1976 1222 2013 Vereins
1247 1987 1292 2012 zu
1316 1976 1499 2022 Bamberg
1522 1988 1557 2023 p.
1577 1978 1596 2013 1
1623 1980 1660 2012 et
1682 1988 1718 2023 p.
1739 1977 1895 2013 17-28.

492 2048 523 2082 1.
550 2047 595 2083 V.
614 2057 725 2092 supra
740 2057 775 2092 p.
789 2047 857 2082 537
875 2057 909 2081 n.
925 2047 944 2082 1
962 2049 999 2082 et
1016 2048 1048 2082 2.
1145 2048 1178 2083 2.
1204 2046 1309 2083 Ebbo
1326 2047 1456 2084 inVita
1469 2047 1610 2083 Ottonis
1628 2047 1790 2094 episcopi
1805 2047 1892 2083 L.11
1904 2047 1945 2083 1:

399 2106 512 2151 „Nam
538 2108 575 2140 et
598 2105 815 2141 venerabilis
839 2105 968 2140 Heimo
992 2105 1196 2152 presbyter,
1227 2106 1421 2142 canonicus
1447 2105 1483 2142 S.
1500 2106 1635 2152 Iacobi,
1659 2107 1721 2151 qui
1746 2106 1860 2142 multa
1882 2115 1945 2142 no·

395 2164 453 2200 bis
482 2164 618 2209 ingenii
650 2164 706 2199 sui
737 2164 959 2199 monimenta
988 2165 1149 2210 reliquit,
1180 2164 1226 2200 ab
1259 2165 1387 2201 eodem
1414 2164 1546 2201 Christi
1577 2175 1683 2202 servo
1708 2164 1946 2209 (Bernhardo)

396 2224 510 2259 multa
541 2223 667 2258 didicit
696 2223 741 2258 de
773 2226 850 2258 arte
882 2223 1131 2268 calculatoria,
1164 2233 1234 2268 que
1265 2223 1365 2269 prius
1396 2223 1494 2269 apud
1517 2224 1687 2270 vulgatos
1711 2223 1946 2269 computistas

396 2281 551 2318 obscura
575 2286 611 2317 et
634 2282 803 2317 intricata
826 2291 871 2317 ne
894 2281 1012 2317 dicam
1037 2280 1169 2317 falsata
1191 2281 1400 2318 invenerat“
1427 2284 1496 2317 cet.
1599 2283 1632 2318 3.
1660 2283 1703 2320 V.
1724 2293 1835 2329 supra
1857 2293 1892 2318 n.
1909 2283 1944 2318 2.

396 2342 431 2376 4.
463 2340 568 2376 Ebbo
592 2341 674 2375 l.1.:
703 2340 829 2386 „Unde
862 2343 900 2375 et
926 2340 1004 2385 ipse
1028 2340 1247 2376 venerabilis
1270 2339 1381 2376 frater
1405 2343 1528 2376 noster
1551 2341 1697 2387 Heimo,
1728 2341 1944 2378 mirabilium

397 2399 513 2435 editor
537 2398 707 2445 operum“
736 2402 805 2435 cet.
924 2400 958 2434 5.
990 2399 1107 2435 Huius
1131 2399 1212 2435 libri
1236 2400 1454 2435 mentionem
1480 2398 1589 2435 infert
1611 2400 1740 2436 Heimo
1764 2400 1801 2436 in
1824 2403 1944 2446 poste-

396 2459 499 2494 rioris
524 2458 693 2493 editionis
720 2457 786 2503 „de
812 2457 967 2493 decursu
991 2458 1216 2504 temporum“
1242 2458 1362 2503 operis
1385 2458 1458 2493 L.I
1483 2468 1514 2494 c.
1532 2459 1572 2493 2:
1600 2458 1676 2504 „De
1700 2469 1773 2503 qua
1795 2459 1945 2496 diversi-

396 2520 471 2552 tate
496 2517 655 2562 compoti
679 2516 902 2552 Hebreorum
934 2519 971 2552 et
996 2517 1269 2552 christianorum
1300 2515 1447 2552 uberius
1477 2517 1520 2551 in
1551 2520 1759 2562 compoto
1787 2521 1944 2555 nostro

396 2574 558 2621 agitur“;
592 2578 629 2610 et
653 2576 693 2610 L.
711 2575 764 2610 III
789 2585 819 2610 c.
839 2576 878 2610 1:
907 2575 1022 2620 „sicut
1046 2576 1090 2611 in
1116 2578 1323 2620 compoto
1347 2578 1502 2611 nostro
1526 2575 1563 2610 in
1587 2576 1841 2621 explanatione
1864 2577 1945 2612 cicli

395 2634 576 2679 paschalis
600 2634 752 2669 Dionisii
777 2634 1036 2670 ostendimus“.
1144 2626 1177 2669 6.
1202 2633 1306 2669 Ebbo
1330 2634 1353 2669 1.
1371 2634 1395 2668 1.
1419 2634 1460 2669 L.
1478 2634 1512 2669 11
1537 2644 1569 2669 c.
1589 2635 1628 2669 1:
1656 2635 1781 2679 „Unde
1805 2638 1842 2671 et
1865 2636 1944 2680 ipse

396 2692 612 2728 venerabilis
637 2692 747 2728 frater
772 2695 896 2728 noster
919 2693 1048 2728 Heimo
1068 2713 1109 2718 —
1130 2693 1167 2728 in
1191 2693 1340 2737 prologo
1366 2692 1552 2727 cuiusdam
1577 2692 1658 2728 libri
1682 2694 1739 2729 sui
1763 2693 1809 2729 de
1832 2694 1944 2729 Bern-

396 2751 508 2786 hardo
534 2751 694 2786 scribens
718 2751 812 2786 inter
836 2755 959 2787 cetera
983 2752 1051 2786 ait:
1078 2751 1348 2797 „„Benedietus
1373 2751 1472 2786 Deus
1497 2751 1742 2798 omnipotens;
1774 2752 1943 2797 quoniam

396 2819 462 2854 per
490 2809 670 2844 hominem
704 2810 802 2845 illum
840 2810 998 2855 prestitit
1035 2809 1143 2845 michi
1175 2810 1287 2845 multa
1318 2809 1442 2844 audire
1475 2812 1512 2844 et
1543 2809 1698 2855 discere,
1737 2820 1808 2855 que
1843 2810 1943 2856 prius

396 2867 619 2912 ignorabam,
645 2878 717 2903 non
741 2871 881 2904 tantum
901 2869 947 2904 de
964 2869 1108 2904 cronica
1132 2868 1388 2914 supputatione
1413 2867 1478 2903 sed
1503 2870 1540 2903 et
1564 2868 1609 2903 de
1634 2868 1804 2904 misteriis
1827 2871 1865 2905 et
1887 2878 1943 2905 ra·

396 2924 556 2961 tionibus
594 2926 775 2971 paschalis
813 2927 1061 2974 observantie,
1097 2927 1207 2963 immo
1245 2927 1291 2963 de
1327 2925 1425 2962 omni
1462 2926 1556 2962 inter
1592 2935 1660 2962 nos
1691 2925 1820 2963 oborta
1857 2936 1943 2973 que·

396 2983 578 3020 stione““.
