2028 3438
665 250 888 283 nmmum
919 251 1091 284 0011011.
1137 250 1185 284 42
1656 241 1713 284 89

135 357 247 415 Θαὶς
265 358 448 404 ''debitae
478 355 744 403 obedientiae
773 359 1076 403 subiectionem
1091 375 1093 378 ⁴
1106 363 1150 404 et
1180 358 1370 404 sedulam
1410 359 1602 416 obsequii
1643 359 1714 405 de·
1741 371 1833 407 1075

137 433 390 481 *ctionem*
422 466 427 470 ›
454 457 458 460 -
1755 421 1816 451 ¹⁸¹¹·

140 511 188 550 ἕνα
220 512 559 567 *Quid-'causae
574 526 576 529 ·
593 513 849 558 intercedat⁰
897 517 940 558 et
980 514 1081 570 quid
1118 514 1411 572 impedimenti
1456 515 1713 572 intercipiat,

135 591 426 650 -quodasaneto
448 591 546 636 huic
567 595 737 636 sanctae
763 591 1019 649 apostolicae
1041 592 1152 636 sedis
1174 593 1350 636 concilio
1364 590 1374 610 ¹
1404 593 1609 637 interesse
1628 606 1713 636 non

116 699 117 702 =
136 667 328 728 possum,
354 666 469 714 sicut
495 670 583 714 iam
607 669 741 727 priori
758 669 970 724 legatione
991 668 1238 725 significavi,
1269 670 1331 714 ita
1351 673 1394 714 et
1412 683 1524 714 nunc
1545 674 1714 715 sanctae

139 743 389 805 paternitati
412 750 592 791 -vestrae
630 759 681 791 ex
720 747 815 804 ipsa
860 747 1040 791 veritate
1085 747 1312 803 denunci03
1362 749 1558 793 videlicet
1602 749 1714 804 quod

141 825 287 870 eodem
305 825 526 882 *paralisis
564 825 734 880 morbo,
775 837 857 882 quo
889 828 989 868 tunc
1018 824 1283 881 laborabam,
1324 839 1409 869 non
1447 826 1616 883 quidem
1647 841 1714 871 re·

137 903 313 947 missius
342 903 417 948 sed
446 904 492 947 in
523 903 613 947 dies
645 903 808 946 auctius
841 903 1062 960 acriusque
1091 903 1250 947 laboro.
1298 903 1386 947 Nec
1416 904 1495 948 hoc
1525 907 1714 962 praeter-

137 981 265 1025 mitto
302 984 377 1025 aut
397 978 527 1025 ⁴fastu
566 980 788 1038 superbiae
828 984 902 1024 aut
932 983 1176 1038 contemptu
1217 981 1546 1036 inobedientiae3
1589 996 1714 1039 quem

137 1059 310 1111 animae
325 1058 534 1104 *morbum
565 1058 708 1102 divina
738 1059 954 1102 miseratio
985 1058 1110 1114 longe
1140 1059 1270 1102 faciat
1301 1073 1326 1103 a
1348 1073 1428 1103 me.
1475 1060 1569 1104 Non
1601 1061 1713 1104 enim

136 1134 366 1181 cuiuslibet
384 1137 566 1192 negocii
607 1136 838 1193 quamlibet
867 1137 1045 1180 maximi
1084 1150 1152 1181 me
1183 1138 1366 1181 retinere
1405 1142 1550 1195 posset
1578 1139 1714 1196 impe-

137 1213 390 1271 dimentum,
420 1209 546 1271 quem
577 1215 631 1258 ad
662 1228 737 1258 vos
767 1228 853 1258 non
883 1214 974 1259 sola
1004 1214 1120 1258 ducit
1150 1215 1344 1260 voluntas
1383 1216 1458 1260 sed
1489 1220 1532 1260 et
1562 1217 1713 1261 ardens

135 1292 274 1348 trahit
312 1292 579 1337 desiderium.
638 1292 735 1336 Mea
771 1306 953 1348 namque
990 1293 1195 1336 intererat
1241 1296 1283 1337 et
1328 1294 1407 1337 hoc
1446 1294 1714 1339 obedienciae

138 1370 265 1415 ruci&
295 1373 338 1415 et
374 1371 565 1416 caritatis
604 1371 706 1415 ordo
737 1370 958 1428 poscebat,
998 1373 1046 1414 ut
1084 1370 1182 1415 huic
1219 1372 1433 1416 consorcio
1471 1375 1714 1416 sanctorum

139 1445 390 1493 interessem
412 1451 472 1493 ’01
509 1448 561 1493 de
591 1449 839 1506 praesencia
877 1449 943 1493 vel
976 1449 1227 1494 allocutione
1259 1452 1384 1506 atque
1416 1450 1467 1494 de
1497 1450 1715 1510 salutifera

140 1526 364 1575 collatione
395 1527 527 1571 divini
557 1527 692 1584 patris
722 1527 807 1570 mei
838 1526 1055 1583 Gregorii*
1087 1531 1130 1572 et
1159 1527 1318 1572 Christi
1353 1529 1620 1572 sacerdotum
1650 1529 1714 1573 hi-

136 1603 352 1650 larescens
388 1605 434 1648 in
471 1604 623 1649 melius
667 1604 926 1663 proficerem.
979 1606 1067 1650 Nec
1104 1606 1379 1663 penitendum
1417 1610 1528 1650 esset
1564 1607 1715 1663 longae

138 1683 236 1728 viae
270 1685 320 1727 et
339 1683 499 1738 magni
528 1682 710 1739 laboris,
750 1683 907 1741 quippe
946 1684 1019 1728 ubi
1058 1685 1301 1742 proveniret
1338 1685 1499 1728 fructus
1535 1698 1714 1741 magnae

138 1760 325 1806 salutis:

184 1863 186 1866 -
244 1837 471 1883 ‘Maximas
503 1841 642 1882 autem
674 1842 815 1894 grates
856 1852 953 1883 cum
983 1838 1134 1883 humili
1173 1840 1344 1883 inclinio
1383 1843 1548 1885 vestrae
1578 1842 1714 1886 refero

139 1916 386 1972 sanctitati,
419 1915 532 1973 quod
569 1916 772 1971 legationi
811 1920 981 1961 nostrae
1021 1921 1110 1961 tam
1148 1918 1377 1962 clementer
1415 1932 1560 1963 aurem
1595 1919 1716 1964 incli-

140 1995 284 2039 nastis
315 1995 515 2052 ipsosque
554 1994 717 2050 legatos
765 1994 870 2038 bene
917 1994 1149 2039 admisistis
1196 1999 1239 2039 et
1273 1996 1426 2040 melius
1471 1997 1713 2051 dimisistis3

137 2073 336 2130 quodque
375 2070 537 2130 placuit
573 2076 739 2116 vestrae
780 2073 996 2116 sanctitati
1035 2073 1233 2130 antiquae
1273 2074 1509 2118 dilectionis
1549 2078 1592 2119 et
1621 2089 1715 2131 ger-

141 2164 293 2195 manae
325 2149 558 2194 affectionis
589 2154 759 2194 nostrae
791 2154 878 2194 tam
901 2150 1080 2206 benigne
1100 2149 1353 2207 reminisci²,
1384 2153 1527 2196 necin
1549 2167 1716 2197 summa

142 2228 443 2287 speculationis
481 2241 578 2272 arce
617 2232 659 2272 01
697 2229 742 2272 111
773 2229 867 2286 ipsa
902 2228 1089 2272 omnium
1122 2218 1394 2273 ecclesiarum
1433 2230 1715 2275 sollicitudine

143 2307 326 2351 duxistis
356 2306 734 2364 praetereundum,
776 2307 887 2363 quod
918 2306 1019 2350 olim
1052 2306 1187 2350 adhuc
1217 2307 1262 2350 in
1293 2307 1388 2364 ipsa
1419 2308 1585 2364 privata
1616 2322 1714 2353 con-

143 2385 380 2430 versatione
411 2384 569 2428 Christi
598 2385 709 2428 inter
739 2398 815 2428 nos
847 2385 986 2429 fuerat
1005 2385 1182 2429 caritate
1204 2385 1484 2429 coniunctum.
1532 2386 1715 2432 Proinde

143 2463 390 2520 multiplicis
423 2476 523 2518 erga
554 2476 621 2506 me
659 2463 930 2518 benignitatis
963 2466 1127 2507 vestrae
1159 2463 1298 2517 gratia
1327 2462 1445 2506 nulla
1475 2467 1712 2522 temporum

141 2539 450 2597 longinquitate
474 2540 618 2596 deleri,
651 2541 767 2584 nulla
791 2555 992 2597 umquam
1022 2554 1164 2585 rerum
1188 2540 1253 2584 vel
1286 2544 1510 2585 eventuum
1541 2543 1715 2600 inequa-

142 2617 263 2663 litate
294 2617 451 2676 poterit
481 2617 726 2662 oblitterari.
780 2618 864 2663 Sed
895 2619 949 2663 ad
984 2619 1062 2663 hoc
1092 2618 1442 2676 promerendum⁰
1473 2623 1619 2664 nostra
1650 2635 1714 2666 se-

145 2695 243 2740 dulo
282 2695 474 2751 vigilabit
503 2696 733 2741 industria:
773 2700 820 2741 ut
858 2697 902 2740 in
938 2697 1016 2740 hoc
1046 2710 1316 2754 perseverare
1347 2700 1489 2742 vestra
1518 2698 1714 2754 dignetur

145 2773 439 2818 benivolentia.

239 2860 266 2881 a.
298 2851 461 2882 intercidat
478 2851 541 2890 VB,
566 2861 648 2882 corr.
669 2851 704 2882 in
726 2851 895 2883 intercedat
917 2851 950 2882 Z.
1035 2851 1064 2882 b.
1099 2851 1134 2882 G.
1157 2851 1222 2882 ZB.
1305 2861 1332 2883 0.
1363 2861 1418 2891 pro
1441 2853 1608 2884 remedium
1625 2853 1656 2884 V.

242 2909 274 2944 1.
301 2909 437 2945 mensis
453 2909 560 2945 Febr.
579 2919 612 2945 a.
627 2910 738 2956 10753
765 2908 811 2945 cf.
830 2909 1076 2954 GregoriiVII
1091 2910 1249 2956 Registr.
1265 2910 1299 2946 11
1323 2911 1369 2946 29
1395 2921 1506 2956 supra
1521 2911 1564 2947 T.
1580 2911 1615 2947 11
1633 2912 1713 2947 141.

145 2969 178 3004 2.
208 2967 426 3015 „Recordari
450 2969 632 3005 credimus
658 2967 922 3005 fraternitatem
947 2971 1067 3016 tuam,
1093 2979 1202 3015 quam
1229 2979 1321 3016 puro
1346 2980 1469 3007 amore
1497 2973 1582 3007 ante
1606 2970 1714 3006 huius

146 3029 294 3064 nostrae
320 3028 643 3064 administrationis
673 3028 851 3064 sarcinam
868 3031 905 3064 te
922 3028 1137 3065 dileximus“
1156 3027 1346 3075 Greg.VII
1371 3030 1528 3075 Registr.
1541 3030 1577 3065 II
1593 3030 1639 3065 29
1656 3030 1678 3066 l.
1691 3030 1713 3065 l.
