2028 3438
380 278 467 321 294
876 287 1111 319 nmmum
1141 287 1308 319 coonx.
1358 284 1425 319 167

335 426 345 436 .
386 393 500 440 167.
528 395 775 438 Friczerieua
797 395 827 437 I
852 392 1188 452 archiepiscopus
1220 393 1474 437 Coloniensis
1509 392 1750 436 Othonem!
1772 393 1940 450 epieto-1»

526 487 630 529 pum
649 472 996 528 Bamberyeneem
1027 474 1073 514 in
1094 458 1341 514 Heinrioum
1365 471 1403 514 V
1428 471 1732 527 imperatorem
1743 469 1941 526 «inseiydtssx

533 548 667 591 Addit
697 550 747 591 de
767 547 933 591 Ozmone
964 550 1156 605 episcopo
1179 549 1452 592 Praenestino
1484 557 1522 591 et
1551 549 1600 590 de
1625 546 1811 597 conciliis
1828 545 1940 589 Baba,

528 627 624 668 vac-i
651 626 791 668 habito
824 625 1048 680 Remisque
1076 625 1300 667 habende&
1635 639 1638 642 ’
1675 647 1677 650 <
1734 620 1941 675 (Ezw)

162 724 253 759 1114
273 723 361 759 Deo.
499 712 665 756 Domno
687 710 866 767 O(tt0ni)
887 712 1246 767 Babenbergensis
1272 712 1469 756 ecelesiae
1489 701 1718 755 venerabili
1738 703 1934 767 episeopo

160 771 305 806 -1115F
308 770 359 807 br
381 788 667 844 F(ridericus),
699 788 1010 832 Coloniensium
1030 789 1111 832 Dei
1141 789 1278 843 gratia
1306 789 1349 831 id
1372 788 1483 844 quod
1504 791 1579 843 est,
1610 787 1654 830 in
1677 775 1941 831 orationibus·

383 869 426 909 et
465 866 661 922 obsequio
701 866 895 921 quicquid
926 879 1049 909 verae
1086 865 1363 908 fraternitatis
1400 878 1485 907 non
1517 854 1679 908 ociosa*
1710 853 1859 947 eflicit
1869 862 1942 906 ffi·'

382 942 518 986 lectio.
1779 943 1796 951 “’
1941 948 1943 951 “

502 1018 711 1069 Quasdam
735 1018 948 1061 sanctitati
969 1021 1132 1062 vestrae
1162 1018 1325 1062 litteras
1356 1019 1441 1061 iam
1472 1020 1569 1060 ante
1590 1006 1814 1071 misimus}
1831 1028 1935 1073 quas

385 1096 422 1138 si
450 1095 558 1138 forte
591 1095 830 1151 accepistis,
870 1095 921 1138 de
952 1098 1037 1138 tam
1068 1095 1194 1150 longa
1228 1095 1512 1151 responsionis
1542 1097 1708 1137 vestrae
1737 1092 1937 1137 dilatione

384 1185 467 1214 non
489 1185 637 1228 parum
658 1172 872 1214 miramur.
925 1171 979 1214 Ut
999 1172 1109 1215 enim
1129 1172 1298 1225 longam
1320 1185 1463 1215 earum
1486 1171 1734 1214 sententiam
1755 1166 1938 1214 breviter

385 1248 649 1304 replicemus,
683 1262 847 1291 summa
876 1248 1119 1292 intentionis
1152 1252 1260 1291 erat:
1301 1252 1348 1291 ut
1374 1248 1640 1305 prudentiam
1669 1244 1939 1290 vestramne

387 1324 670 1368 defensionem
701 1324 766 1367 vel
798 1325 946 1368 saltem
979 1325 1031 1368 ad
1060 1325 1235 1368 liberam
1273 1325 1602 1381 deplorationem
1631 1323 1776 1378 huius,
1814 1331 1936 1378 quem

386 1400 558 1455 videtiS,
605 1401 842 1455 gravissimi
883 1404 1050 1445 sanctae
1089 1401 1286 1445 ecclesiae
1325 1414 1445 1444 casus
1484 1402 1781 1453 excitaremus;
1828 1398 1938 1456 quod

385 1477 524 1533 ipsum
566 1477 693 1520 tacito
738 1478 944 1521 desiderio
983 1491 1056 1521 vos
1096 1479 1167 1520 diu
1207 1479 1457 1521 intrinsecus
1495 1478 1687 1532 fovisse,
1714 1477 1799 1520 iam
1815 1476 1938 1520 olim

387 1556 668 1607 cognovimus.
783 1554 952 1609 Iterum,
984 1555 1220 1598 venerande
1249 1555 1392 1610 frater,
1424 1555 1576 1597 iterum
1607 1554 1718 1597 idem
1740 1553 1936 1597 dicimus·

387 1630 424 1672 si
455 1630 568 1673 zelus
600 1631 746 1673 domus
778 1630 858 1674 Dei
889 1632 1016 1673 immo
1050 1632 1168 1686 quia⁰
1199 1632 1403 1674 veraciter
1435 1645 1552 1674 amor
1582 1630 1800 1686 ecclesiae,
1833 1643 1938 1686 quae

388 1706 534 1749 domus
566 1706 646 1750 Dei
677 1710 759 1762 est,
797 1721 871 1750 vos
901 1708 1142 1751 medullitus
1173 1709 1353 1751 comedit
1365 1706 1387 1763 ¹,
1425 1722 1477 1752 ne
1507 1711 1666 1751 tantam
1700 1707 1788 1751 eius
1818 1707 1938 1751 deso-

386 1783 609 1838 lationem,
645 1787 742 1827 tam-
765 1784 972 1827 crudelem
1011 1785 1254 1828 hereditatis
1286 1785 1366 1828 Dei
1405 1785 1682 1841 direptionem
1721 1787 1763 1828 et
1798 1783 1938 1841 profa-

387 1860 600 1903 nationem
630 1861 764 1909 nimia
791 1861 995 1917 patientia
1024 1861 1199 1905 ulterius
1231 1861 1514 1905 dissimuletis.
1884 1852 1887 1854 ’

506 1936 614 1979 Ecce
641 1950 717 1993 per
739 1938 1068 1980 misericordiam
1089 1938 1169 1981 Dei
1190 1951 1387 1992 magnum
1409 1938 1529 1981 nobis
1550 1937 1726 1981 ostiumd
1748 1941 1937 1994 apertum

389 2016 465 2068 est,
496 2017 544 2056 ut
565 2014 719 2057 veritas
751 2027 856 2069 quae
887 2015 958 2057 diu
980 2014 1096 2057 siluit
1115 2015 1160 2057 in
1190 2015 1457 2058 manifestum
1480 2015 1667 2071 prodeat,
1698 2018 1746 2058 ut
1765 2013 1939 2058 libertas

387 2094 532 2134 nostra
563 2091 633 2133 diu
665 2091 889 2147 subpressa
919 2092 1121 2134 cervicem
1154 2092 1297 2146 erigat.
1347 2091 1452 2142 Quia
1471 2105 1548 2148 pro
1576 2091 1695 2135 nobis
1727 2094 1769 2134 et
1787 2102 1864 2147 pro
1895 2103 1939 2134 se

387 2167 481 2223 ipsa
511 2168 595 2209 iam
627 2168 670 2209 in
701 2181 843 2210 vocem
877 2169 1069 2224 prorupit
1100 2171 1244 2211 sancta
1274 2169 1463 2211 Romana
1494 2168 1679 2211 ecclesia.
1725 2167 1865 2223 Iungit
1894 2181 1939 2211 se

388 2243 508 2286 nobis
529 2243 721 2298 Frantia3
752 2244 897 2299 libero,
924 2245 1031 2288 sicut
1055 2245 1229 2288 audistis
1238 2252 1265 2300 ⁹,
1297 2258 1368 2288 ore
1389 2245 1607 2288 veritatem
1630 2244 1813 2288 Saxonia
1842 2257 1938 2301 pro-

387 2319 541 2363 fitetur.

505 2396 562 2439 Et
593 2410 729 2452 quem,
763 2397 985 2440 karissime
1011 2398 1155 2453 frater,
1188 2410 1269 2440 non
1302 2401 1480 2452 moveat,
1512 2397 1620 2452 quod
1652 2397 1786 2441 omnis
1808 2398 1937 2442 ecele-

390 2472 567 2516 siasticir
595 2473 750 2527 vigoris
782 2475 1008 2517 auctoritas
1040 2475 1184 2517 aulicis
1217 2477 1258 2517 et
1287 2474 1484 2530 palatinis
1510 2474 1554 2516 in
1581 2478 1798 2529 quaestum
1819 2488 1939 2518 versa

391 2552 465 2592 est.
516 2548 770 2605 Synodalesg
801 2551 1090 2607 episcoporum
1122 2554 1368 2605 conventus,
1401 2564 1538 2593 annua
1569 2551 1764 2606 concilia,
1795 2565 1938 2595 omnes

390 2625 568 2681 denique
589 2626 857 2669 ecclesiastici
889 2627 1046 2670 ordinis
1079 2627 1474 2670 amministrationes
1504 2627 1548 2669 in
1578 2627 1759 2681 regalem
1781 2618 1937 2671 curiam

483 2739 508 2759 a.
540 2740 578 2759 em
608 2731 634 2759 V
651 2732 871 2767 113v—114,
909 2732 988 2770 Zp.
1005 2733 1213 2762 246—247:
1252 2732 1429 2771 Epistola
1463 2732 1655 2762 Friderici
1689 2733 1937 2763 Coloniensis

391 2783 683 2820 archiepiscopi
717 2783 762 2812 ad
796 2783 974 2813 Ottonem
1008 2784 1365 2822 Babenbergensem
1399 2785 1621 2823 episcopum
1654 2785 1696 2815 de
1729 2794 1937 2815 excommu-

390 2835 586 2865 nicatione
615 2836 739 2872 quarti
767 2835 939 2866 Heinrici
966 2836 1236 2875 imperatoris3
1262 2836 1364 2872 054,·
1392 2838 1422 2866 B
1443 2838 1498 2866 41.-
1526 2837 1702 2875 Epistola
1729 2853 1759 2857 —
1785 2838 1935 2876 episco-

389 2896 482 2926 pum.
615 2887 644 2916 b.
676 2887 790 2917 oteiosa
811 2888 841 2917 V.
977 2898 1002 2918 c.
1034 2898 1090 2918 om.
1109 2888 1170 2919 CB.
1303 2889 1332 2919 d.
1366 2889 1496 2919 hostium
1523 2889 1583 2920 CB.
1713 2899 1739 2919 e.
1771 2889 1882 2920 audisti
1906 2888 1938 2920 0.

390 2939 411 2969 f.
444 2939 612 2968 ecclesiasti
635 2940 664 2969 V.
789 2948 816 2976 g.
850 2940 1003 2978 synodalis
1028 2940 1088 2970 CB.

487 3001 517 3036 1.
543 3001 602 3037 Ps.
620 3001 676 3046 68,
696 3001 751 3036 10.
