2028 3438
512 253 764 287 EPISTOLAE
795 252 1168 290 BAMBERGENSES.
1217 251 1240 285 e
1574 240 1663 283 485

89 362 178 413 hoo
191 362 353 418 :iugiter
380 361 540 408 habent
569 361 615 405 in
647 363 811 416 mente,
851 373 928 418 pro
962 360 1098 404 salute
1135 359 1288 417 capitis
1329 359 1374 403 in
1413 373 1489 403 ara
1525 359 1663 404 cordis
1691 370 1782 406 1021

89 423 370 493 immolantes
387 439 479 486 Deo
510 439 654 484 debita
683 437 890 482 sacrificia
917 438 1069 483 laudis.

137 550 152 556 ..
194 517 468 573 ,Felices-illi,
500 517 587 573 qui,
616 517 813 573 quamvis
834 530 918 560 non
940 515 1114 573 palatio,
1144 514 1367 562 immolare
1389 517 1535 558 tamen
1558 514 1664 559 haec

89 595 475 647 morentur12cordis
505 595 551 639 in
583 594 757 650 angulo,
790 607 898 650 quae
927 593 1262 638 fructuosissime
1291 591 1505 647 immolat,
1537 605 1660 648 quem

90 672 348 724 intrinsecus
382 656 642 730 septiformi·
680 669 865 727 gratiae¹
904 672 1037 715 virtus
1076 670 1248 715 exaltat.
1274 685 1276 688 ’
1312 669 1511 726 Quisquis
1549 670 1662 713 enim

91 753 159 796 est
185 750 231 795 in
261 749 488 811 secretario
519 750 658 793 cordis
689 753 958 794 consecratus
990 762 1069 793 neo
1097 762 1182 792 non
1215 748 1474 805 septiformis
1500 747 1663 802 gratiae·

89 827 292 885 gradibus
321 829 376 892 ἰιιι
396 828 523 872 corde
553 827 818 882 sublimatus,
850 840 936 870 non
956 826 1091 870 solum
1120 825 1372 869 sacrificium
1394 825 1524 869 immo
1546 825 1663 868 holo-

90 909 282 958 caustum
314 903 615 951 medullatum²
646 905 800 949 divinis
831 904 1003 948 auribus
1041 907 1227 947 meretur
1259 902 1428 957 offerre3
1470 903 1664 959 quamvis

90 997 322 1041 numquam
367 986 580 1030 mereatur
626 983 856 1027 exteriores
908 982 1063 1038 gradus
1110 981 1348 1026 ascendere.
1411 980 1554 1024 Bonus
1600 984 1666 1024 est

93 1074 290 1109 ascensus
306 1061 509 1117 exterior,
542 1061 616 1105 sed
641 1060 818 1104 interior
837 1060 971 1104 multo
993 1059 1155 1104 melior.
1276 1058 1378 1104 Inde
1401 1059 1665 1116 quorundam

91 1139 342 1198 improbitas
378 1140 567 1197 quiescat
603 1139 841 1196 inquietare
873 1138 1036 1194 quietos
1076 1142 1119 1182 et
1155 1142 1304 1195 parcat
1339 1138 1509 1182 irritare
1548 1137 1664 1196 pacis

91 1217 263 1269 amieos·

148 1307 184 1344 {ss
210 1294 309 1342 Non
334 1308 510 1353 possum
541 1294 720 1339 tacendo
751 1294 1043 1351 comprimere,
1077 1293 1189 1349 quod
1216 1293 1366 1337 suadet
1384 1293 1561 1337 rationis
1582 1293 1666 1337 uti-

91 1373 190 1418 litas
215 1373 406 1431 ,honesta
445 1373 649 1430 proferre.
713 1371 960 1416 Proferendi
999 1371 1127 1415 etiam
1167 1370 1364 1415 fiduciam
1403 1385 1489 1416 non
1529 1374 1667 1415 cessat

94 1464 375 1508 angera-spes
412 1454 511 1495 tuae
548 1450 720 1508 pietatis
756 1453 969 1507 expertae.
1025 1449 1177 1494 Paride
1213 1450 1344 1505 igitur
1381 1452 1444 1505 te,
1485 1452 1559 1493 aut
1596 1462 1665 1492 me

92 1529 277 1587 prolatio
304 1529 475 1586 incepta
504 1531 677 1572 coronet
709 1532 783 1572 aut
803 1528 970 1572 veniam
1002 1527 1286 1584 simplicitatis
1309 1527 1468 1583 agnitio
1491 1530 1663 1585 prestet.

93 1606 297 1664 Quidam,
331 1610 391 1651 ut·
410 1606 558 1662 audio,
579 1619 678 1650 non
708 1606 916 1650 rationem
949 1605 1023 1649 sed
1054 1605 1315 1650 voluntatem
1346 1619 1467 1650 suam
1497 1605 1667 1649 incaute

93 1688 340 1742 sequentes,
378 1684 479 1728 dum
509 1684 704 1729 nesciunt
741 1685 829 1728 sive
867 1684 1113 1741 pigrescunt
1151 1683 1348 1739 congruis
1386 1683 1666 1741 computatio-

92 1762 405 1819 nibussinguh
422 1776 611 1819 quaeque
629 1762 860 1817 dinoscere,
881 1761 1126 1819 preiudiciis
1143 1761 1229 1805 suis
1248 1761 1493 1805 diaconibus
1510 1761 1667 1806 audent

94 1840 233 1893 officia
267 1853 466 1886 concessa
496 1853 671 1896 negare:
704 1843 752 1883 ut
780 1853 864 1884 non
886 1839 1046 1883 licitum
1074 1839 1257 1884 habeant
1276 1853 1422 1895 regere
1443 1840 1532 1884 sive
1553 1853 1667 1884 com-

93 1919 279 1978 primere
309 1918 461 1976 banno,
494 1931 778 1975 quoscumque
810 1917 1043 1961 contrarios
1074 1917 1260 1961 sentiant
1291 1917 1525 1962 dominicae
1552 1917 1666 1974 lega-

94 1997 224 2046 tionis
253 1997 431 2052 indicio,
469 2009 550 2041 nec
577 1999 830 2053 potestatem
862 1995 1047 2040 habeant
1075 1995 1226 2050 banni3
1267 1996 1458 2052 quamvis
1490 1995 1666 2051 legatio-

93 2075 220 2124 nibus
244 2074 482 2131 euangelici
519 2074 715 2118 fruantur
745 2074 905 2118 indicii.
959 2073 1263 2118 Verumtamen
1300 2087 1385 2117 non
1421 2074 1665 2129 incongrue,

94 2152 211 2202 velut
237 2149 459 2201 litteralis⁸
489 2151 644 2208 legatio
675 2151 869 2195 firmatur
900 2151 1052 2207 sigillo,
1091 2151 1379 2208 euangelicam
1411 2163 1576 2208 quoque
1605 2151 1666 2196 le—

94 2231 306 2288 gationem
342 2230 504 2276 firmari
542 2230 752 2274 credimus
782 2229 941 2284 banno3
982 2230 1081 2286 quia
1119 2230 1210 2274 sine
1248 2229 1498 2273 auctoritate
1536 2229 1666 2273 banni

95 2323 246 2367 parum
277 2307 445 2366 proficit
475 2308 703 2352 auctoritas
735 2307 967 2363 euangelici
997 2307 1153 2351 nuncii.
1277 2307 1368 2359 Qua
1397 2307 1566 2363 quidem
1597 2321 1666 2351 ra-

95 2388 219 2432 tione*
241 2386 509 2442 euangelicae
538 2386 761 2442 legationis
793 2386 970 2429 nuncius
1002 2385 1140 2429 banno
1172 2385 1429 2442 privabitur,
1462 2385 1553 2430 sine
1584 2398 1665 2441 quo

96 2465 347 2514 secularium
396 2465 646 2515 nunciorum
695 2464 922 2508 auctoritas
973 2463 1091 2506 nulla
1137 2462 1380 2519 perficitur?
1447 2462 1666 2507 Seculares

95 2543 240 2588 nuncii
268 2542 523 2598 legationem
554 2556 673 2587 suam
705 2541 874 2585 illorum
905 2540 1076 2584 firmant
1105 2541 1150 2583 in
1181 2541 1334 2596 banno,
1372 2554 1550 2597 quorum
1581 2540 1665 2584 illis

97 2625 164 2667 est
198 2622 388 2666 iniuncta
424 2620 599 2676 legati03
640 2619 817 2676 ideoque
857 2619 1064 2675 quomodo
1104 2618 1385 2675 privabuntur
1417 2619 1666 2662 auctoritate

97 2699 239 2755 banni,
272 2700 344 2762 qui
366 2699 618 2743 annuntiant
649 2697 804 2754 populo
827 2700 1027 2754 precepta
1057 2695 1335 2740 saluberrima
1356 2695 1539 2740 Christi?
1586 2695 1667 2747 Qui

97 2791 182 2821 non
213 2777 442 2832 incongrue
474 2776 652 2820 alterum
684 2775 900 2819 brachium
935 2774 1091 2818 habent
1122 2777 1326 2830 exertum,
1359 2774 1537 2818 alterum
1568 2786 1665 2816 con-

97 2855 302 2899 tinentiae
333 2854 443 2898 stola
472 2857 737 2911 coopertum,
778 2857 826 2896 ut
860 2852 1196 2908 recalcitrantes,
1237 2865 1341 2908 quos
1378 2865 1463 2895 non
1501 2851 1667 2908 possint

99 2932 288 2978 lenitatis
326 2932 535 2987 corrigere
565 2931 717 2986 verbo,
758 2930 970 2974 interdum
1009 2930 1222 2987 corrigant
1259 2930 1498 2975 severitatis
1538 2942 1666 2973 euan-

139 3058 141 3061 .
196 3021 229 3058 1.
255 3018 310 3058 Of.
334 3030 447 3067 supra
469 3020 513 3056 T.
531 3019 583 3057 IV
599 3019 671 3056 375
695 3030 730 3057 n.
749 3019 782 3058 2.
903 3019 937 3057 2.
963 3016 1018 3056 Cf.
1043 3018 1101 3055 Ps.
1121 3018 1177 3065 65,
1198 3018 1253 3056 15.
1374 3019 1408 3055 3.
1434 3017 1583 3068 scripta.
