2028 3438
407 259 495 303 670
776 271 938 303 nnoms
969 270 1074 302 vrrA
1106 270 1313 303 o'rrroms.
1360 270 1447 301 Lm.
1469 270 1521 301 111
1552 267 1595 302 13

289 386 380 422 1127
406 377 563 432 gratias
595 374 731 432 agere,
764 377 874 432 quod
905 390 1048 420 servus
1080 376 1160 420 Dei
1191 375 1242 419 ab
1274 376 1334 420 eis
1365 374 1618 431 secessisset,
1655 375 1755 432 quia
1783 387 1833 420 eo
1861 387 1959 433 pre-

407 457 524 498 sente
554 453 663 497 bello
692 453 899 497 infensam
932 452 1011 496 sibi
1032 456 1197 507 gentem
1220 452 1416 508 obpetere
1437 452 1640 508 nequiret.
1761 447 1958 508 Gai-'epi-

408 543 579 588 scopus:
610 532 708 574 Etsi
736 546 808 588 eqo
840 531 900 573 ait
929 526 1090 583 recessi,
1123 531 1195 572 sed
1226 530 1470 573 Uodalricus
1501 530 1789 573 dilectissimae
1819 529 1959 587 capel*-

408 608 529 650 Zcmua
559 622 672 650 ‘meus
702 610 765 650 ibi
791 609 991 650 remansit
999 639 1011 659 ,
1052 622 1171 663 quem
1206 622 1288 663 pro
1320 607 1605 661 confirmanda
1636 615 1673 649 et
1703 603 1959 649 comolaoida

403 684 523 741 plebe
557 685 754 741 neophita
788 685 877 727 illic
913 685 1088 740 ‘reliqui;
1127 693 1165 727 et
1201 699 1285 727 non
1322 686 1480 726 minori
1510 698 1593 740 pro
1633 698 1678 726 eo
1718 681 1844 740 quam
1877 695 1958 739 pro

406 769 550 803 ‘memet
587 763 680 817 ipso
719 776 853 817 anqor
889 761 1178 803 sollicitudine.
1241 761 1420 803 Noveris
1459 775 1576 816 erqo,
1619 760 1692 815 fili
1711 759 1956 812 karissime,

407 839 529 894 quia,
567 839 607 879 si
632 852 784 880 novam
815 836 969 880 Christi
995 852 1192 894 sponsam
1222 838 1299 880 hoc
1327 839 1484 893 impetu
1513 837 1611 879 belli
1640 835 1959 894 conquassatam

397 915 506 969 fidei
532 916 630 970 iu9vo
663 915 978 967 abalienaveris‚
1011 916 1056 956 in
1088 915 1293 957 tremendo
1326 916 1513 956 examine
1533 915 1736 956 rationem
1757 910 1956 970 Deope-

407 993 562 1033 siturus
594 993 697 1041 eris5
735 992 807 1033 sed
838 1000 874 1034 et
904 1006 976 1047 eqo
1006 1006 1086 1047 pro
1118 991 1261 1033 ovibus
1291 991 1420 1033 michi
1448 992 1614 1033 creditis
1643 991 1957 1034 mortem³³eoeoi-

402 1082 504 1124 pere
531 1076 708 1123 paratus
734 1083 837 1110 sum.
958 1067 1026 1109 Ad
1056 1067 1131 1110 hec
1162 1066 1252 1110 ille:
1290 1067 1353 1111 Si·
1371 1063 1509 1122 inquit
1537 1063 1778 1110 humiliatus
1805 1062 1956 1109 Pome-

406 1159 607 1186 ranorwm
644 1145 731 1186 dum
766 1158 843 1200 per
873 1152 995 1187 semet
1024 1146 1164 1200 ipsum
1199 1145 1328 1187 michi
1363 1159 1575 1187 occurrere
1612 1152 1649 1187 et
1685 1140 1862 1187 veniam?
1886 1144 1958 1186 de-

401 1222 576 1277 precari
609 1221 803 1273 voluerit,
847 1221 1018 1276 faciam
1062 1223 1285 1264 secundum
1330 1223 1497 1264 verbum
1539 1230 1666 1264 tuum.
1734 1220 1960 1277 Testor-que

405 1298 544 1340 Deum
576 1298 665 1350 celi,
700 1299 813 1353 quod
840 1313 914 1340 nee
945 1299 1111 1340 domino
1143 1313 1230 1341 meo
1262 1300 1354 1354 φερέ
1383 1298 1584 1341 Lochario
1615 1299 1660 1340 in
1692 1298 1961 1353 tamayo-andi

405 1376 573 1430 neyocio
606 1389 829 1416 annuerem
837 1390 851 1424 ,·
889 1376 961 1416 sed
995 1390 1105 1417 nunc
1135 1375 1342 1417 honoravi
1366 1375 1528 1431 faciem
1558 1383 1674 1418 tuam
1703 1383 1742 1418 et
1766 1384 1956 1417 reveren-

406 1452 510 1513 dam·
535 1453 741 1503 canitiem,
777 1465 902 1506 quam
926 1466 1010 1507 pro
1033 1466 1172 1494 amore
1192 1452 1280 1494 Dei
1307 1454 1352 1494 in
1373 1460 1458 1495 tam
1485 1460 1662 1495 remotas
1683 1447 1958 1494 barbarorum

404 1511 593 1584 raciones
611 1528 806 1583 fatiyare
836 1542 920 1569 non
942 1529 1151 1578 dubitasti.
1273 1523 1373 1570 Mox
1390 1539 1494 1582 'ergo
1524 1527 1652 1583 legati
1681 1524 1956 1582 honorabileS‚

405 1602 679 1647 Wortizlaum
712 1603 856 1646 ducem
895 1607 938 1646 et
966 1603 1232 1646 Uodalricum
1264 1604 1521 1660 capellanum
1562 1604 1853 1659 accersientes,
1895 1603 1958 1646 di-

405 1680 620 1734 riguntur,
660 1680 758 1722 data
789 1680 849 1723 eis
881 1680 998 1736 prius
1027 1680 1274 1739 firmissime
1303 1681 1417 1737 pacis
1449 1681 1684 1724 desiderata
1719 1680 1954 1729 securitate.

406 1755 498 1811 Qui,
529 1757 654 1799 trium
689 1757 847 1799 dierum
880 1757 1030 1799 itinere
1051 1757 1250 1812 confecto,
1282 1757 1497 1800 Poloniam
1519 1759 1722 1801 venerunt
1742 1761 1796 1812 et5
1827 1757 1957 1800 hono-

405 1832 519 1876 rifice
557 1846 651 1875 eum
697 1832 771 1875 suo
812 1833 1013 1876 comitatu
1052 1834 1255 1889 suscepti,
1303 1847 1487 1877 causam·
1510 1837 1587 1890 pro
1636 1847 1718 1890 qua
1756 1836 1958 1878 venerant

404 1912 585 1952 trac-tare
617 1913 827 1965 ceperunt.
876 1908 957 1952 Sed
987 1923 1063 1966 per
1090 1910 1193 1952 duos
1215 1910 1303 1953 dies
1334 1910 1645 1955 interminatam
1667 1900 1958 1967 *reliqueruntss

405 1987 535 2029 tercia
565 1986 734 2028 tandem
767 1986 852 2040 die,
894 1986 1075 2028 Domino
1107 1986 1337 2042 opitulante
1369 1990 1411 2030 et
1447 1987 1516 2043 pio
1548 1987 1699 2030 Ottone
1722 1973 1954 2042 mediante,

404 2062 661 2106 reconciliati
692 2063 806 2118 pacis
839 2062 979 2105 oscula
1008 2061 1142 2105 libant
1173 2066 1233 2117 et,
1276 2064 1467 2106 abdicata
1498 2047 1679 2107 bellandi
1710 2064 1953 2119 intentione„

405 2139 523 2182 fedus
567 2139 814 2182 intemerate
854 2138 1086 2182 dilectionis
1132 2139 1253 2183 ambo
1293 2140 1416 2183 duces
1463 2154 1600 2184 coram
1643 2141 1871 2197 primatum
1914 2144 1957 2184 et

405 2216 607 2259 nobilium
644 2216 879 2270 frequentia
920 2216 1181 2272 pepigerunt.
1301 2216 1395 2272 Ipse
1434 2230 1597 2272 quoque
1632 2217 1720 2260 dux
1759 2216 1958 2262 Pomera-

405 2306 551 2335 norum
583 2292 627 2334 in
658 2293 942 2335 testimonium
974 2292 1204 2335 devotionis
1242 2307 1315 2336 sue
1352 2307 1547 2347 magnam
1585 2294 1759 2350 pecunie
1790 2293 1954 2349 quanti-

405 2372 534 2411 tatem
575 2382 700 2424 super
738 2369 860 2411 altari
898 2368 1009 2411 beati
1038 2369 1257 2412 Adalberti
1294 2370 1500 2424 martiris,
1540 2371 1832 2413 canonicorum
1868 2370 1956 2413 illic

406 2445 494 2487 Deo
527 2445 795 2488 servientium
826 2445 969 2488 usibus
1001 2445 1276 2501 profuturam,
1309 2446 1478 2498 obtulit3
1511 2445 1769 2502 multumque
1797 2459 1842 2489 se
1862 2459 1953 2489 ora-

405 2521 588 2563 tionibus
620 2535 760 2563 eorum
801 2521 1116 2576 commendans,
1154 2523 1304 2566 itinere
1336 2535 1416 2578 quo
1448 2525 1618 2565 venerat
1648 2531 1741 2565 cum
1781 2523 1850 2578 pio
1881 2522 1954 2566 Ot-

405 2600 502 2639 tone
534 2597 809 2652 universoque
839 2599 1039 2640 comitatu
1069 2597 1246 2640 Uznoim
1285 2612 1475 2641 reversus
1507 2602 1581 2641 est.
1701 2598 1825 2642 Plebs
1855 2612 1952 2654 ergo

406 2686 539 2728 nuper
569 2672 724 2716 Christi
759 2673 920 2728 legibus
952 2674 1108 2729 dicata,
1146 2687 1221 2730 pro
1253 2687 1447 2717 concessa
1478 2688 1503 2716 a
1533 2674 1621 2717 Deo
1654 2675 1768 2730 pacis
1799 2676 1953 2718 securi-

405 2751 492 2791 tate
523 2762 616 2792 cum
647 2750 830 2792 lacrimis
862 2751 1018 2804 gratias
1051 2764 1191 2805 agens,
1222 2751 1400 2793 invicem
1431 2763 1521 2793 sese
1553 2751 1605 2793 ad
1626 2751 1951 2794 conservandam

405 2822 528 2868 recte'
563 2825 659 2868 fidei
704 2826 969 2869 traditionem
1020 2827 1324 2869 cohortabatur.
1387 2826 1567 2881 Piusque
1619 2827 1855 2885 predicator
1900 2827 1953 2869 ad

405 2901 721 2957 circumpositas
753 2902 941 2945 civitates
971 2903 1088 2946 verbi
1118 2903 1346 2957 ministros,
1379 2903 1485 2945 sicut
1515 2907 1556 2945 et
1588 2906 1723 2958 antea,
1760 2898 1952 2959 pervigili

406 2977 684 3021 sollicitudine
716 2978 933 3032 dirigebat.
