2028 3438
262 372 353 407 1119

392 243 479 285 360
841 286 843 288 ,
902 255 1122 286 UDALRIOI
1152 255 1320 287 connx.
1372 255 1437 288 199

395 361 449 405 Si
469 370 605 405 autem
625 364 694 404 in‘
715 363 791 405 hoc
811 364 983 419 imperii
1011 371 1162 406 statum
1182 365 1366 406 inminui
1385 365 1610 416 existimas,
1641 364 1945 420 quoduam

249 420 367 451 Oct.24
419 442 426 450 .
462 441 470 450 .

249 1843 314 1874 Oct.
330 1845 368 1874 25

391 440 467 482 tibi
499 441 759 496 episcopatus
790 441 964 483 vendere
994 455 1079 483 non
1101 441 1234 493 liceat,
1267 441 1343 484 hoc
1358 443 1502 497 potius
1523 443 1643 498 requi
1660 443 1944 500 tui-augmen—

391 525 476 559 tum
512 532 562 559 ac·
593 516 853 574 prqfectumb
885 532 1055 574 sperare
1094 518 1315 570 debueras,
1356 520 1413 571 si,
1456 533 1563 575 quae
1601 518 1694 562 Deo
1729 520 1946 563 >eoum

391 602 498 646 eunt,
529 609 610 650 pro
643 596 729 636 eius
761 609 901 636 amore
932 596 1103 637 abicias.

510 670 577 713 Ad
608 670 684 713 hee
715 671 856 713 omnia
887 683 982 713 cum
1012 671 1265 727 respondere
1296 685 1379 714 non
1416 675 1580 728 posset,
1620 671 1808 717 mitiora
1817 671 1946 717 vamba

391 748 503 803 cepit
533 747 721 803 proferre
753 751 794 790 et
823 748 1013 790 inducias
1045 761 1231 803 querere,
1267 748 1334 792 vel
1364 761 1496 804 usque
1524 761 1668 802 mane3
1709 748 1873 794 dicens:
1898 760 1946 794 se

390 828 510 867 nocte
541 824 616 866 illa
652 837 746 867 cum
785 825 1046 881 principibus
1077 826 1183 869 velle
1215 826 1266 868 de
1297 839 1423 869 causa
1453 825 1641 869 conferre
1676 828 1721 870 et
1757 825 1812 871 sd
1849 839 1946 870 exe-

391 901 598 957 quendum
633 901 907 958 promissum,
948 903 983 945 si
1013 906 1175 959 posset,
1218 916 1360 946 eorum
1391 903 1517 946 corda
1543 901 1778 957 .inflectere;
1809 902 1946 952 -etsad

392 979 637 1022 alterutrum
671 992 833 1021 summo
864 993 987 1022 mane
1017 980 1269 1023 renuntiare.

509 1055 610 1099 Post
639 1056 716 1099 hec
746 1056 811 1099 sui
842 1056 893 1100 de
923 1056 1046 1099 modo
1079 1056 1351 1100 absolutionis
1383 1061 1425 1100 et
1447 1056 1722 1114 susceptionis
1753 1069 1848 1103 cum
1870 1069 1946 1101 no·

392 1133 490 1176 stris
522 1137 723 1189 ceperunt
753 1134 963 1177 conferre:
998 1134 1147 1177 durum
1176 1134 1256 1178 sibi
1286 1135 1414 1177 immo
1445 1133 1712 1191 importabile
1732 1133 1878 1189 videri,
1908 1134 1946 1178 si

390 1224 506 1253 more
538 1210 716 1253 aliorum
748 1210 940 1253 dominus
972 1225 1070 1254 suus
1101 1211 1224 1254 nudis
1254 1211 1431 1268 pedibus
1463 1212 1514 1255 ad
1547 1210 1849 1256 absolutionem
1877 1223 1945 1255 ae-

390 1288 567 1331 cederet.
665 1288 822 1339 Quibus
838 1288 1215 1332 condescendentes
1237 1289 1369 1331 nostri
1389 1289 1710 1345 responderunt,
1727 1289 1836 1344 quod
1856 1301 1945 1332 mo-

391 1366 455 1408 dis
487 1365 680 1409 omnibus
711 1365 964 1421 laborarent,
996 1370 1043 1409 ut
1064 1366 1239 1409 domnus
1271 1379 1382 1422 papa
1405 1379 1498 1409 eum
1522 1365 1758 1421 calciatum,
1789 1369 1945 1422 quanto

390 1442 596 1499 privatius
627 1446 783 1498 posset,
815 1443 1033 1499 reciperet.

510 1519 556 1562 In
587 1520 652 1562 his
674 1519 812 1562 verbis
834 1519 907 1563 illa
929 1521 994 1563 die
1016 1520 1221 1576 colloquio
1247 1521 1485 1576 terminat0,
1517 1520 1651 1563 nostri
1670 1519 1725 1564 ad
1745 1520 1945 1564 domnum

390 1610 545 1654 papam
576 1597 810 1650 redierunt3
844 1611 923 1652 que
944 1598 1203 1653 invenerant,
1235 1601 1509 1654 reportantes.
1631 1597 1748 1641 Tunc
1768 1597 1944 1642 domnus

391 1688 521 1731 papa,
563 1675 682 1729 quasi
712 1675 820 1716 iam⁰
852 1674 902 1717 de
934 1687 1036 1730 pace
1072 1675 1319 1731 desperans,
1352 1674 1589 1718 ordinabat:
1629 1685 1792 1718 summo
1823 1687 1945 1721 mane

393 1751 443 1794 ad
468 1751 633 1805 fratres,
667 1764 768 1806 quos
790 1750 930 1794 Remis
950 1751 1190 1807 reliquerat,
1222 1752 1436 1808 repedare.
1485 1751 1567 1795 Sed
1587 1751 1760 1795 consilio
1781 1752 1945 1796 comitis

392 1826 632 1872 Trecensis¹
670 1832 722 1871 et>
755 1828 981 1870 multorum
1021 1829 1197 1872 aliorum
1242 1829 1481 1886 compulsus
1520 1832 1602 1883 est,
1647 1828 1820 1873 sabbato
1857 1829 1944 1873 fere

391 1919 522 1961 usque
554 1906 606 1948 ad
638 1906 782 1961 horam
815 1903 1002 1950 sextam²
1034 1907 1077 1949 in
1115 1907 1259 1950 eodem
1289 1906 1380 1949 loco
1418 1920 1608 1960 manere3
1648 1909 1696 1950 ut
1726 1906 1792 1951 et‘¹
1822 1919 1944 1951 omne

392 1997 438 2026 os
489 1983 824 2027 adversariorum
875 1984 1108 2028 obstrueret
1151 1987 1192 2027 et
1238 1997 1378 2027 vocem
1432 1984 1711 2039 derogationis
1752 1984 1944 2027 omnibus

392 2061 586 2104 auferret.
983 2115 985 2117 Ι

512 2123 682 2181 Summo
715 2151 837 2180 mane
867 2138 1019 2180 iterum
1051 2139 1169 2181 missi
1201 2141 1298 2181 sunt
1330 2139 1382 2181 ad
1412 2141 1550 2181 castra
1581 2139 1800 2196 episcopus
1820 2138 1944 2184 Gata-

391 2215 603 2259 launensis
637 2219 677 2258 et
709 2215 835 2258 abbas
858 2215 1157 2270 Cluniacensis,
1190 2229 1314 2272 super
1338 2216 1526 2258 inducias
1551 2219 1742 2272 acceptas
1772 2230 1943 2274 respon-

393 2306 486 2335 sum
518 2293 606 2335 eius
639 2292 834 2335 audituri.
957 2292 1142 2348 Cumque
1181 2293 1280 2335 illuc
1317 2293 1624 2349 pervenissent,
1664 2294 1773 2336 sicut
1809 2293 1944 2350 pridie

390 2370 560 2424 fecerat,
582 2370 912 2426 repraesentavit
933 2370 1151 2426 episcopus
1174 2370 1318 2426 scripti
1334 2371 1551 2414 veritatem
1569 2384 1660 2414 cum
1679 2371 1944 2414 attestatione

393 2447 657 2501 sacramenti,
690 2447 851 2489 dicens:
883 2448 992 2489 Heri
1021 2449 1200 2503 quidem,
1234 2449 1381 2490 domne
1410 2463 1497 2501 reat,
1532 2465 1624 2491 cum
1653 2451 1822 2491 iusticia
1842 2463 1942 2506 pos-

393 2539 525 2566 semus
547 2541 574 2566 a
595 2533 631 2566 te
656 2526 862 2574 Μοθώνη
895 2527 995 2580 quia
1019 2526 1086 2566 die
1111 2526 1376 2566 denominata
1405 2528 1551 2582 parati
1575 2527 1744 2581 fuimus
1777 2534 1813 2568 et
1836 2541 1941 2583 pro-

392 2603 563 2643 missum
594 2610 708 2643 tuum
739 2603 921 2658 recipere
961 2610 997 2644 et
1026 2611 1213 2645 nostrum
1250 2604 1432 2659 implere.
1490 2603 1639 2646 Verum
1671 2605 1770 2659 quia
1802 2612 1846 2646 tu
1874 2605 1941 2645 in-

393 2680 537 2720 ducias
565 2680 761 2734 petendo⁰
783 2693 912 2734 usque
942 2680 987 2720 in
1012 2679 1119 2721 lianc
1141 2681 1249 2721 diem
1278 2681 1490 2733 distulisti,
1523 2680 1736 2722 nolumus:
1767 2689 1813 2723 ut
1840 2695 1941 2737 pro-

392 2764 484 2811 pter
514 2756 779 2797 intervallum
809 2758 932 2797 unius
963 2759 1093 2798 noctis
1126 2765 1286 2799 tantum
1317 2758 1467 2799 bonum
1497 2759 1542 2799 in
1574 2758 1691 2800 nobis
1719 2765 1940 2800 remaneat.

486 2881 511 2901 a.
544 2881 599 2910 per
617 2872 646 2902 V.
750 2873 779 2902 b.
808 2874 981 2912 provectum
998 2874 1034 2903 E.
1140 2883 1164 2903 c.
1192 2883 1247 2904 om.
1262 2875 1292 2904 V.
1397 2874 1426 2903 d.
1458 2876 1491 2903 ut
1513 2876 1543 2904 et
1563 2874 1677 2914 scripsi
1694 2884 1755 2915 pro
1776 2875 1807 2904 et
1826 2876 1860 2905 ut
1877 2874 1942 2912 VZ;

395 2927 424 2955 et
445 2934 501 2955 om.
517 2925 554 2955 E.
679 2935 704 2955 e.
738 2926 900 2964 repetendo
922 2927 959 2956 Ε.

490 2995 520 3031 1.
546 2994 723 3040 Hugonis.
937 2996 970 3031 2.
995 2995 1034 3032 id
1059 2999 1115 3031 est
1138 3005 1253 3043 usque
1278 2995 1325 3032 ad
1350 2996 1547 3033 meridiem.
