2028 3438
360 222 417 266 58
844 234 1068 266 ‘mmmmm
1099 234 1266 267 sonex.
1313 233 1369 267 30.
1387 233 1429 267 31

236 351 327 387 1065
643 341 851 386 Heinrici··
883 341 1054 398 temp10,
1085 341 1192 385 vivis
1222 342 1398 397 gemmis
1429 342 1646 398 opulent03

230 400 336 430 1¹¹¹'23
390 402 412 416 ”
701 418 916 462 Virtutum
945 418 1076 462 radiis
1105 419 1321 476 praeditus
1353 422 1417 463 est
1446 415 1553 462 aliis.

642 495 755 538 Dum
785 494 911 538 solvit
940 498 1096 551 votum,
1129 509 1210 552 quo
1241 510 1285 540 se
1315 497 1430 540 vovit
1459 492 1559 540 dare
1588 499 1760 552 totum,
1806 508 1889 531 *tw-¹

698 570 810 615 Exul
842 571 929 615 abit
959 571 1159 616 Solimam
1173 570 1196 628 ¹,
1226 574 1415 630 repperit
1444 577 1486 618 et
1513 574 1709 631 patriam.
1744 588 1747 593 ¹
1791 568 1813 606 -’
1832 582 1849 597 ’-

361 713 442 760 31.
478 714 716 772 Siyffriduc
738 715 768 757 I
783 715 1119 772 archiepiscopus
1139 716 1413 772 Moquntinus
1431 716 1678 760 Aleoeandro
1699 715 1757 760 II
1769 731 1916 774 papae

477 793 528 834 de
557 807 631 835 suo
664 807 764 849 erya
795 804 885 835 eum
915 793 1053 835 studio
1083 793 1239 836 scribit.
1291 794 1493 847 Miratur,
1527 795 1640 851 quod
1668 795 1728 837 ad
1756 794 1913 840 bimae

478 878 576 912 suas
624 884 710 912 non
748 871 1019 927 rescripserit.
1075 869 1237 926 Roqat,
1273 871 1425 926 faveat
1465 870 1665 914 Heinrico
1704 871 1736 914 Ι
1738 870 1779 915 V
1808 873 1911 928 mai,
1969 910 1973 914 .

481 946 720 1000 Quendam,
762 949 838 1004 qui
867 949 1218 1003 concanquineum
1249 962 1369 991 suum
1398 949 1669 1004 interfecerit,
1709 963 1912 993 common-

475 1021 611 1077 datffl.
1735 1024 1787 1078 (E
1811 1024 1912 1079 126)

151 1121 241 1156 1066
267 1131 322 1156 ex.
474 1112 750 1166 Assexandro)
782 1112 892 1169 patri
924 1115 1112 1169 patrum,
1151 1112 1378 1169 apostolico
1410 1116 1473 1157 et⁶
1504 1113 1732 1158 universali
1762 1123 1911 1171 papae,

135 1188 175 1192 ”
189 1169 278 1204 1067
288 1169 334 1204 in.
358 1189 616 1245 Sfigifridus)
636 1189 906 1245 Moguntinae
927 1188 1164 1246 speculator
1184 1190 1396 1246 ecclesiae,
1428 1191 1625 1247 quicquid
1644 1187 1754 1235 filius
1785 1191 1912 1248 patri,

357 1267 555 1323 quicquid
585 1266 800 1310 menbrum
834 1267 974 1323 capiti.
1364 1324 1367 1327 .

474 1343 540 1388 Ea
571 1347 634 1387 est
664 1344 849 1401 corporis
871 1343 1041 1398 Christi,
1075 1343 1184 1399 quod
1215 1348 1279 1387 est
1308 1332 1503 1400 ecclesia,
1527 1357 1626 1388 vera
1649 1345 1850 1401 perfectio
1871 1348 1914 1389 et

356 1421 543 1478 perfecta
573 1421 822 1478 pulcritudo,
855 1434 974 1477 quae,
1007 1421 1271 1476 euangelicae
1291 1422 1480 1465 veritatis
1502 1421 1712 1466 soliditate
1738 1420 1913 1466 fundata

358 1501 400 1542 et
430 1498 683 1555 apostolicae
722 1498 994 1542 confessionis
1026 1502 1146 1554 petra
1176 1498 1374 1554 solidata,
1409 1499 1482 1541 uni
1513 1498 1603 1542 Deo
1633 1498 1678 1543 in
1707 1496 1912 1544 Trinitate

355 1574 436 1619 fide
467 1576 596 1618 servit
627 1579 668 1619 et
698 1589 834 1632 opere.
881 1575 929 1618 In
958 1575 1036 1618 hoc
1067 1587 1164 1630 ergo
1186 1575 1343 1619 Christi
1374 1588 1547 1633 corpore
1576 1579 1618 1620 et
1647 1577 1758 1620 inter
1786 1576 1912 1621 haee‘¹

357 1653 510 1696 summi
531 1653 682 1709 capitis
703 1653 877 1696 menbra
897 1659 1207 1709 quemcunque·
1228 1656 1444 1696 teneamus
1464 1653 1615 1710 locum,
1639 1653 1912 1710 quodeunque

355 1743 550 1785 geramus
582 1729 785 1785 officium,
818 1730 871 1772 ad
900 1724 1106 1785 vestram,
1138 1730 1197 1773 mi
1228 1730 1488 1774 sanctissime
1519 1734 1700 1787 patrum,
1733 1732 1912 1775 auctori·

355 1810 486 1851 tatem
515 1807 747 1851 referimus.
802 1806 960 1850 Vestris
993 1806 1295 1864 opitulantibus
1316 1808 1491 1863 meritis,
1523 1807 1585 1851 illi
1609 1808 1778 1852 caelesti
1797 1807 1912 1853 Ieru—

356 1885 486 1928 salem
522 1885 634 1928 inter
663 1885 779 1928 vivos
818 1881 1002 1941 lapides³
1039 1877 1299 1940 incorporari
1340 1883 1598 1937 confidimus.
1718 1885 1775 1928 Et
1813 1886 1912 1942 quia

356 1962 587 2017 ecclesiam,
621 1975 744 2017 quam
766 1960 945 2004 Domino
978 1961 1203 2004 miserante
1234 1962 1458 2017 regendam
1487 1962 1758 2019 suscepimus,
1791 1975 1910 2006 sanc-

354 2038 560 2083 tissimae‘
586 2038 839 2095 apostolicae
870 2038 993 2094 sediS,
1025 2039 1092 2082 cui
1113 2042 1280 2082 auctore
1301 2039 1493 2082 Christo⁸
1523 2039 1784 2096 praesidetis,
1816 2052 1910 2097 spe·

355 2116 472 2161 cialis
504 2120 568 2159 est
603 2115 710 2171 filia,
748 2115 923 2159 iccircoh
954 2115 1216 2158 sanctissimo
1249 2117 1500 2172 apostolatui
1531 2121 1690 2172 vestro,
1721 2120 1770 2160 ut
1798 2116 1910 2174 patri

354 2193 479 2249 filius,
513 2193 736 2250 specialem
756 2192 999 2235 exhibemus
1020 2193 1319 2247 reverentiam3
1353 2197 1394 2237 et
1415 2198 1462 2238 ut
1491 2198 1655 2237 vestrae
1675 2194 1909 2238 sanctitatis

357 2271 581 2314 auctoritas
612 2271 721 2313 inter
758 2269 886 2313 seculi
918 2269 1103 2313 turbines
1139 2270 1335 2313 incolomi
1370 2270 1672 2327 tranquillitate
1708 2270 1907 2328 potiatur,

355 2348 627 2391 cottidianam
643 2347 732 2391 Deo
749 2347 983 2390 orationum
1005 2350 1047 2390 et
1063 2346 1412 2403 supplicationum
1434 2347 1644 2391 offerimus
1664 2346 1877 2391 victimam
1885 2349 1905 2391 ¹.

355 2424 528 2468 Noverit
558 2428 696 2467 autem
728 2424 974 2468 excellentia
1004 2427 1167 2479 vestra,
1208 2424 1318 2479 quod
1348 2424 1469 2468 hodie
1499 2438 1582 2468 non
1611 2425 1716 2468 vivit
1744 2424 1906 2480 homok,

357 2515 480 2557 quem
509 2515 593 2558 pax
625 2505 666 2544 et
697 2501 978 2557 tranquillitas
998 2504 1137 2545 vestra
1167 2501 1301 2556 magis
1332 2500 1502 2546 letificet
1523 2505 1578 2557 et,
1609 2502 1645 2545 si
1668 2502 1765 2558 quid
1789 2514 1906 2546 secus

357 2582 433 2634 est,
465 2579 575 2634 quod
606 2578 726 2633 absit,
760 2592 882 2634 quem
913 2579 1046 2634 magis
1078 2579 1308 2622 contristet.

449 2728 476 2750 a.
507 2719 630 2750 Henrici
648 2719 677 2750 V.
760 2719 790 2749 b.
823 2729 860 2750 eoe
878 2720 905 2750 V
922 2721 1096 2757 ‹nv—52,
1120 2720 1195 2760 Zp.
1212 2720 1366 2756 84—85;
1393 2719 1424 2750 B
1445 2719 1527 2749 31v:
1549 2719 1659 2756 Item;
1691 2718 1718 2750 0
1734 2719 1906 2750 24—240.

357 2782 381 2803 c.
415 2771 547 2804 om.BO.
652 2772 681 2801 d.
713 2771 770 2802 hoc
791 2771 856 2802 BC.
973 2783 999 2803 e.
1032 2782 1206 2812 quecunque
1229 2772 1262 2802 Z.
1376 2771 1397 2801 1.
1431 2773 1551 2802 sanotae
1578 2770 1608 2802 C.
1721 2781 1749 2810 g.
1780 2771 1845 2803 Deo
1867 2773 1906 2803 B.

356 2826 387 2856 h.
418 2825 530 2856 idcirco
549 2824 580 2856 V.
685 2825 706 2854 i.
737 2825 893 2855 victoriam
915 2826 953 2855 B.
1055 2826 1085 2856 k.
1117 2826 1207 2856 homo
1228 2834 1289 2856 non
1309 2824 1384 2855 vivit
1400 2825 1430 2855 V.

451 2913 484 2948 1.
509 2911 810 2957 Hierosolymam.
923 2913 956 2947 2.
985 2912 1089 2948 Hanc
1113 2912 1302 2957 epistolam
1326 2921 1398 2947 non
1422 2911 1535 2947 multo
1560 2913 1644 2946 ante
1668 2920 1725 2956 ep.
1744 2911 1790 2946 32
1813 2909 1907 2947 infra

357 2971 528 3017 scriptam
554 2980 646 3016 esse,
671 2980 717 3006 ex
741 2970 802 3005 illa
826 2971 996 3015 cognosci
1019 2974 1152 3017 potest.
1247 2971 1280 3007 3.
1307 2969 1361 3007 cf.
1381 2971 1399 3005 1
1418 2970 1512 3006 Petr.
1530 2970 1564 3015 2,
1589 2969 1623 3005 5.
