2028 3438
453 255 619 290 anolus
650 256 757 287 vrrs
787 254 998 288 orroms.
1046 256 1135 286 Lm.
1156 255 1175 286 1
1208 253 1262 287 19.
1280 253 1327 287 20
1587 243 1674 287 609

3 396 16 428 ᾗ
93 361 454 420 ῥωσῦνέωωιιικ
474 363 586 420 apud
617 363 888 418 Hirsaugiam
919 363 1204 418 cognovisset,
1245 360 1336 405 Deo
1368 361 1527 416 gratias
1565 326 1671 417 egit3
1699 371 1793 408 1112

0 430 14 452 *³
94 438 299 488 dilectum
328 439 418 484 sibi
447 439 770 485 wolframmum
809 440 895 484 acsi
934 454 957 484 e
994 439 1083 484 celo
1113 438 1410 483 transmissum
1451 439 1565 482 omni
1597 452 1673 495 pa-

95 517 519 573 amihesignitatis
551 517 703 562 affectu
734 518 931 576 suscepit.
978 517 1037 562 Et
1066 530 1142 574 per
1163 516 1355 561 *occultos
1389 516 1672 560 internuntios

91 595 471 653 pfimwsehioresf
491 595 642 639 deinde
678 609 847 639 omnem
887 595 1022 639 sancti
1053 593 1270 638 Michaelis
1304 594 1670 649 congregationem

91 671 335 717 admonuit!
373 675 443 728 ut,
473 685 552 717 sue
579 672 756 717 utilitati
789 687 864 730 per
896 673 1037 716 omnia
1068 671 1353 727 consulenteS,
1391 672 1436 714 in
1468 670 1672 715 electione

90 749 486 808 ›venerandispaffls
505 749 783 794 :wolframmi
814 750 1070 794 unanimiter
1109 749 1426 794 concordarent.
1481 747 1671 804 Cumque

92 827 252 872 divina
266 828 537 886 preveniente
568 828 707 882 gratia
736 828 828 883 hoc,
868 832 916 871 ut
947 827 1227 882 desiderabat,
1271 826 1537 881 obtinuisset,
1570 826 1669 870 ube-

89 905 225 950 riores
248 906 470 962 ›ei,'a‘-⁴quo
499 905 611 949 bona
640 909 791 949 cuncta
821 905 1067 962 procedunt,
1099 904 1246 948 laudes
1267 903 1468 958 exsolvit3
1502 904 1669 947 statim-

91 994 187 1040 que·
201 983 249 1027 in
263 983 413 1039 vigilia
432 982 685 1040 palmarum,
719 983 948 1040 assumptis
970 982 1198 1026 maioribus
1220 985 1262 1026 et
1282 981 1456 1039 prelatis
1480 981 1667 1037 ecclesie,
1692 998 1765 1038 Apr.
1781 999 1820 1029 13

90 1063 277 1114 montem
323 1061 460 1108 sancti
504 1060 721 1105 Michaelis
773 1074 927 1116 magna
973 1059 1207 1116 spiritualis
1253 1059 1397 1114 gaudii
1450 1058 1668 1103 alacritate

89 1137 240 1196 plenus
271 1138 473 1194 ascendit,
596 1139 678 1183 Ubi
703 1138 748 1182 in
769 1142 976 1182 conventu
998 1137 1165 1194 publico
1189 1137 1366 1181 domnus
1389 1136 1666 1194 Gumpoldus,

91 1216 144 1260 ad
172 1215 303 1274 pedes
334 1216 524 1274 episcopi
553 1216 799 1274 procidens,
832 1216 1068 1259 ultroneam
1100 1228 1198 1259 cure
1230 1214 1456 1271 pastoralis
1497 1214 1667 1258 abdica-

87 1293 389 1349 tioncmfecit,
420 1294 514 1338 iam·
538 1294 655 1338 senio
686 1294 915 1349 longinquo
947 1307 992 1337 se
1015 1293 1173 1336 fessum
1207 1295 1250 1336 et
1280 1292 1332 1335 ad
1364 1292 1473 1336 hanc
1504 1292 1667 1335 minus⁵

87 1370 283 1417 §domam
320 1374 580 1428 protestatus
618 1371 937 1415 inbecillitatem
969 1383 1102 1413 suam.
1158 1369 1314 1413 Beatus
1346 1383 1444 1424 ergo
1476 1370 1667 1426 pontifex

86 1451 302 1506 receptam
341 1449 394 1493 ab
432 1462 482 1493 eo
518 1462 663 1493 curam
703 1449 960 1506 pastoralem
999 1462 1098 1491 mox
1137 1447 1367 1491 reverendo
1409 1447 1521 1504 patri
1552 1446 1667 1491 Wol-

85 1525 273 1570 stamme
298 1527 542 1583 assignavit.
596 1527 774 1584 Ipseque
805 1526 1068 1583 Gumpoldus
1100 1526 1144 1568 in
1177 1525 1422 1569 electionem
1457 1525 1547 1568 eius
1579 1524 1666 1582 pri—

84 1607 183 1648 mus
208 1604 478 1660 acclamavit,
507 1608 551 1648 et
571 1618 625 1649 ex
657 1605 735 1649 hoc
765 1604 809 1648 in
841 1604 1113 1648 remociorem
1145 1603 1309 1658 cellam,
1342 1603 1556 1659 deputatis
1585 1602 1666 1646 sibi

86 1681 252 1726 duobus
276 1682 486 1727 ministris
518 1686 561 1727 et
593 1682 826 1739 quibusque
857 1681 1120 1737 necessariis,
1154 1681 1339 1725 secessit.
1462 1680 1526 1724 Ita
1557 1680 1664 1724 elec-

83 1759 434 1805 tioneeanonica
471 1764 712 1805 reverenter
751 1760 855 1803 satis
888 1763 929 1803 et
961 1759 1216 1803 unanimiter
1246 1759 1379 1814 facta,
1422 1759 1517 1816 pius
1550 1758 1662 1814 Otto,

83 1849 211 1882 mom
232 1837 460 1896 inpatiens,
491 1839 684 1896 sequenti
716 1838 796 1893 die,
830 1838 875 1881 id
907 1841 971 1881 est
1005 1837 1058 1880 18
1091 1836 1183 1880 Kal.
1206 1836 1349 1892 Maiib,
1387 1836 1662 1893 solempniter
1686 1848 1815 1887 Apr.14

86 1928 189 1960 cumr
214 1920 312 1960 ante
342 1918 700 1960 consecrationem
733 1916 970 1973 palmarum
1003 1914 1228 1958 ordinavit.

144 1991 263 2036 ΕΦ
291 2007 344 2037 ex
369 2007 418 2037 eo
447 1993 502 2038 ad
534 1997 691 2038 statum
722 1994 804 2038 loci
834 1994 948 2037 intus
981 1996 1024 2036 et
1044 1992 1229 2036 exterius
1261 1991 1549 2036 renovandum
1583 1992 1661 2035 mi-

84 2069 206 2115 rifice
235 2074 374 2115 totum
406 2085 451 2115 se
483 2072 678 2116 accinxit.
733 2071 1019 2127 Primumque,
1052 2070 1208 2114 abolito
1243 2094 1293 2100 -
1330 2069 1544 2114 communi
1574 2069 1660 2113 fra-

85 2151 197 2192 trum
235 2161 442 2193 consensu
473 2174 528 2180 -—
563 2153 726 2193 vetusto
766 2153 808 2192 et
845 2149 1022 2193 remisso
1061 2148 1208 2192 ordine
1245 2147 1622 2191 Amerbacensium
1637 2144 1659 2202 ¹,

82 2230 238 2270 novum
281 2231 324 2270 et
359 2227 563 2283 religione
601 2227 772 2284 plenum
813 2227 1003 2270 ordinem
1044 2226 1411 2281 Hirsaugiensium
1459 2225 1656 2268 instituit.

84 2302 217 2360 Dein,
249 2305 528 2362 paucitatem⁰
560 2305 737 2349 fratrum
772 2305 862 2348 Deo
893 2304 1169 2348 militantium
1207 2304 1457 2347 cordetenus
1498 2302 1658 2357 dolens,

83 2384 143 2426 et=
170 2382 340 2426 crebras
385 2383 431 2426 in
476 2386 703 2439 conspectu
740 2382 913 2426 Domini
952 2382 1283 2439 supplicationes
1329 2394 1406 2438 pro
1445 2380 1524 2423 hoc
1562 2393 1656 2423 cum

83 2459 409 2504 elemosinarum
446 2460 642 2516 largitate
681 2460 962 2517 profundens,
1002 2460 1220 2514 religiosos
1254 2459 1366 2501 viros
1398 2460 1440 2500 et
1474 2461 1560 2501 tam
1595 2457 1658 2500 di-

82 2537 182 2581 vina
212 2551 338 2594 quam
376 2538 556 2582 seculari
595 2538 773 2582 scientia
810 2541 980 2581 ornatos
1029 2536 1281 2599 omnimodis
1321 2535 1389 2579 hic
1427 2548 1657 2591 aggregare

81 2615 256 2659 studuit.
311 2615 398 2660 Nec
435 2617 554 2673 prius
585 2616 637 2660 ab
669 2616 748 2660 hoc
778 2619 899 2672 cepto
931 2615 1115 2669 destitit,
1149 2627 1275 2670 quam
1307 2613 1359 2656 de
1395 2613 1547 2668 exiguo
1578 2626 1657 2656 nu-

82 2705 210 2736 mero>
237 2693 350 2737 ultra
386 2694 755 2750 septuagenarium
796 2692 1097 2749 multiplicatos
1129 2691 1272 2735 videre
1313 2691 1481 2734 meruit.
1536 2690 1656 2742 Quod

81 2769 217 2827 ipsius
247 2770 402 2815 litteris
434 2771 684 2826 declaratur,
717 2784 798 2826 que
828 2771 872 2813 in
904 2770 1015 2813 hunc
1046 2783 1091 2813 se
1123 2768 1293 2812 modum
1325 2768 1504 2812 habent:

201 2849 259 2892 20
281 2849 385 2902 (21).
422 2848 548 2904 „Otto
571 2848 650 2892 Dei
674 2848 812 2903 gratia
832 2846 1193 2902 Babenbergensis
1215 2845 1439 2890 ecclesiae‘¹
1462 2845 1654 2888 minister
1678 2859 1881 2896 1121-1123

177 2957 204 2979 a.
237 2957 346 2980 munus
373 2948 404 2980 0.
508 2949 537 2980 b.
569 2949 683 2988 Aprilis
701 2958 870 2988 perperam
896 2947 958 2979 CB.
1068 2957 1093 2978 o.
1129 2948 1282 2987 paucitate
1308 2946 1338 2978 Ο.
1443 2946 1473 2977 d.
1505 2955 1562 2977 om.
1582 2944 1613 2977 C.

178 3013 209 3048 1.
236 3011 387 3048 fratrum
414 3012 580 3049 coenobii
605 3012 889 3049 Amorbacensis
914 3011 1030 3047 dioec.
1048 3010 1366 3057 wirziburgensis.

139 3077 246 3111 «Iuni,
267 3079 458 3108 Bibliotheca
474 3080 509 3106 V.
1320 3077 1366 3111 39
