2028 3438
281 389 373 426 1182

249 2007 342 2043 1184

196 2057 272 2094 Aug.
295 2056 378 2094 Sept.

400 260 485 303 838
895 276 956 306 nx
987 276 1234 308 mmAcnms
1265 276 1460 308 o‘r'roms

397 392 472 436 per
504 392 648 423 eorum
678 380 808 424 fuisse
840 381 1114 436 desiderium;
1147 386 1189 426 et
1218 382 1366 426 honori
1396 384 1461 427 sui
1493 383 1673 441 apostoli
1701 397 1748 430 se
1775 384 1955 431 libenter

397 456 609 500 delaturos
641 457 898 514 obsequium.
946 459 1166 514 Rogabant
1195 464 1426 516 praeterea,
1458 464 1519 517 ut,
1552 461 1718 518 quando
1738 462 1794 507 ad
1812 463 1955 508 'sedem

398 534 670 590 apostolicam
702 535 829 579 vellet
859 536 1075 591 accedere,
1112 550 1196 580 non
1227 537 1305 580 hoc
1336 551 1405 581 eos
1437 538 1593 582 sineret
1621 539 1774 596 latere,
1803 542 1851 584 ut
1879 540 1954 584 ho-

396 614 566 655 noratos
604 611 717 655 illius
753 613 889 667 gentis
921 614 1014 656 viae
1045 613 1217 657 comites
1249 614 1422 659 haberet
1451 619 1493 659 et
1522 616 1628 672 ipsi,
1667 616 1954 674 quodcumque

396 691 588 744 possent,
627 689 906 732 ministerium
944 690 1207 746 praeberent.
1241 715 1296 720 —
1336 690 1418 735 Sed
1454 692 1532 736 hoc
1560 692 1652 737 fieri
1682 706 1767 737 non
1802 693 1954 751 potuit,

398 765 509 820 quia,
540 765 751 820 Boguzlao
783 766 942 823 optimo
974 766 1078 810 duce
1109 768 1254 812 eodem
1287 782 1396 811 anno
1428 770 1514 813 vita
1544 768 1830 826 decedente·¹,
1851 783 1955 828 >pax

396 845 534 885 terrae
565 842 678 885 illius
711 843 813 887 adeo
845 843 1015 887 turbata
1046 847 1121 899 est,
1153 849 1201 888 ut
1229 845 1470 889 nemo'hinc
1491 847 1543 889 ad
1565 860 1635 890 eos
1659 851 1800 903 posset
1817 850 1955 891 trans-

395 918 457 962 ire
487 933 623 975 neque
653 920 751 963 inde
781 920 862 963 huc
892 923 1164 964 transmeare.
1188 945 1243 951 -—
1365 922 1463 966 Dux
1498 923 1653 979 itaque,
1685 923 1827 968 habito
1859 936 1953 968 eum

397 995 626 1040 maioribus
659 997 745 1039 suis
777 997 964 1052 consilio,
996 1001 1187 1041 sanctum
1209 997 1403 1042 Ottonem
1435 1000 1480 1042 in
1500 999 1774 1045 Wolframmo
1805 1000 1955 1045 abbate

397 1076 640 1128 veneratus,
681 1075 927 1118 auctoritate
964 1088 1041 1118 sua
1079 1075 1344 1119 donationem
1375 1076 1475 1120 fecit
1505 1080 1547 1121 et
1576 1081 1827 1122 testamento
1856 1090 1955 1122 eon-

397 1147 623 1205 firmavit²‚
670 1151 850 1195 scilicet:
897 1155 943 1195 ut
981 1152 1163 1207 quinque
1200 1154 1429 1196 centenarii
1468 1167 1588 1198 cerae
1625 1155 1670 1198 in
1707 1155 1954 1200 memoriam

398 1228 463 1271 sui
493 1228 675 1271 nominis
697 1232 739 1271 et
760 1228 1061 1272 monimentum
1085 1243 1183 1272 suae
1205 1230 1341 1284 gentis
1363 1230 1562 1275 ecclesiae
1583 1232 1719 1276 sancti
1739 1231 1954 1276 Michaelis

398 1305 615 1349 annuatim
638 1306 689 1349 de
711 1306 896 1349 tabernis
925 1310 1062 1350 terrae
1092 1306 1205 1350 illius
1236 1307 1548 1363 persolvantur3
1581 1312 1629 1353 ut
1657 1309 1755 1353 inde
1784 1308 1956 1354 lucerna

397 1382 441 1425 in
473 1382 630 1439 templo
661 1383 742 1426 Dei
771 1382 909 1426 luceat
940 1386 982 1426 et
1011 1383 1107 1438 iuge
1136 1383 1278 1427 lumen
1310 1385 1364 1427 ad
1395 1385 1642 1429 memoriam
1672 1386 1807 1430 sancti
1837 1386 1954 1431 Otto-v

398 1459 464 1502 nis
496 1460 767 1503 concinnetur
798 1464 839 1504 et
870 1460 1025 1503 ardeat.
1147 1461 1290 1504 Abbas
1321 1462 1477 1517 itaque,
1511 1463 1641 1506 tantis
1672 1463 1883 1508 beneficiis
1913 1467 1956 1508 et

399 1537 636 1580 devocionis
668 1537 834 1580 indiciis
866 1538 1026 1580 debitas
1058 1537 1277 1582 exsolvens
1308 1540 1485 1595 gratias,
1525 1540 1756 1584 balsamum
1789 1544 1832 1585 et
1859 1554 1955 1599 pre-

399 1615 512 1658 ciosa
543 1628 730 1669 munera,
764 1614 890 1668 digna
921 1614 1193 1670 principibus,
1228 1615 1287 1658 eis
1319 1616 1482 1672 optulit.
1530 1616 1587 1660 Et
1615 1617 1791 1661 licencia
1811 1631 1954 1662 eornm

401 1696 442 1735 et
473 1691 613 1734 osculo
645 1695 856 1748 percepto,
890 1691 942 1734 ad
973 1691 1124 1734 fratres
1156 1705 1252 1734 suos
1283 1706 1489 1748 reversus,
1521 1707 1670 1738 novem
1699 1695 1955 1751 septimanas

401 1768 586 1825 explevit
615 1768 908 1811 Pomeraniam
940 1768 1029 1811 iens
1062 1771 1104 1811 et
1133 1768 1230 1811 inde
1262 1769 1396 1812 denuo
1427 1770 1606 1814 rediens.

518 1845 619 1887 Post
650 1845 725 1888 hec
755 1845 971 1888 collectam
1002 1845 1101 1888 fecit
1130 1845 1365 1889 litterarum
1397 1847 1689 1904 episcoporum
1717 1848 1954 1905 principum

402 1926 444 1965 et
475 1921 685 1965 abbatum.
733 1922 790 1964 Et
820 1922 880 1965 sic
901 1922 1184 1978 oportunitate
1206 1927 1389 1980 accepta,
1421 1921 1619 1968 Lucium⁸
1639 1938 1795 1981 papam
1816 1922 1953 1980 adiit-⁴,

402 1999 474 2055 qui
505 1999 619 2042 senio
652 1999 862 2042 confectus
902 2013 945 2042 se
977 1999 1087 2055 apud
1108 1999 1318 2044 Veronam
1349 2001 1540 2045 detinuit.
1593 2002 1634 2044 A
1665 2015 1745 2058 quo
1777 2001 1955 2057 benigne

402 2079 634 2132 susceptuS,
666 2089 759 2119 cum
792 2076 830 2119 ei
862 2089 1029 2119 causam
1060 2090 1137 2133 pro
1169 2091 1251 2133 qua
1272 2082 1443 2122 venerat
1470 2078 1708 2123 intimasset
1732 2082 1774 2123 et
1792 2079 1954 2124 litteras

402 2156 730 2209 praesentasset,
770 2167 1017 2209 responsum
1049 2155 1229 2211 accepit:
1268 2156 1362 2198 Hoc
1396 2157 1636 2213 principale
1664 2159 1880 2213 neque-ium
1907 2159 1955 2200 in

402 2231 502 2273 urbe
534 2232 693 2283 Roma,
735 2246 842 2287 quae
871 2233 1063 2274 universo
1097 2233 1190 2274 orbi
1213 2234 1506 2289 principatur,
1546 2242 1604 2277 eet
1633 2234 1931 2277 declarandum
1939 2250 1954 2285 ‚·

403 2317 440 2350 et
469 2322 545 2350 nos
576 2309 662 2350 vita
695 2310 858 2360 comite,
900 2310 1000 2350 dum
1030 2310 1088 2351 ad
1117 2309 1259 2351 urbem
1289 2312 1541 2363 venerimus,
1582 2313 1628 2353 in
1659 2311 1834 2354 coneilio
1865 2313 1953 2368 epi-

403 2399 624 2441 scoporum
655 2386 768 2440 quod
796 2387 902 2441 petis
934 2385 1104 2427 libenter
1135 2400 1314 2442 aqemus.
1337 2412 1392 2417 —
1419 2385 1502 2429 Sed
1530 2385 1699 2442 Lucius,
1730 2390 1954 2443 antequam

403 2459 577 2504 Romam
608 2461 783 2515 veniret,
816 2464 950 2504 morte
981 2465 1232 2517 praeventus
1265 2465 1339 2505 est.
1373 2486 1426 2491 ——
1460 2462 1602 2506 Abbas
1632 2463 1787 2519 itaque,
1820 2465 1954 2509 sciens

502 2605 527 2625 a.
561 2596 719 2626 decidente
741 2597 778 2626 A.

500 2654 531 2687 1.
558 2652 609 2687 At
634 2652 724 2688 obiit
747 2653 954 2697 Boguzlaus
978 2653 994 2688 I
1019 2653 1093 2688 dux
1118 2653 1175 2689 die
1203 2654 1246 2689 18
1270 2654 1374 2689 Mart.
1394 2654 1503 2699 1187;
1535 2655 1685 2700 eiusque
1713 2654 1823 2692 frater
1846 2656 1953 2692 Kazi-

406 2711 561 2745 merusI
586 2710 660 2745 dux
692 2714 856 2746 mortuus
889 2715 967 2747 erat
991 2722 1023 2747 a.
1044 2712 1146 2747 1180.
1179 2713 1224 2748 V.
1249 2712 1418 2757 Klempin
1442 2713 1714 2749 Pommersches
1739 2714 1952 2751 Urkunden-

405 2768 500 2803 buch
519 2769 533 2802 I
558 2779 594 2812 p.
614 2770 658 2804 59
676 2771 713 2804 et
729 2771 786 2805 81.
883 2771 916 2806 2.
943 2780 1036 2805 anno
1055 2771 1157 2806 1182.
1190 2771 1234 2806 V.
1252 2771 1428 2816 Boguzlai
1451 2770 1621 2817 tabulam,
1647 2772 1736 2809 God.
1753 2773 1839 2818 dipl.
1853 2774 1952 2810 Pom.

406 2826 422 2860 I
448 2827 517 2861 124
548 2830 585 2861 et
609 2827 778 2872 Klempin
803 2828 1076 2864 Pommersches
1100 2828 1397 2864 Urkundenbuch
1421 2830 1436 2864 I
1461 2841 1496 2875 p.
1517 2831 1561 2865 70
1586 2842 1620 2865 n.
1639 2832 1696 2866 91.
1838 2833 1871 2868 3.
1902 2832 1952 2868 111

407 2885 468 2929 qui
495 2884 703 2920 morabatur
713 2886 880 2922 Veronae
899 2898 921 2922 a
937 2887 995 2922 die
1013 2888 1059 2922 22
1075 2887 1140 2922 Iul.
1158 2888 1249 2922 1184
1273 2887 1319 2922 ad
1345 2897 1438 2932 eum,
1465 2899 1535 2933 quo
1558 2888 1657 2934 obiit,
1683 2889 1779 2925 diem
1798 2891 1843 2925 25
1859 2890 1951 2927 Nov.

407 2943 510 2978 1185.
629 2944 663 2978 4.
694 2954 788 2979 anno
816 2945 926 2991 11843
953 2945 1010 2980 die
1036 2946 1130 2980 enim
1156 2946 1179 2980 4
1204 2945 1303 2990 Sept.
1321 2947 1416 2982 1184
1439 2947 1572 2982 Lucius
1590 2948 1642 2982 III
1659 2947 1824 2984 Veronae
1840 2947 1951 2985 Wolf·

406 3011 544 3037 tammo
569 3001 696 3037 mitrae
721 3012 826 3037 usum
853 3004 1042 3039 concessit.
1076 3004 1121 3040 V.
1141 3004 1301 3049 Regesta
1324 3007 1423 3050 pont.
1440 3005 1543 3041 Rom.
1567 3016 1601 3041 n.
1621 3006 1724 3043 9620.
