2028 3438
302 363 392 398 1012

293 411 364 442 Mai.
380 413 432 442 6-

421 236 510 279 480
842 250 1091 282 EPISTOLAE
1120 252 1488 283 BAMBERGENSES.
1537 252 1565 296 3

422 357 561 397 torum
592 354 876 399 confessorum
908 356 1099 400 Silvestri
1131 356 1320 412 Gregorii
1341 357 1594 401 Ambrosii.
1610 358 1974 424 Religiiiett'zutem

421 430 465 472 in
488 431 632 474 eodem
654 432 941 476 continentur:
974 434 1025 476 de
1046 434 1191 477 baculo
1220 435 1353 477 sancti
1376 434 1489 478 Petri
1512 435 1716 492 apostoli,
1736 438 1974 480 sanctorum

422 508 703 552 confessorum
730 507 922 552 Silvestri
947 509 1119 553 Martini
1140 510 1339 554 Eucharii
1360 511 1580 555 Maximini
1610 512 1976 556 PauliniiAmbro-

421 584 474 627 sii
494 583 637 639 Magni
659 584 892 628 Crescencii
918 586 1147 642 Epiphanii
1172 587 1369 631 Decencii
1399 588 1609 632 Florencilss
1636 587 1859 633 Laui-cneii
1887 590 1975 670 epi-

421 661 537 717 scopi
568 661 798 705 Maurencii
830 666 871 706 et
902 662 1131 706 Iuveniani.
1545 701 1546 704 ,
1770 683 1828 722 so,

542 737 766 781 Sinistrum
789 739 919 782 altare
941 739 1208 784 occidentalis
1231 740 1374 784 altaris
1397 742 1655 786 consecravit
1673 741 1974 798 Megingaudus

422 814 689 873 Treverensis
722 816 1057 872 archiepiscopus
1087 817 1131 859 in
1152 817 1350 861 honorem
1374 823 1611 862 sanctorum
1635 820 1853 863 martirum
1872 819 1975 864 Dio-

422 891 520 934 nisii
549 891 709 935 Rustici
748 896 790 935 et
818 892 1068 949 Eleutherii,
1106 892 1328 938 Laurencii
1358 894 1517 951 Ypoliti
1555 900 1598 939 et
1626 895 1726 940 Viti.
1785 896 1974 952 Reliquie

421 981 519 1011 vero
551 968 593 1010 in
627 969 769 1012 eodem
802 971 937 1026 posite
968 974 1066 1013 sunt
1096 975 1334 1014 sanctorum
1366 973 1583 1015 martirum
1612 967 1835 1017 Laurencii
1848 964 1975 1017 'lxiiii

421 1043 671 1088 Felicissimi
700 1046 874 1102 Agapiti
904 1047 1064 1103 Ypoliti
1098 1047 1316 1091 Pancraoii
1346 1049 1471 1092 Nerei
1506 1053 1548 1093 et
1576 1050 1779 1104 Achillei,-
1808 1048 1903 1094 “Viti
1935 1054 1977 1094 et

421 1120 620 1176 Modesti,
652 1122 1070 1167 Tiburcii‘Bonifacii
1102 1124 1306 1180 Oswaldi,
1349 1130 1507 1183 septem
1548 1127 1726 1170 fratrum
1746 1126 1975 1182 {Grisogoni

421 1197 580 1241 Urbani
610 1199 762 1242 Abdon
794 1200 944 1244 Vitalis
974 1201 1153 1245 Naboris
1187 1202 1358 1246 Senesii.
1647 1254 1650 1257 ,
1947 1250 1950 1257 Δ

539 1275 686 1319 Altare
708 1291 804 1320 vero
837 1281 978 1320 sancte
999 1278 1143 1321 Crucis
1173 1281 1431 1323 consecravit
1459 1281 1529 1336 pie
1550 1281 1750 1324 memorie
1770 1280 1974 1324 Iohannes

420 1352 729 1407 Aquilegiensis
761 1355 999 1410 patriarcha
1029 1356 1072 1398 in
1104 1356 1302 1399 honorem
1331 1361 1473 1399 sancte
1495 1357 1638 1401 Crucis
1656 1358 1860 1402 0101111011
1883 1357 1974 1401 810-

420 1429 550 1485 phani
587 1431 909 1486 protomartiris.
964 1431 1152 1488 Reliquie
1192 1447 1289 1476 vero
1328 1434 1372 1476 in
1410 1435 1554 1478 eodem
1592 1435 1727 1492 posite
1766 1437 1884 1480 sunt:
1925 1435 1974 1478 de

420 1507 562 1550 tunica
582 1507 753 1550 Domini
783 1509 1035 1563 inconsutili,
1069 1510 1118 1552 de
1150 1510 1296 1566 spinea
1327 1524 1492 1566 corona,
1525 1511 1576 1555 de
1607 1525 1781 1567 corpore
1809 1515 1853 1555 01
1879 1525 1974 1555 san-

421 1585 545 1639 guine
575 1585 748 1628 Domini
788 1586 896 1641 quod
936 1587 1196 1629 consecravit
1232 1587 1436 1631 Iohannes
1476 1589 1630 1631 tercius
1669 1591 1819 1645 papa5'
1841 1589 1975 1632 sancti

422 1661 624 1718 Stephani
655 1663 1014 1719 prothomartiris,
1051 1663 1282 1706 Alexandri
1313 1664 1485 1708 Evencii
1516 1664 1715 1713 Theodoli
1735 1664 1973 1720 faurameli,

423 1738 623 1795 Stephani
656 1754 769 1796 pape
797 1743 838 1782 et
867 1740 1066 1795 martiris,
1100 1740 1370 1797 Sigismundi,
1402 1741 1577 1784 Romani
1609 1742 1778 1797 militis,
1798 1742 1974 1786 Maximi

421 1816 620 1870 martiris,
653 1816 879 1859 Mauricii⁸.

540 1893 752 1936 Orientale
783 1897 922 1936 autem
955 1893 1085 1937 altare
1116 1896 1374 1948 consecravit
1394 1895 1686 1938 Erkanbaldus
1707 1895 1973 1951 Mogontinus

421 1969 758 2027 archiepiscopus
789 1971 833 2012 111
863 1971 1063 2014 honorem
1095 1975 1237 2014 sancte
1258 1972 1338 2015 Dei
1369 1972 1811 2027 genitricisMarie'et
1840 1974 1974 2017 sancti

419 2046 634 2090 Michaelis
676 2048 914 2102 archangeli
960 2049 1227 2104 omniumque
1267 2049 1483 2092 celestium
1522 2050 1720 2092 virtutum
1755 2055 1803 2093 'e't
1838 2052 1973 2094 sancti
2001 2048 2003 2050 ’

421 2122 590 2178 Georgii
620 2125 818 2167 martiris.
867 2124 1054 2181 Reliquie
1076 2130 1212 2168 autem
1236 2127 1279 2168 in
1306 2127 1451 2169 eodem
1472 2127 1605 2182 posite
1628 2130 1749 2170 sunt:
1776 2127 1828 2170 de
1842 2128 1973 2171 *vesti-

360 2202 363 2205 ”
418 2205 558 2244 11101110
580 2205 723 2244 sancte
744 2201 890 2257 Mai-ie,
917 2202 967 2245 de
990 2203 1191 2257 sanguine
1214 2204 1346 2246 sancti
1368 2203 1563 2246 Iohannis
1586 2204 1780 2260 baptiste,
1802 2203 1971 2259 Georgii

357 2323 359 2325 ,
420 2279 627 2333 martiris,
668 2279 718 2322 de
751 2279 919 2322 brachio
959 2280 1086 2334 Iusti,
1125 2280 1365 2336 Symeonis,
1409 2283 1729 2336 sanctarumque
1764 2282 1972 2336 virginum

417 2353 545 2398 Lucie
583 2355 734 2399 Cecilie
772 2355 936 2410 Agathe
972 2356 1224 2411 Waldburge
1262 2357 1496 2411 Margarete
1535 2357 1776 2401 Crescencie
1814 2358 1972 2402 Iuliane

417 2431 579 2474 Verene
600 2433 721 2476 Tecle
741 2433 965 2477 Anastasio
997 2433 1202 2490 Perpetue
1233 2434 1462 2477 Felicitatis
1489 2433 1743 2478 Gancianille
1776 2435 1971 2492 Speciose

418 2507 606 2552 Modeste
638 2510 820 2553 1111111110.

536 2585 743 2629 Dextrum
766 2587 895 2630 altare
919 2588 1131 2631 orientalis
1155 2587 1298 2630 altaris
1321 2588 1580 2630 consecravit
1597 2588 1833 2632 Hartwicus
1855 2588 1971 2632 Salz·

418 2660 634 2716 burgensis
674 2664 1010 2720 archiepiscopus
1048 2666 1091 2707 in
1130 2665 1328 2708 honorem
1367 2668 1603 2707 sanctorum
1643 2664 1805 2707 Nicolai
1841 2665 1971 2707 Adal-

417 2738 525 2781 berti
555 2739 812 2783 Emerammi
842 2741 1112 2784 Venzeszlaib
1143 2741 1371 2784 Ruodberti
1401 2741 1593 2784 Erhardi.
1647 2741 1836 2797 Reliquie
1874 2755 1970 2785 vero

417 2814 462 2856 in
484 2816 628 2858 eodem
648 2818 783 2872 posite
805 2822 903 2861 sunt
922 2818 1154 2861 Burohardi
1175 2819 1436 2873 confessoriS,
1458 2818 1687 2861 Ruodberti
1708 2818 1969 2880 confessoris,

416 2891 597 2935 Erhardi
630 2892 817 2937 Severini
848 2895 1158 2950 Panthaleonis,
1181 2894 1442 2939 Wenzeszlai
1471 2895 1670 2949 martiris,
1702 2894 1970 2939 Wunnibaldi

510 2996 537 3016 0..
569 2987 693 3016 Maurcii
716 2997 740 3017 c.
1025 2989 1053 3019 b.
1075 2989 1255 3019 Venheszlai
1276 2999 1301 3019 c.
