2028 3438
594 231 818 263 unarum
847 230 1020 263 consx.
1038 236 1041 238 ·
1070 229 1138 264 118
1572 221 1660 264 229

93 336 300 382 2.-..:2s‹=‚i0
337 337 628 395 indubitanter
658 342 700 382 et
737 338 864 383 credo
895 352 973 382 nec
1010 338 1218 382 eredendo
1250 338 1379 383 fallar
1409 340 1455 383 in
1496 340 1658 396 aliquo:

82 415 200 473 quodq
223 416 575 474 vestu-avietae,
614 423 698 474 qua
725 430 795 460 me
825 416 1027 461 hactenus
1058 416 1289 472 dilexistis,
1328 430 1446 461 more
1480 421 1659 475 paterno

81 493 290 550 gaudetis,
312 494 348 538 si
368 507 440 538 me
457 493 640 550 gaudere
658 495 886 539 noveritis..
922 494 1013 539 Nec
1032 494 1111 538 hoc
1134 494 1312 551 quidemv
1326 495 1513 539 asscribo
1536 495 1661 539 alicui

16 610 19 613 .
81 571 369 628 meo-merito,
389 572 464 616 sed
484 575 650 616 vestrae
680 575 847 616 tantum
878 573 1079 627 bonitati3
1111 586 1196 629 qua
1216 572 1321 615 mihi
1344 572 1488 628 largus
1519 574 1659 617 fuistis

82 651 209 706 atque
229 649 462 707 propicius,
484 663 537 694 ex
558 654 641 707 q'uo
660 663 737 694 vos
757 650 862 693 mihi
886 650 1091 708 praefecit
1102 650 1220 694 Deus
1235 647 1258 706 ¹,
1283 651 1398 694 omni
1421 651 1660 695 dilectionis

81 722 246 771 studio.
270 725 394 771 Unde
409 727 455 770 in
474 728 688 784 praesenti
705 731 859 784 grates,
882 730 1004 784 quot⁸
1023 731 1065 772 et
1085 732 1265 784 quantas
1282 742 1470 786 possum,
1493 733 1660 773 vestrae

80 804 330 864 paternitati
362 805 498 848 refero
531 808 592 861 et,
625 806 725 849 dum
758 806 874 862 vivo,
911 820 979 850 me
1012 809 1055 850 et
1085 820 1180 850 mea
1221 806 1275 850 ad
1305 810 1471 850 vestrae
1511 807 1660 851 volun-

81 876 187 927 tatis
216 874 443 927 ¹arbitrium
483 883 683 939 exhibeo,
724 883 833 927 sicut
870 884 1020 927 merito
1062 884 1206 928 debe0.
1263 876 1373 928 Novi
1413 885 1547 929 enim:
1584 900 1659 929 vos

81 974 201 1017 meae
221 960 494 1013 sublimitatis
515 964 614 1018 post
632 961 771 1005 Deum
793 975 885 1006 esse
906 962 1183 1019 principium3
1214 976 1291 1006 nec
1312 977 1513 1019 umquam
1535 977 1660 1021 posse

80 1042 161 1084 me'-
178 1039 376 1083 inventia
398 1042 493 1084 tam
524 1039 598 1083 diu
618 1040 869 1084 sustinuisse
878 1037 907 1096 ²,
939 1040 1051 1096 quod
1074 1041 1128 1084 ad
1151 1041 1354 1085 honorem
1380 1041 1658 1098 pervenirem,

79 1117 328 1162 nieiuestra
355 1117 535 1174 largitae
562 1131 658 1162 meo
678 1117 814 1162 labori
849 1118 1115 1162 subvenisset
1136 1122 1179 1163 et
1200 1122 1341 1163 vestra
1361 1133 1430 1163 me
1455 1120 1661 1164 fovissent

5 1253 7 1255 Ι
82 1209 132 1240 ae
160 1195 427 1240 solidassent'
441 1195 634 1240 consilia.

106 1299 119 1303 ·=
175 1273 310 1326 3=Quia
342 1274 475 1330 igitur
511 1288 591 1331 ope
629 1277 795 1318 vestrae
840 1274 1042 1318 bonitatis
1082 1277 1124 1318 et
1161 1288 1231 1318 me
1272 1274 1576 1319 honorabiliter
1615 1276 1660 1319 in

82 1351 203 1396 curia.
223 1352 387 1396 retinui
404 1355 461 1396 et
489 1352 547 1396 ad
563 1352 608 1395 id
641 1353 812 1397 honoris
845 1353 984 1409 gratia
1004 1352 1085 1396 Dei
1107 1356 1149 1396 et
1170 1352 1300 1396 vestri
1329 1353 1517 1410 perveni,
1549 1354 1660 1410 quod

80 1429 261 1475 feliciter
298 1430 455 1474 electus
487 1444 579 1474 sum
613 1430 1001 1487 Wi1·zeburgensis¹'
1035 1430 1147 1474 sedis
1186 1431 1409 1488 episcopus
1450 1435 1492 1475 et
1522 1434 1661 1475 vester

26 1546 35 1549 ,
82 1501 244 1553 vicinus
266 1511 308 1553 et
328 1509 530 1554 ecclesiae
550 1519 669 1554 meae
689 1509 826 1554 factus
852 1523 943 1553 sum
966 1533 1019 1539 —-
1041 1509 1152 1552 unde
1172 1509 1217 1551 in
1238 1508 1476 1552 inmensum
1499 1509 1660 1564 gaudeo

83 1602 140 1617 ὰ-
168 1576 343 1643 ᾱίᾲιὶῐιιι]
383 1590 448 1631 est
479 1591 522 1631 et
552 1602 628 1644 ego
667 1602 769 1644 rogo
811 1591 936 1654 atque
976 1587 1190 1643 desidero,
1230 1590 1278 1630 ut
1308 1601 1377 1631 me
1409 1591 1450 1630 et
1481 1601 1576 1631 mea
1608 1587 1659 1631 ad

82 1667 232 1709 nutum
265 1668 431 1710 vestrae
460 1665 692 1710 voluntatis
725 1666 907 1724 amplius
941 1665 993 1708 ad
1025 1664 1197 1722 plenum
1228 1665 1434 1709 habeatis.

144 1759 149 1766 ¹
204 1742 366 1788 Vellem
396 1744 540 1801 itaque
571 1744 690 1788 vobis
728 1744 909 1789 libenter
942 1743 1079 1800 loqui,
1121 1746 1348 1799 antequam
1385 1743 1568 1788 redirem
1608 1744 1661 1786 ad

83 1821 259 1878 curiam,
276 1822 329 1866 >si
356 1821 532 1878 scirem,
573 1823 781 1879 quomodo
813 1837 1034 1881 possemus
1065 1822 1227 1866 utiliter
1257 1822 1493 1866 convenire.
1551 1821 1661 1873 Qua-

83 1902 260 1958 propter
287 1899 439 1944 intime
468 1914 571 1956 rogo
593 1915 683 1957 vos,
715 1904 764 1945 ut
792 1901 972 1945 mittatis
997 1900 1103 1944 mihi
1124 1903 1311 1944 vestrum
1343 1900 1552 1955 nuntium,
1584 1913 1661 1956 per

85 1977 347 2034 quemmihi
383 1978 609 2023 notificetis
646 1979 784 2023 locum
818 1983 860 2023 et
896 1978 1147 2034 terminum,
1189 1991 1270 2034 quo
1309 1978 1522 2036 possimus
1562 1991 1661 2020 con-

85 2055 228 2100 venire
259 2059 304 2101 et
341 2056 522 2114 aliquid,
565 2058 678 2114 quod
715 2058 886 2114 utrique
923 2057 1080 2114 prosit,
1127 2057 1238 2100 inter
1278 2070 1355 2100 nos
1393 2055 1661 2099 familiariter

85 2133 294 2179 ordinare.

203 2211 404 2257 Preterea
432 2226 534 2269 rogo
556 2227 631 2258 vos
652 2213 893 2270 'plurimum
917 2215 960 2256 et
985 2211 1282 2256 amicabiliter:
1316 2215 1364 2255 ut
1384 2225 1546 2256 memor
1567 2212 1660 2256 sitis

85 2289 221 2335 fidelis
251 2291 386 2335 nostri
417 2290 468 2335 N.
503 2295 545 2335 et
574 2291 727 2335 iuvetis
749 2306 845 2335 eum
866 2294 1007 2334 vestro
1030 2290 1205 2333 consilio
1229 2293 1270 2333 et
1291 2289 1448 2333 auxilio
1471 2290 1660 2334 obtinere

86 2368 433 2427 misericor-diam,
451 2369 569 2414 illam
585 2371 923 2428 praeposituram
942 2368 1150 2423 videlicet,
1174 2382 1300 2424 quam
1317 2368 1356 2411 ei
1373 2368 1659 2422 concessistis3

84 2459 164 2492 nec
193 2446 278 2494 uno
310 2447 434 2491 modo
466 2448 602 2505 possit
631 2448 751 2492 vobis
782 2446 1043 2504 persuaderi,
1074 2449 1123 2489 ut
1144 2449 1326 2490 vestram
1359 2446 1458 2489 inde
1488 2446 1659 2490 mutetis

87 2525 359 2569 sentenciam.
406 2525 501 2583 Ipse
533 2526 646 2570 enim
677 2527 721 2569 in
754 2525 868 2569 nullo
902 2537 1021 2582 spem
1053 2523 1180 2567 habet
1211 2527 1308 2581 post
1332 2524 1469 2568 Deum
1501 2524 1583 2567 nisi
1614 2525 1659 2567 in

87 2600 206 2647 vobis
238 2606 280 2647 et
309 2604 355 2647 in
385 2618 453 2648 me
485 2608 582 2662 post
602 2618 689 2648 vos.
736 2603 794 2647 Et
826 2603 925 2660 quia
955 2615 1032 2645 nos
1065 2601 1145 2646 duo
1179 2616 1273 2646 eum
1305 2601 1506 2647 letificare
1535 2602 1659 2647 debe-

87 2694 196 2737 mus,
227 2681 401 2737 dignum
431 2686 497 2726 est
514 2685 570 2727 .et
598 2682 733 2725 honor
763 2684 922 2735 noster,
954 2683 1002 2723 ut
1034 2680 1111 2723 hoc
1140 2679 1320 2724 libenter
1350 2680 1529 2724 faciatis.

182 2773 209 2795 a.
241 2764 324 2804 quod
346 2765 380 2795 Z.
595 2765 625 2796 b.
646 2765 889 2803 wirzburgensis
912 2763 946 2794 Z.

185 2823 217 2859 1.
242 2821 312 2858 fuit
336 2823 432 2859 enim
449 2823 634 2869 Erlungus
654 2821 995 2869 „Babenbergensis
1012 2820 1189 2857 ecclesiae
1206 2821 1440 2858 canonicus“.
1471 2822 1517 2859 V.
1537 2822 1660 2858 Ekke-

88 2881 193 2918 hardi
217 2879 340 2918 chron.
360 2883 472 2928 1105,
503 2883 600 2919 Mon.
625 2882 748 2919 Germ.
772 2881 837 2918 SS.
855 2881 909 2918 VI
935 2881 1016 2916 228.
1137 2882 1171 2917 2.
1205 2881 1390 2928 Erlungus
1421 2882 1660 2918 cancellarius

89 2936 251 2978 Helm-ici
275 2941 327 2978 IV
351 2941 582 2988 imperatoris
611 2942 650 2977 in
683 2941 847 2977 eiusdem
879 2939 1140 2987 diplomatibus
1171 2944 1359 2987 comparet
1386 2952 1409 2977 a
1437 2941 1496 2977 die
1522 2942 1567 2977 15
1593 2942 1658 2977 Iul.

92 3001 186 3037 1103
211 3000 259 3036 ad
283 3000 380 3037 diem
409 3001 453 3037 15
478 3000 583 3037 Febr.
605 3002 708 3036 1105.
744 3001 789 3037 V.
811 2998 962 3046 Stumpf
982 3000 1051 3036 Die
1076 3000 1360 3038 Reichskanzler
1382 3001 1418 3036 II
1443 3002 1524 3038 209.

1731 351 1748 386 l
1756 351 1822 386 105

1686 402 1758 439 post
1778 400 1867 431 Febr.
