2028 3438
422 253 508 297 658
801 266 964 298 EBoms
995 267 1101 297 vrrA
1133 266 1341 298 orrrroms.
1388 267 1475 297 Lm.
1496 266 1548 297 111
1577 265 1599 299 5

278 382 370 417 1127
421 371 544 425 dunt3
577 371 802 427 statimque
833 372 946 429 pium
970 372 1180 427 Ottonem,
1212 372 1326 415 fama
1357 371 1468 428 apud
1499 384 1569 415 eos
1594 370 1864 418 celeberrima
1883 370 1974 419 vul-

241 430 397 469 Apr‘Mai’
420 452 585 504 gatum,
623 452 915 504 agnoscentes,
953 449 1080 492 alacri
1112 449 1332 492 devotione
1363 452 1586 492 occurrunt
1623 448 1853 504 meniaq'ue:
1873 447 1975 493 eivi-

419 525 520 568 tatis
549 525 707 568 intrare
728 526 967 582 deposcunt.
1017 525 1110 580 Qui,
1141 539 1349 568 rennuens
1379 525 1525 569 urbem
1547 525 1752 582 ydolatrie
1782 523 1974 573 sordibus

420 602 623 658 pollutam
653 602 829 656 ingredi,
862 605 958 644 ante
989 605 1153 657 portam
1175 601 1270 645 fixis
1298 603 1488 645 tentoriis
1520 601 1763 655 habitabam.
1785 601 1975 647 iuterim-

421 692 500 734 que
532 679 753 722 accersitos
785 678 838 721 ad
877 692 921 721 se
960 678 1161 734 primates
1199 678 1333 734 plebis
1373 679 1426 722 ad
1460 678 1558 722 fidei
1587 678 1813 723 christiane
1843 680 1887 721 et
1914 677 1975 722 la-

422 755 534 798 vacri
564 754 760 798 salutaris
791 755 968 809 gratiam
1001 755 1108 797 mira
1139 755 1434 813 predicationis
1461 755 1678 799 dulcedine
1708 753 1974 811 provocabat.

422 831 504 875 Sed
536 832 730 886 antiquus
761 831 913 886 hostis,
953 844 1125 875 cernens
1161 831 1248 874 illic
1279 832 1487 875 dominica
1515 832 1632 876 lucra
1662 844 1820 887 suaque
1848 830 1976 876 detri-

420 911 563 951 menta
594 920 874 962 succrescere,
913 908 1114 951 invidiam
1148 922 1246 963 erga
1276 909 1357 952 Dei
1386 909 1588 952 famulum
1612 909 1811 966 ,habitam
1841 908 1977 953 celare

421 998 505 1027 non
533 998 683 1040 passus
704 988 788 1038 est;
821 985 908 1039 sed,
940 985 1114 1027 inmisso
1137 985 1314 1039 quodam
1347 985 1487 1028 fallaci
1517 989 1689 1041 terrore,
1721 999 1817 1029 eum
1837 998 1863 1028 a
1881 984 1975 1029 finie-

420 1060 498 1104 bus
536 1061 621 1103 illis
659 1061 894 1117 propellere
933 1062 1050 1103 nisus
1091 1064 1165 1104 est.
1304 1061 1502 1117 Sequenti
1541 1063 1696 1106 etenim
1731 1066 1864 1110 noctev
1890 1062 1975 1107 dux

420 1137 667 1180 Pomeranie
697 1139 741 1180 in
773 1138 973 1180 auxilium
998 1139 1298 1181 Timinensium
1331 1151 1423 1181 cum
1446 1139 1606 1182 duobus
1637 1139 1902 1195 exercitibus,
1931 1138 1976 1182 id

421 1217 485 1257 est
514 1214 653 1257 navali
686 1217 727 1257 et
758 1215 960 1270 equestri,
999 1215 1252 1271 supervenit.
1306 1215 1363 1258 Et
1393 1219 1586 1271 equester
1617 1217 1822 1260 exercitus
1859 1215 1976 1277 prior

422 1304 638 1334 occurrere
670 1291 888 1345 debuerat;
929 1291 1003 1334 sed
1033 1296 1181 1335 ventus
1217 1292 1484 1347 rapidissimo
1517 1306 1640 1336 cursu
1670 1293 1812 1337 navim
1842 1292 1976 1350 inpel-

419 1367 509 1411 lens
542 1368 715 1411 celerius
747 1368 862 1411 litori
893 1369 1068 1424 appulit.
1115 1368 1321 1424 Equester
1347 1383 1445 1412 vero
1478 1370 1698 1425 exercitus,-
1730 1373 1876 1426 postea
1904 1382 1975 1414 ve-

420 1445 540 1487 niens
572 1445 810 1499 sociamque
847 1448 1050 1500 turmam,
1091 1459 1215 1500 quam
1254 1459 1299 1488 se
1336 1446 1454 1489 tarde
1494 1450 1728 1489 secuturam
1765 1446 1974 1503 sperabat,

419 1521 506 1564 illic
543 1521 780 1575 inveniens,
823 1522 1059 1577 suspicatus
1099 1525 1182 1577 est,
1222 1522 1414 1565 hostilem
1448 1536 1624 1566 cuneum
1662 1536 1707 1566 se
1736 1523 1974 1578 incurrisse,

422 1611 469 1640 eo
492 1598 600 1652 quod
632 1601 741 1641 tetra
771 1598 904 1640 noctis
935 1599 1140 1652 ingruerit
1171 1599 1324 1653 calig03
1358 1600 1582 1654 statimque
1603 1600 1761 1643 elamor
1780 1600 1975 1647 confusus

422 1677 463 1717 et
493 1674 696 1717 tumultus
728 1674 1006 1731 importabilis
1038 1676 1248 1730 utrimque
1280 1677 1479 1718 exoritur.
1527 1676 1754 1720 Universus
1785 1677 1845 1733 pii
1880 1690 1975 1733 pre-

421 1750 523 1793 sulis
546 1751 781 1806 comitatus,
813 1751 941 1793 nimio
963 1755 1121 1794 terrore
1147 1752 1376 1808 perculsus,
1410 1753 1462 1795 ad
1481 1753 1622 1807 fugam
1645 1756 1778 1797 semet
1796 1754 1974 1797 invicem

420 1827 682 1880 cohortatur3
715 1827 951 1870 affirmante
982 1828 1133 1871 domno
1157 1829 1374 1872 Albwino⁸
1405 1829 1634 1885 interprete
1663 1830 1745 1873 viri
1767 1830 1868 1874 Dei:
1899 1844 1976 1887 pa-

420 1916 622 1957 ganorum
654 1902 939 1946 Luticensium
979 1905 1123 1947 adesse
1162 1908 1371 1948 catervam
1410 1909 1451 1949 et
1488 1907 1572 1949 iam
1612 1907 1710 1950 cede
1747 1907 1975 1951 miserabili

420 1979 544 2022 ducis
560 1980 785 2022 exercitum
818 1981 990 2024 laniare.
1039 1981 1194 2025 Doctor
1215 1996 1312 2024 vero
1335 1983 1513 2026 eximius
1539 1984 1714 2027 eundem
1733 1983 1975 2027 Albwinum

420 2056 660 2110 religiosum
692 2057 970 2112 presbiterum
1001 2057 1100 2100 illuc
1131 2058 1320 2102 celeriter
1351 2073 1426 2115 pro
1458 2060 1748 2114 investiganda
1776 2060 1839 2104 rei
1866 2061 1974 2104 veri-

420 2135 506 2175 tate
538 2133 786 2175 transmisit.
835 2133 934 2187 Qui,
965 2133 1128 2176 flumini
1159 2136 1344 2178 concitus
1376 2150 1420 2179 se
1450 2136 1648 2191 iniciens,
1681 2150 1728 2179 eo
1760 2137 1870 2192 quod
1899 2151 1974 2181 na-

420 2209 538 2251 tandi
577 2209 737 2264 peritus
779 2213 909 2264 esset,
949 2214 1099 2265 pacata
1129 2211 1214 2253 iam
1247 2213 1386 2254 omnia
1421 2213 1599 2268 reperit,
1639 2213 1737 2268 quia
1767 2214 1974 2257 exercitus

419 2268 488 2327 illi'
514 2285 624 2328 cives
657 2298 701 2328 se
732 2286 901 2328 tandem
932 2285 1300 2341 recognoverant'3
1335 2291 1376 2330 et
1400 2288 1603 2331 diabolico
1635 2302 1775 2345 errore
1805 2291 1849 2333 se
1879 2303 1974 2346 pre-

421 2365 567 2404 ventos
600 2362 854 2405 asserebant.
907 2362 1005 2405 Dux
1038 2366 1176 2406 autem
1197 2363 1470 2419 Wortizlaus,
1509 2365 1560 2408 de
1591 2365 1772 2409 adventu
1801 2366 1862 2422 pii
1899 2380 1974 2423 pa-

422 2438 545 2480 storis
576 2438 688 2480 ultra
709 2451 831 2492 quam
856 2439 968 2481 credi
1000 2443 1137 2494 potest
1166 2439 1412 2494 gratulatus,
1444 2442 1617 2484 mandat
1647 2442 1704 2485 ei:
1737 2443 1826 2485 sine
1855 2456 1976 2488 mora

421 2514 465 2556 in
496 2514 734 2557 ulteriorem
769 2514 848 2557 sibi
879 2515 1015 2570 ripam
1038 2529 1273 2569 occurrere3
1307 2513 1461 2572 dicens,
1495 2518 1624 2560 divini
1657 2532 1746 2562 esse
1768 2519 1972 2575 miraculi,

423 2590 532 2644 quod
571 2590 695 2633 biduo
733 2590 792 2633 ibi
830 2591 940 2634 inter
975 2595 1063 2635 tam
1102 2593 1267 2636 crebras
1305 2593 1486 2636 hostium
1517 2594 1793 2638 discursiones
1831 2595 1973 2639 illesus

421 2667 665 2721 permansit.
712 2666 770 2709 Et
792 2681 837 2710 re
859 2681 970 2722 vera,
1001 2668 1084 2711 nisi
1107 2669 1362 2712 validissima
1382 2669 1462 2712 Dei
1492 2671 1749 2725 protectione
1773 2675 1974 2728 tanquam

422 2745 538 2784 scuto
570 2743 887 2798 inexpugnabili
918 2744 1187 2788 obumbratus
1218 2746 1378 2800 fuisset,
1411 2759 1504 2788 cum
1525 2747 1638 2789 omni
1670 2761 1744 2790 suo
1774 2748 1975 2791 comitatu

421 2817 535 2860 nullo
567 2819 787 2862 resistente
817 2820 1041 2864 interisset.
1095 2820 1194 2864 Mox
1225 2825 1385 2876 autem,
1425 2824 1470 2864 ut
1506 2822 1630 2865 terris
1662 2823 1749 2867 dies
1787 2826 1851 2867 est
1879 2823 1974 2867 red-

518 2925 545 2946 a.
576 2917 690 2946 Alwino
717 2917 743 2947 C
759 2917 815 2948 Ιιοο
838 2918 911 2950 loco.

516 2979 547 3013 1.
575 2980 753 3015 exercitus
778 2981 828 3015 illi
853 2981 925 3016 duo
951 2986 1207 3027 cognoverant,
1234 2993 1273 3018 se
1299 2983 1396 3018 cives
1422 2983 1618 3027 (concives)
1643 2994 1736 3020 esse.
