2028 3438
296 364 387 399 1079

299 411 386 442 Febr.

245 2428 337 2462 1080

194 2476 387 2505 Iun.incunte

416 238 500 281 126
890 250 1109 281 unstruot
1138 249 1306 281 conax.
1354 248 1410 282 59.
1429 247 1475 282 co

412 355 526 410 capti
563 354 668 409 sint,
709 355 973 411 apertissime
1003 355 1178 411 potestis
1210 361 1492 409 cognoscere⁰.
1545 354 1603 397 Et
1633 354 1670 398 si
1698 353 1800 410 quid
1817 353 1964 399 adhuc

411 430 670 486 remanserit,
692 444 768 487 per
785 431 1002 488 episcopos
1017 430 1247 475 Metensem
1259 428 1270 448 ¹
1290 434 1333 475 et
1347 427 1686 474 Pataviensemb?
1706 432 1751 474 et
1766 429 1963 475 'abbatem

410 503 726 562 Augiensem⁰⁸‚
772 507 843 563 qui
881 507 1097 551 nobiscum
1134 506 1260 551 finem
1301 508 1363 551 rei
1401 506 1695 563 praestolando
1732 509 1962 563 moraniur,

409 596 505 626 cum
536 584 589 626 ad
618 596 692 626 vos
722 584 805 640 ipsi
835 583 1136 640 pervenerintd,
1169 584 1289 639 quasi
1319 584 1364 626 iu
1394 587 1592 640 promptu
1611 583 1774 627 habetis
1805 583 1960 630 audire.

409 659 626 703 Postremo
656 659 735 703 hoc
763 674 837 703 vos
867 661 1060 715 ignorare
1090 660 1296 716 nolumus,
1329 660 1428 716 quia
1458 660 1572 713 omni
1603 673 1686 716 qua
1705 663 1873 716 oportet
1895 659 1963 705 in-

411 736 580 792 stantia,
611 749 706 779 cum
736 737 937 780 orationis
966 740 1134 780 nostrae
1166 737 1409 780 assiduitate
1437 740 1524 780 tum
1559 735 1686 780 officii
1704 736 1839 780 nostri
1867 749 1964 792 gra-

409 813 553 867 vitate,
586 816 628 856 et
658 814 950 869 prospiciendo
972 813 1186 857 consulere
1207 817 1250 857 et
1269 812 1520 857 consulendo
1540 813 1780 870 prospicere
1799 812 1963 857 vestrae

409 889 652 932 necessitati
681 902 766 932 non
796 889 1047 933 dubitamus.

526 965 800 1009 Audivimus⁰
831 966 882 1009 de
912 969 1051 1009 vestro
1083 965 1464 1022 archiepiscopatu‘
1493 965 1859 1021 Magdeburgensi:
1884 966 1962 1011 in-

410 1041 720 1097 disciplinatam
752 1043 1010 1098 quorundam
1050 1043 1235 1086 eiusdem
1266 1042 1463 1086 ecclesiae
1503 1041 1684 1085 filiorum
1714 1055 1790 1099 pro
1814 1042 1962 1099 'acqui-

408 1118 538 1161 rendo
570 1118 747 1161 seculari
778 1118 961 1161 ambitus
990 1119 1146 1162 honore
1178 1118 1366 1162 obortam
1401 1119 1530 1162 fuisse
1561 1119 1888 1173 contentionem3
1920 1121 1962 1162 et

410 1195 649 1250 eorundem,
675 1195 809 1250 quod¹¹
831 1195 958 1239 etiam
979 1209 1073 1239 cum
1094 1195 1396 1239 erubescentia*
1418 1195 1607 1250 dicimus,
1631 1195 1783 1239 bonam
1803 1199 1845 1239 et
1865 1208 1962 1238 con-

408 1271 642 1314 venientem
676 1271 729 1314 ad
758 1271 836 1315 hoc
872 1285 976 1329 opus
1006 1285 1091 1315 non
1130 1285 1220 1315 esse
1256 1272 1626 1315 conversationem.
1679 1271 1792 1323 Quos
1826 1271 1961 1317 modis

409 1347 600 1391 omnibus
633 1361 685 1390 ex
705 1348 954 1405 praeceptok
974 1348 1053 1391 Dei
1075 1347 1372 1404 omnipotentis
1394 1351 1436 1392 et
1455 1349 1589 1391 sancti
1609 1348 1724 1392 Petri
1744 1351 1786 1392 et
1804 1351 1960 1403 nostro,

408 1437 461 1468 ne
491 1423 572 1467 sibi
601 1424 646 1466 in
674 1424 812 1467 locum
833 1424 1144 1481 dampnationis
1174 1423 1340 1467 culmen
1371 1425 1575 1481 arripiant
1602 1422 1838 1481 regiminisg
1863 1438 1960 1483 pro-

407 1500 566 1554 hibete3
607 1503 649 1543 et
684 1500 789 1544 Deo¹
827 1501 999 1556 dignum
1037 1501 1390 1556 dispensatorem,
1434 1504 1560 1557 prout
1595 1501 1661 1544 ius
1699 1500 1893 1557 postulat*
1919 1504 1962 1544 et

409 1577 531 1631 ordo,
570 1590 664 1620 cum
695 1580 840 1620 nostra
869 1577 1082 1620 voluntate
1119 1580 1160 1620 et
1195 1576 1423 1633 apostolica
1452 1578 1739 1621 benedictione
1778 1582 1820 1622 et
1849 1590 1960 1622 com,-

407 1653 525 1696 muni
555 1652 740 1695 omnium
771 1653 975 1697 bonorum
1005 1658 1091 1697 tam
1123 1654 1367 1697 clericorum
1389 1667 1512 1709 quam
1539 1654 1740 1698 laicorum
1761 1654 1960 1698 electione

408 1729 629 1785 disponite.
677 1729 761 1773 Vos
793 1730 903 1784 enim
933 1731 1016 1787 ipsi
1046 1731 1192 1786 nostis,
1224 1731 1335 1787 quod
1362 1731 1407 1773 in
1434 1731 1735 1775 constituendis
1755 1731 1959 1788 episcopis

407 1805 597 1860 neglecta
635 1809 872 1849 sanctorum
910 1810 1077 1863 patrum
1114 1808 1309 1851 instituta
1337 1807 1468 1862 hunc,
1501 1808 1573 1863 qui
1603 1806 1726 1850 modo
1757 1806 1958 1861 funditur,

407 1882 654 1936 sanguinem
697 1886 948 1937 genuerunt3
1005 1887 1048 1927 et
1093 1884 1246 1940 adhuc,
1298 1884 1381 1927 nisi
1425 1884 1744 1940 provideantur,
1795 1884 1959 1941 peiores

406 1958 615 2015 prioribus
647 1972 808 2003 errores
837 1960 1015 2003 fovendo
1046 1961 1297 2017 parturiunt.

411 2097 491 2143 60.
521 2100 795 2142 Huzmamzus
843 2102 1060 2158 episcopus
1101 2102 1316 2158 Spirensis
1364 2103 1568 2158 episcopis
1613 2110 1651 2144 et
1689 2102 1957 2158 principibus

525 2176 818 2233 Lonyobardis
849 2178 1075 2234 siqnfficat,
1117 2179 1363 2234 Moyzmtiae
1393 2179 1597 2220 decretum
1632 2190 1735 2231 esse,
1772 2186 1820 2222 ut
1852 2176 1957 2223 Gre-

484 2303 486 2305 ,
521 2255 642 2309 9ονίο
668 2253 760 2296 VII
777 2269 921 2310 papae
952 2263 1215 2297 exauctorato
1248 2269 1456 2297 successor
1491 2242 1692 2297 daretur)
1724 2254 1881 2307 Monet,
1913 2263 1960 2297 ut

500 2326 502 2328 ’
523 2344 660 2372 secum
689 2332 988 2374 consentiantm.
1781 2329 1833 2383 (E
1857 2330 1957 2383 161)

523 2416 572 2459 In
610 2418 777 2461 domino
815 2418 1078 2461 dominorum
1124 2417 1345 2472 diligendis
1389 2417 1713 2474 archiepiscopis
1750 2418 1956 2475 episcopis

406 2492 604 2536 ducibus¹¹
641 2494 949 2538 marchionibus
988 2494 1207 2538 comitibus
1245 2507 1323 2537 nec
1352 2507 1436 2536 non
1473 2494 1599 2537 etiam
1636 2494 1764 2538 totius
1793 2493 1957 2550 Longo-

499 2595 525 2615 α.
559 2561 721 2624 agnoscere
749 2587 815 2617 ΘΒ.
917 2588 948 2618 b.
979 2588 1156 2626 Papiensem
1181 2587 1212 2624 V,
1236 2587 1421 2625 Papyensem
1443 2586 1477 2615 Z.
1570 2595 1595 2617 c.
1626 2587 1848 2625 Augustensem
1865 2587 1956 2619 VZG'.

366 2651 368 2653 >
407 2637 437 2667 d.
468 2638 605 2667 venerint
622 2639 679 2669 VZ.
784 2649 809 2669 e.
840 2640 1018 2670 Audivimus
1038 2656 1069 2660 —
1087 2640 1258 2678 parturiunt
1278 2649 1334 2669 om.
1349 2639 1387 2668 B.
1499 2638 1520 2667 f.
1554 2639 1676 2678 archiep
1699 2639 1733 2670 G.
1843 2650 1871 2678 g.
1903 2641 1955 2670 ha-

405 2689 471 2733 bitu
484 2690 542 2726 VZ,
566 2690 679 2720 ambitu
697 2691 731 2721 G.
766 2683 914 2731 Sequitur
928 2693 962 2723 in
976 2692 1132 2723 codicibus
1147 2693 1186 2729 et,
1209 2691 1290 2731 quod
1302 2690 1427 2721 verbum
1448 2690 1613 2721 tollendum
1628 2690 1713 2722 duxi.
1795 2692 1827 2722 h.
1852 2694 1903 2731 qui
1921 2692 1955 2723 G.

405 2742 427 2771 i.
459 2750 526 2771 cum
549 2741 757 2773 erubescentia
774 2744 832 2781 VZ,
856 2745 1060 2775 erubescendo
1082 2745 1116 2775 G.
1209 2745 1239 2775 k.
1273 2744 1396 2782 excepto
1418 2742 1453 2772 G.
1542 2743 1563 2772 l.
1595 2743 1653 2773 Dei
1673 2744 1708 2773 G.
1796 2754 1836 2774 m.
1867 2754 1905 2775 ca:
1933 2745 1960 2775 V

396 2793 464 2830 72,
487 2793 562 2832 Zp.
578 2795 776 2833 129—130,
803 2796 907 2837 063,
930 2798 961 2827 Β
982 2798 1043 2828 46':
1070 2798 1163 2827 Item
1185 2795 1258 2834 (om.
1273 2794 1319 2833 B)
1348 2795 1520 2834 epistola
1546 2795 1723 2826 Heinrici
1751 2797 1954 2836 Spirensis

369 2847 584 2889 „epi-scopi
616 2849 748 2877 contra
779 2858 884 2887 quem
917 2859 1048 2888 supra3
1093 2849 1119 2879 G
1146 2850 1317 2879 57v—58
1349 2848 1415 2878 sinc
1447 2847 1593 2878 lemmate.
1767 2859 1797 2879 n.
1829 2849 1954 2879 ducibus

388 2914 390 2916 ·
406 2907 462 2928 om.
481 2897 595 2928 VZOB.

501 2956 533 2990 1.
558 2956 836 2994 Herm-annum„
935 2960 968 2993 2.
994 2957 1241 2994 Altmannum.
1359 2958 1394 2993 3.
1418 2957 1610 2993 Ecardum.
