2028 3438
458 258 624 291 neoms
656 259 760 289 VITA
792 257 1003 289 o'r‘roms.
1050 257 1214 288 LIB.111
1244 253 1266 288 7
1561 244 1643 287 661

67 355 283 419 'adventus
313 365 395 423 sui,
427 369 470 411 et
500 365 681 423 qualiter
711 365 766 409 ad
797 364 1051 421 colloquium
1076 363 1254 408 Uznoim
1286 363 1477 407 habitum
1509 363 1649 407 ounoti
1729 369 1821 426 1127

0 452 2 506 ff
71 433 305 503 principes,
337 443 542 488 abdicatis
563 443 771 502 ydolatrie
793 442 1000 498 sordibus,
1033 441 1191 486 Christi
1215 441 1397 496 gratiam
1418 440 1645 484 induerint.
1670 419 1876 459 postMa1.22

68 511 167 567 Ἠδὸ
191 520 266 566 illa
286 512 461 566 audiens
480 521 586 566 ’adeo
612 521 798 579 expavit,
830 524 891 576 ut,
922 523 1035 564 terre
1065 518 1358 577 procumbens,
1392 518 1464 562 diu
1496 519 1648 562 semia-

75 592 206 645 nimis
241 600 505 645 remanserit.
566 599 701 651 Quam
741 612 852 655 aqua
889 597 1166 642 refocillatam
1207 596 1386 639 domnus
1426 596 1647 640 Albwinus

75 677 299 735 requirere
321 677 458 735 copiti
487 689 562 721 cur
591 676 672 720 Dei
703 676 883 731 gratiam
917 675 1019 719 adeo
1052 674 1351 730 exhorruisset,
1385 686 1478 718 oum
1511 674 1647 729 magis

71 746 208 800 letari*
223 755 446 811 debuerit,
483 754 594 812 quod
624 754 740 798 Deus
771 754 961 798 visitavit
991 753 1157 810 plebem
1190 765 1331 808 suam,
1370 752 1576 795 mittendo
1609 752 1648 796 ei

67 822 185 878 μιῇ
203 833 402 878 idoneum
433 832 549 877 verbi
581 832 835 876 ministrum.
889 831 949 875 At
986 831 1080 874 illa:
1120 831 1221 874 Non
1257 822 1338 888 pro
1370 831 1447 874 hoc
1484 829 1544 873 ait
1575 830 1647 873 05-

72 913 244 970 stupa,-
279 912 355 955 sed
381 913 519 969 maqis
551 926 635 969 pro
667 926 764 954 nece
794 919 931 954 vestra
966 912 1054 953 iam
1084 912 1254 967 iamque
1282 910 1521 952 imminenti
1549 923 1648 951 eon-

77 985 246 1035 tremuit
275 1004 349 1036 cor
375 1004 525 1033 meum.
581 990 698 1032 Nam
729 991 1000 1046 maqistratus
1033 989 1213 1031 civitatis
1244 988 1368 1030 liuius
1408 1002 1501 1030 cum
1535 988 1652 1030 omni

70 1068 196 1127 ‘plebe
224 1069 477 1126 dispositum
507 1067 640 1122 babet,
672 1075 731 1119 ut,
765 1068 805 1109 si
833 1068 1002 1123 uspiam
1033 1067 1337 1124 apparueritis,
1370 1067 1460 1108 eine
1490 1073 1648 1108 retrac-

41 1157 43 1159 ’
68 1135 261 1191 'idione'
288 1147 553 1190 occidamini.
608 1145 668 1188 Et
695 1145 768 1187 hec
799 1145 946 1187 domus
978 1159 1090 1197 mea,
1131 1158 1293 1201 semper
1325 1145 1466 1200 quieta
1497 1151 1535 1186 et
1564 1158 1648 1200 pa—

78 1224 211 1280 ctfl'ca,
245 1224 435 1268 omnibus
465 1224 700 1282 pereyrinie
732 1222 1115 1280 supervenientibus·
1146 1222 1369 1279 hospitalis
1397 1221 1505 1278 fuit,
1538 1236 1651 1264 nunc

72 1306 174 1346 vero
213 1303 427 1360 sanquine·
455 1309 589 1345 vestro
622 1301 950 1344 contaminanda
989 1301 1078 1343 erit.
1137 1300 1201 1343 Re
1230 1315 1330 1342 vera
1368 1314 1570 1356 namque,
1613 1301 1654 1341 ei

78 1365 240 1438 aliquia
272 1368 595 1438 mayistratuum
631 1380 851 1422 introitum
891 1386 1073 1421 vestrum
1113 1379 1193 1421 huc
1231 1378 1525 1435 deprehendit,
1573 1377 1652 1419 bac

78 1458 183 1502 hora
214 1459 363 1502 domus
393 1472 486 1500 mea
517 1457 733 1501 obsidione
763 1456 1013 1506 vallabitur;
1055 1465 1092 1499 et
1130 1471 1202 1512 eqo
1240 1455 1414 1511 infeli-v,
1454 1457 1542 1498 nisi
1578 1470 1650 1498 voe

77 1537 308 1590 tradidere,
341 1537 437 1593 iyni
465 1550 559 1578 cum
590 1535 781 1578 omnibus
811 1536 914 1577 meis
947 1534 1254 1577 concremabor.
1296 1533 1523 1576 Ascendite
1554 1547 1651 1590 erqo

77 1614 377 1672 in''’8uperiora
408 1614 556 1657 domus
586 1628 673 1656 mee
702 1614 844 1670 ibique
876 1612 1047 1655 latitate.
1101 1611 1160 1654 Et
1190 1626 1262 1668 eqo
1293 1612 1509 1654 ‘ministros
1540 1625 1651 1654 meos

71 1693 173 1736 'cum
203 1693 364 1736 exuviis
394 1693 543 1735 vestris
566 1700 690 1748 atque
712 1690 886 1733 caballis
918 1691 975 1733 ad
1005 1692 1252 1732 remae-iores
1282 1689 1407 1732 villae
1440 1704 1551 1731 meas
1584 1690 1650 1731 di-

77 1755 243 1828 riy‘am5
270 1778 337 1823 ut,
370 1771 411 1813 si
438 1771 628 1813 venerint
655 1770 947 1825 inquisitores,
988 1768 1114 1810 libere
1143 1782 1216 1810 vos
1248 1782 1446 1810 eata-usare
1475 1768 1649 1824 poesim,

79 1862 172 1891 cum
201 1862 278 1891 nec
306 1849 550 1891 indumenta
581 1856 718 1890 vestra
748 1861 823 1889 nee
854 1846 1012 1888 caballi
1041 1847 1160 1903 apud
1189 1860 1254 1901 ‘me
1273 1845 1650 1902 deprehendantur.

78 1924 147 1969 Illi
177 1935 298 1980 vero,
337 1925 408 1982 pie
439 1924 528 1968 eius
560 1924 792 1981 provisioni
824 1923 983 1978 gratias
1016 1925 1209 1978 agentes,
1241 1922 1432 1966 fecerunt
1462 1926 1510 1966 ut
1541 1923 1653 1966 docti

79 2005 213 2048 erant-
263 2001 500 2059 Statimque
532 2001 737 2045 ministris
770 2000 954 2044 caballos
985 2013 1128 2043 eorum
1162 2003 1204 2044 et
1234 2003 1372 2043 vestes
1406 2000 1651 2044 abducenti-

78 2079 172 2137 bus',
203 2084 301 2138 post
331 2079 568 2124 modicum*
600 2079 719 2137 plebs
749 2078 977 2122 furibunda
1005 2078 1181 2135 irrupit3
1215 2077 1439 2134 omniaque
1461 2081 1652 2122 scrutan-

79 2155 167 2215 tos,
209 2157 454 2216 peregrinos
484 2157 571 2201 illie
601 2157 814 2212 ingressos
845 2155 1050 2199 violenter
1082 2155 1132 2199 ad
1171 2158 1351 2199 mortem
1384 2155 1650 2213 expetebant.

80 2235 239 2290 Quibus
261 2238 397 2281 mater
416 2235 623 2279 familias:
656 2235 834 2286 Fateor,-
867 2234 927 2277 ait
948 2236 1117 2278 domum
1138 2249 1272 2277 meam
1299 2236 1482 2291 inqressi
1510 2242 1607 2277 eunt
1621 2230 1628 2250 ¹
1636 2250 1651 2285 ‚-

80 2319 120 2359 εἰ
149 2315 402 2371 sufficienter
421 2313 568 2370 refecti
595 2314 775 2356 velocius
798 2314 1001 2356 abierunt.
1049 2313 1108 2355 Et
1130 2327 1217 2368 eqo,
1254 2314 1330 2369 qui
1358 2312 1423 2354 vel
1453 2313 1564 2355 unde
1588 2327 1650 2355 es-

80 2401 171 2436 sent
199 2401 275 2436 aut
305 2407 387 2450 quo
410 2393 633 2445 tenderent,
669 2392 893 2449 explorare
923 2405 1007 2433 non
1037 2392 1172 2447 potui.
1221 2389 1462 2446 Sequimini
1491 2397 1651 2440 autem,-

81 2479 119 2515 et
137 2470 331 2528 forsitan
352 2470 704 2528 comprehendetis
728 2465 830 2512 eos'.
880 2467 947 2511 Illi
970 2481 1090 2511 vero:
1125 2467 1180 2511 Si
1200 2467 1419 2523 inquiunt⁰
1442 2467 1648 2520 abierunt,

80 2563 237 2592 vanum
258 2556 317 2592 est
337 2563 403 2591 eos
429 2549 598 2605 insequi
603 2563 617 2598 ,·
649 2548 722 2590 sed
753 2549 864 2589 viam
896 2561 1016 2589 suam
1046 2554 1248 2602 perqant,·
1281 2554 1319 2588 et
1348 2547 1388 2587 ei
1417 2546 1551 2588 denuo
1584 2545 1652 2588 hic

81 2628 381 2684 apparuerint,
422 2628 550 2669 morti
585 2640 628 2668 ee
663 2625 815 2682 procul
850 2624 976 2667 dubio
1015 2624 1285 2666 involvendos
1324 2624 1472 2666 sciant.
1594 2621 1652 2665 Et

81 2704 142 2748 sie
172 2703 394 2760 inquisioio
427 2716 571 2746 eorum
602 2702 682 2746 Dei
721 2705 827 2745 nutu
858 2703 1024 2744 cassata
1060 2703 1143 2753 est3
1183 2699 1377 2756 servique
1408 2699 1490 2743 Dei
1521 2699 1650 2743 Udal-

80 2781 194 2826 ricus
215 2784 258 2825 et
277 2780 497 2825 Albwinus
530 2781 575 2824 in
596 2775 773 2824 solario³
796 2782 988 2822 matrone
1018 2778 1146 2833 illius,
1178 2777 1294 2821 velut
1325 2777 1497 2822 alterius
1518 2777 1649 2832 Raab,

83 2859 317 2904 absconditi
351 2858 578 2903 latuerunt.

180 2970 207 2991 a.
239 2960 420 2991 retractione
446 2959 477 2991 C.
602 2959 631 2990 b.
664 2958 795 2989 modficfi
822 2957 852 2989 0.
978 2965 1003 2987 c.
1036 2956 1136 2996 inquit
1159 2954 1190 2987 0.

180 3025 213 3060 1.
238 3024 346 3060 Iosue
371 3024 404 3070 2,
429 3023 464 3059 4.
608 3024 642 3059 2.
667 3022 775 3059 Iosue
801 3023 834 3068 2,
859 3021 893 3057 5.
1038 3020 1072 3056 3.
1097 3020 1206 3056 Iosue
1230 3020 1263 3066 2,
1290 3020 1324 3055 6.
