2028 3438
574 222 797 254 nnsnmor
813 222 996 254 oonnx.
1047 220 1131 255 123..
1147 220 1214 254 124
1597 211 1684 255 235

120 347 194 374 vav-ue
220 329 347 382 Quod
366 330 410 375 si
424 329 682 387 permiseris,
704 330 883 374 nimium
906 343 932 374 a
950 332 993 374 te
1013 329 1492 388 dilabeturimperium
1525 344 1685 387 nosque

108 407 329 465 puniemur..
355 407 610 453 non-solum
639 421 784 453 rerum
815 411 1056 452 nostrarum
1088 408 1424 465 inrecuperabile
1453 407 1684 464 dampnum

107 484 184 532 ned
205 485 343 530 'stiam
367 485 614 531 *mamam
653 486 766 529 vitae
804 485 1054 543 periculum.
1109 485 1325 530 Timemus
1365 486 1478 530 enlm
1514 489 1557 529 et
1586 500 1685 530 vere

106 561 404 620 desperamus,
424 563 549 619 quod
579 566 728 608 contra
757 567 822 607 tot
861 563 1075 621 principes
1101 563 1161 607 -ad
1200 563 1374 619 longum
1413 567 1580 621 tempus
1612 564 1685 608 de-

105 639 279 685 fenden
305 640 456 685 urbem
488 655 573 685 non
603 641 841 696 valeamus3
880 641 966 685 nisi
1005 644 1079 684 aut
1115 644 1164 685 tu
1200 641 1294 699 ipse
1324 642 1470 686 venias
1507 645 1580 685 aut
1611 642 1684 685 ad-

106 716 451 764 iutorium-{utile
488 719 611 763 nobis
649 720 808 763 mittas.
870 718 1196 763 Commonemus
1237 733 1335 775 ergo
1367 723 1410 774 te
1450 723 1493 779 et
1532 721 1685 765 obnixe

106 802 335 851 rogamus:
357 799 512 841 ut-nos
543 797 589 841 in
619 797 797 841 instanti
827 797 915 840 iam
945 797 1196 842 necessitate
1226 811 1312 842 non
1341 798 1555 854 negligas3
1596 799 1684 854 sed,

107 873 525 932 quantociuspossis
557 875 808 930 adveniens,
848 875 1021 932 proprio
1058 876 1219 919 nomini
1258 875 1428 932 honori,
1471 890 1521 921 ac
1558 876 1684 920 saluti

106 950 711 998 fidelium-ttnorum-consulas.
752 953 849 996 Non
869 953 1084 1009 desoleriS‚
1107 953 1157 1010 si,
1180 957 1383 1010 quantam
1400 954 1518 1011 velis,
1542 955 1685 999 multi·-

106 1030 299 1090 tudincm
329 1029 490 1075 habere
516 1039 603 1076 non
633 1031 791 1089 possis3
824 1031 899 1075 sed
930 1031 1195 1076 consolemur
1224 1032 1420 1089 invicem,
1459 1037 1502 1077 et
1530 1047 1608 1077 nos
1639 1034 1684 1077 in

107 1111 150 1152 te
181 1111 224 1153 et
253 1111 300 1152 tu
330 1108 375 1152 in
406 1108 542 1153 nobis.

135 1193 171 1224 h·
205 1192 210 1208 ··’
228 1185 384 1232 Omnes
415 1187 529 1231 enim
559 1187 935 1244 comprovinciales
966 1187 1103 1231 nostri
1134 1201 1187 1232 ex
1218 1191 1397 1245 utraque
1429 1191 1550 1246 parte
1578 1189 1683 1233 Reni

107 1264 436 1310 coniuraverunt
465 1265 693 1322 persistere
713 1265 945 1309 nobiscum.
994 1264 1075 1317 Qui
1096 1266 1303 1323 proxime,
1324 1267 1543 1311 nobiscum
1565 1268 1685 1312 iuxta

107 1343 322 1390 civitatem
353 1346 544 1389 nostram
581 1345 847 1400 congregati,
889 1344 1051 1399 equites
1092 1347 1134 1387 et
1174 1344 1338 1401 pedites
1376 1346 1527 1401 viginti
1565 1346 1684 1390 milia

106 1421 321 1467 numerati
348 1425 498 1466 sunt·-
583 1421 742 1474 Quodsi
771 1422 850 1465 hac
880 1421 971 1465 sola
1007 1422 1263 1480 impulsione
1294 1423 1384 1467 Deo
1421 1424 1685 1481 propiciante

107 1500 369 1556 vicerimus,
396 1500 632 1545 securiores
673 1500 943 1558 postmodum
983 1505 1030 1544 tu
1065 1500 1110 1544 in
1149 1514 1278 1556 regno
1319 1505 1362 1545 et
1400 1515 1477 1546 nos
1509 1503 1554 1545 in
1592 1502 1684 1546 loco

106 1574 251 1623 nostro
282 1578 559 1623 manebimus.

115 1679 118 1683 ·
167 1688 169 1690 -
212 1656 311 1701 vVix
339 1657 426 1701 iam
464 1657 756 1714 transscriptis
787 1656 962 1712 litteris,
1003 1669 1099 1700 ecce
1137 1657 1225 1700 iam
1263 1656 1370 1700 alius
1408 1657 1530 1702 nobis
1568 1659 1685 1702 venit

106 1735 294 1780 nuntiusv
313 1735 475 1780 dicens:
509 1735 847 1792 archiepiscopos
873 1732 1199 1779 Treverensem¹
1224 1734 1542 1780 Coloniensem²
1564 1737 1684 1781 iuxta

106 1812 328 1859 Mosellam
367 1826 469 1857 cum
514 1813 874 1871 supranominatis
920 1813 1075 1857 habere
1122 1818 1396 1869 conventum3
1451 1818 1682 1859 tractantes

105 1895 256 1937 contra
282 1891 487 1936 honorem
527 1895 570 1936 et
599 1891 824 1948 imperium
857 1895 977 1935 tuum
1019 1895 1062 1935 et
1092 1895 1239 1936 contra
1277 1892 1456 1937 salutem
1496 1894 1681 1937 omnium

106 1972 314 2015 nostrum.

113 2113 230 2163 124.
254 2114 482 2159 Paeo-halis
508 2114 565 2157 II
588 2130 709 2172 papa
741 2129 880 2157 omnes
915 2111 1159 2158 Galliarum
1186 2116 1336 2170 fideles
1376 2116 1590 2169 hortatur,
1632 2132 1684 2160 ne

254 2193 502 2245 'Silvestrem
522 2193 606 2236 III
630 2194 883 2250 antipapam
914 2199 1093 2236 curenffl.
1503 2193 1555 2247 (E
1578 2193 1681 2247 239)

227 2281 440 2326 Pascalisb
473 2282 694 2340 episcopus
718 2296 863 2325 servus
886 2296 1103 2326 servorum
1126 2281 1206 2325 Dei
1228 2282 1437 2339 episcopis
1460 2283 1682 2327 abbatibus

107 2360 372 2418 principibus
403 2359 608 2404 militibus
642 2363 684 2404 et
715 2359 908 2403 omnibus
941 2359 1133 2404 fidelibus
1163 2374 1240 2418 per
1271 2361 1490 2405 universas
1522 2360 1682 2406 Gallias

109 2438 289 2484 salutem
320 2442 363 2483 et
393 2438 668 2496 apostolicam
700 2438 1048 2482 benedictionem.

227 2516 261 2560 F
264 2516 556 2560 raternitatem
577 2519 762 2560 vestram
793 2515 925 2559 latere
956 2516 1166 2571 nolumus,
1199 2529 1307 2572 quae
1329 2516 1395 2559 his
1420 2517 1681 2574 temporibus

109 2594 222 2652 apud
252 2607 329 2638 nos
361 2594 613 2638 acciderunt.

227 2671 354 2716 Venit
385 2671 556 2728 quidam
587 2671 853 2727 Wernerius,
886 2672 1005 2726 regni
1037 2671 1256 2715 Teutonici
1287 2671 1491 2729 famulus,
1524 2673 1568 2715 in
1600 2672 1681 2716 Ro-

110 2763 260 2794 manae
290 2750 407 2794 urbis
438 2749 592 2805 vicina,
624 2749 895 2794 evocantibus
919 2762 1014 2792 eum
1044 2748 1293 2805 quibusdam
1320 2749 1506 2807 perfidae
1527 2751 1680 2795 mentis

203 2902 230 2923 a.
263 2902 301 2923 eae
324 2893 350 2923 V
367 2892 595 2929 zoe—low,
619 2892 647 2923 Ζ
661 2902 694 2932 p.
711 2892 789 2922 229.
958 2892 987 2922 b.
1019 2891 1179 2923 Pascasius
1198 2892 1229 2930 V,
1252 2892 1285 2923 P.
1302 2893 1336 2924 Z.

206 2993 238 3029 1.
263 2992 484 3029 Brunonem.
630 2993 664 3029 2.
689 2991 914 3028 Friderioum
936 2991 965 3027 Ι.

1737 341 1829 377 1105

1749 393 1818 420 ante

1714 432 1797 472 Sept.
1813 433 1853 463 29

1734 2292 1826 2328 1105

1709 2341 1784 2371 Nov.
1801 2342 1840 2371 26

1710 2683 1785 2713 Nov.
