2028 3438
436 243 675 275 antinoum
705 243 948 275 mametis.
998 245 1086 275 1213.
1109 245 1143 275 11
1178 243 1295 276 16.17
1566 233 1651 276 759

75 349 241 399 lefactis
280 353 326 395 et
360 351 404 395 in
437 364 546 407 aqua
576 350 714 395 calida
745 350 891 395 eodem
925 351 1062 394 nitore
1094 365 1142 394 ac
1175 353 1423 396 verecundie
1455 353 1651 397 observa-
1678 363 1771 398 1124

73 427 206 484 tione,
244 427 416 473 infossis
447 427 572 472 doliis
604 432 646 472 et
676 428 848 472 cortinis
881 428 1094 484 adhibitis,
1132 429 1254 473 thure
1287 444 1452 486 quoque
1484 434 1526 474 et
1557 431 1650 474 aliis
1688 412 1752 442 ¹⁰¹¹‘

77 505 298 551 odoriferis
330 505 551 563 speciebus
581 509 734 551 cuncta
771 506 1132 563 respergentibus,
1172 507 1413 551 veneranda
1449 507 1649 564 baptismi

77 583 258 627 confecit
289 586 568 627 sacramenta.
615 583 702 627 Nec
733 584 909 640 mirum,
950 588 991 628 te
1022 584 1106 628 ista
1136 585 1296 628 mirari.
1345 585 1538 640 Etenim,
1579 586 1649 641 qui

77 673 134 705 ea.
159 660 363 716 vidimus,
404 660 664 704 mirabamur
704 664 746 705 et
784 661 868 718 ipsi
907 665 993 705 tam
1033 662 1109 706 hec
1148 676 1271 719 quam
1313 663 1396 706 alia
1431 663 1650 720 complura

29 771 32 775 .
76 750 243 782 morum
274 738 364 783 eius
392 741 518 795 atque
539 739 741 782 virtutum
774 739 970 794 insignia.
1019 739 1113 797 Ipse
1144 753 1327 796 namque
1357 741 1402 783 in
1435 741 1549 784 omni
1581 754 1649 784 ac-

75 815 191 860 tione
221 829 311 872 sua,
344 816 455 873 quod
487 820 529 860 et
559 816 736 874 paganis
768 817 939 872 dignum
972 817 1095 861 laude
1122 818 1355 874 videbatur,
1389 819 1598 875 quandam
1625 834 1649 863 a

77 892 240 952 Spiritu
271 898 416 938 sancto
438 918 494 924 -
525 894 604 938 hoc
636 894 747 937 enim
781 895 1048 951 potissimum
1080 895 1204 939 credo
1230 921 1284 925 —
1311 897 1530 940 cuiusdam
1562 898 1648 940 sin—

74 970 234 1028 gularis
254 971 461 1016 munditie
483 974 621 1028 atque,
654 975 701 1015 ut
730 971 791 1015 ita
813 973 1006 1029 dixerim,
1039 973 1244 1028 elegantis
1277 977 1318 1018 et
1342 975 1503 1019 urbane
1524 975 1649 1019 disci-

73 1047 191 1108 pline
221 1050 534 1107 prerogativam
566 1050 766 1104 habebat3
799 1050 860 1093 ita
890 1054 938 1094 ut
968 1051 1097 1095 nichil
1128 1065 1311 1108 unquam
1345 1053 1544 1097 indecens
1576 1057 1650 1096 aut

74 1127 266 1185 ineptum
296 1127 617 1172 inhonestumve
649 1129 749 1184 quid
771 1129 816 1172 in
837 1129 930 1173 cibo
962 1132 1035 1172 aut
1066 1132 1182 1186 potu,
1215 1144 1407 1174 sermone
1439 1135 1560 1186 gestu
1581 1131 1648 1175 vel

75 1204 222 1250 habitu
253 1205 506 1250 admitteret.
557 1205 640 1250 Sed
670 1207 712 1250 in
747 1207 860 1249 omni
893 1206 1029 1250 officio
1063 1208 1284 1252 exterioris
1317 1209 1515 1263 hominis,
1547 1223 1647 1265 que-

74 1297 172 1328 nam
205 1286 317 1328 esset
347 1284 596 1341 compositio
628 1285 862 1339 interioris,
897 1284 1163 1341 ostendebat,
1204 1285 1392 1330 bonitate
1425 1286 1648 1343 disciplina

74 1364 118 1406 et
147 1362 370 1419 prudentie
401 1361 566 1406 cautela
597 1363 861 1419 conspicuus.
986 1362 1068 1406 Sed
1100 1363 1320 1407 redeamus
1353 1364 1406 1407 ad
1436 1378 1539 1408 rem.

196 1439 264 1483 17.
319 1439 552 1483 Mansimus
593 1444 733 1484 autem
773 1441 815 1483 in
850 1440 996 1483 eodem
1028 1440 1118 1483 1000
1151 1442 1270 1497 quasi
1303 1441 1450 1485 diebus
1481 1442 1645 1498 viginti,

73 1517 414 1572 euangelizantes
445 1517 601 1574 populo
634 1521 676 1561 et
703 1517 969 1575 baptizantes
994 1532 1064 1562 eos
1086 1519 1130 1561 in
1151 1519 1322 1562 nomine
1344 1519 1540 1574 Domini;
1573 1521 1646 1564 do-

73 1587 216 1640 centes
236 1609 424 1658 servare
461 1595 668 1639 unitatem
708 1594 804 1639 fidei
844 1597 888 1639 in
920 1596 1085 1640 vinculo
1124 1598 1262 1653 pacis3
1303 1598 1561 1641 instruentes
1594 1598 1645 1642 de

72 1673 372 1718 festivitatibus
403 1677 447 1717 et
477 1673 840 1717 observationibus
872 1673 1100 1718 christiane
1128 1675 1359 1731 religionis,
1393 1676 1444 1719 de
1475 1676 1644 1719 ieiuniis

72 1754 252 1808 quatuor
281 1754 542 1808 temporum,
576 1751 627 1795 de
659 1751 1014 1807 quadragesimali
1046 1752 1223 1808 ieiunio,
1257 1753 1308 1797 de
1338 1753 1643 1810 incarnatione,

35 1814 40 1818 ⁴
72 1828 125 1873 de
154 1827 390 1885 nativitate,
426 1829 757 1883 circumcisione,
798 1829 1076 1886 apparitione,
1118 1831 1444 1887 presentatione,
1485 1831 1644 1889 baptis-

71 1910 199 1962 mate,
236 1905 618 1962 transfiguratione,
657 1907 867 1963 passione,
904 1908 1210 1952 resurrectione
1243 1913 1368 1965 atque
1401 1910 1644 1954 ascensione

72 1984 232 2028 domini
262 1984 398 2028 nostri
428 1983 522 2028 Iesu
553 1983 725 2039 Christi,
757 1984 809 2028 de
842 1985 1022 2028 adventu
1056 1985 1239 2042 Spiritus
1272 1987 1419 2042 sancti,
1454 1987 1506 2031 de
1537 1988 1643 2043 vigi-

70 2061 141 2106 liis
173 2065 216 2106 et
245 2061 455 2106 nataliciis
487 2061 772 2119 apostolorum
806 2066 848 2106 et
879 2062 1055 2106 aliorum
1089 2066 1352 2119 sanctorum,
1386 2063 1438 2108 de
1468 2065 1536 2109 die
1568 2065 1641 2108 do-

72 2139 242 2196 minico,
275 2139 327 2184 de
357 2142 479 2184 sexta
508 2139 628 2195 feria,
661 2140 712 2183 de
737 2139 1034 2183 distributione
1065 2141 1272 2184 mensium
1305 2144 1347 2185 et
1376 2142 1642 2187 institutione

72 2217 206 2261 tocius
238 2217 339 2261 anni
369 2217 598 2261 secundum
631 2217 894 2261 christianos
948 2217 1260 2274 Exstructoque
1290 2219 1417 2263 altari
1447 2223 1489 2264 et
1520 2234 1640 2265 sanc-

50 2284 209 2340 'tuario
232 2319 288 2324 —
317 2297 454 2338 totum
487 2295 599 2338 enim
631 2308 783 2352 corpus
816 2294 988 2339 basilice
1026 2299 1114 2339 tam
1151 2296 1288 2340 subito
1321 2295 1412 2340 fieri
1443 2311 1527 2341 non
1564 2312 1640 2355 po-

71 2372 154 2416 tuit
174 2397 230 2402 —
254 2371 388 2416 altare
418 2371 709 2427 sanctificavit,
743 2376 785 2416 et
814 2373 983 2416 interim
1007 2373 1158 2417 missas
1178 2373 1266 2417 illic
1287 2373 1490 2418 celebrari
1519 2375 1638 2430 fecit3

70 2450 176 2494 dans
198 2450 258 2494 eis
280 2449 539 2494 sacerdotem
562 2449 692 2493 libros
715 2453 757 2493 et
777 2449 965 2505 calicem,
997 2454 1240 2507 paraturam
1274 2455 1316 2494 et
1347 2452 1488 2495 omnia
1518 2456 1639 2496 uten-

71 2526 180 2583 silia,
213 2541 293 2584 que
316 2527 367 2571 ad
391 2526 573 2571 officium
595 2527 741 2570 altaris
773 2527 1054 2583 pertinebant.
1163 2527 1251 2579 Que
1276 2529 1418 2572 omnia
1448 2529 1511 2572 illi
1542 2543 1637 2574 cum

71 2604 203 2648 multo
234 2604 387 2660 gaudio
410 2604 627 2648 alacritate
650 2617 697 2647 ac
718 2603 939 2648 devotione
961 2605 1237 2662 suscipientes
1270 2610 1311 2650 et
1331 2607 1490 2661 gratias
1513 2622 1638 2663 agen-

71 2686 154 2737 tes,
195 2695 338 2726 omnes
370 2685 532 2726 veteres
571 2686 613 2725 et
651 2682 851 2739 profanas
890 2683 1211 2738 superstitiones
1243 2697 1341 2727 suas
1380 2689 1423 2728 et
1459 2686 1637 2740 gentiles

71 2758 359 2802 observantias
391 2760 559 2816 penitus
592 2758 847 2812 abiciebant3
881 2763 923 2803 et
944 2760 1061 2803 exuti
1082 2763 1266 2804 veterem
1299 2761 1509 2806 hominem
1542 2776 1636 2806 cum

71 2837 233 2880 actibus
265 2837 375 2892 suis,
415 2837 459 2879 in
491 2837 576 2880 vite
607 2837 795 2880 novitate
832 2835 1070 2881 ambulare¹
1101 2842 1302 2895 ceperunt
1340 2844 1382 2883 et
1419 2840 1633 2896 proficere.

72 2913 178 2958 Erat
216 2918 354 2957 autem
395 2927 594 2958 numerus
633 2927 930 2958 conversorum
971 2915 1029 2958 ibi
1068 2916 1120 2958 ad
1160 2915 1283 2960 fidem
1317 2918 1435 2972 quasi
1475 2922 1635 2975 septem

166 3002 198 3036 1.
223 3000 327 3037 Rom.
347 3002 380 3046 6,
405 3002 440 3037 4.
