2028 3438
367 267 453 309 844

362 437 451 473 Post
474 437 559 473 Bari
584 440 788 484 captionem
839 466 845 474 .
898 467 904 474 .
957 467 963 475 .
1014 467 1022 475 .

362 496 451 532 Post
474 498 579 543 parvi
603 499 776 544 temporis
837 526 844 532 .
896 526 903 533 .
955 526 962 534 .
1013 526 1021 534 .

1015 585 1022 592 .
1070 559 1142 594 422

361 555 558 602 Postquam
585 558 801 603 disponente
826 558 905 594 Deo
957 585 963 592 .

361 615 559 660 Postquam
585 616 739 653 domnus
764 618 961 663 imperator
1015 644 1020 650 .

1013 703 1020 709 .
1069 676 1138 711 527

362 673 521 710 Primum
547 676 705 722 quidem,
731 676 875 712 demine
896 704 902 711 .
955 704 960 709 .

361 733 535 779 Princeps
559 735 757 770 clarissime
782 738 844 771 et.
896 762 902 769 .
955 762 961 769 .
1013 762 1020 769 .

1015 821 1020 828 .
1070 795 1140 829 282

1014 880 1020 887 .
1071 854 1139 889 247

360 792 430 828 Pro
455 793 595 829 clericis
620 794 803 830 Paduanis
837 822 855 842 3
896 821 901 828 .

360 851 430 887 Pro
456 853 632 888 ecclesiae
657 863 700 889 ac
723 854 844 898 regni.
897 880 903 887 .
955 880 960 887 .

359 911 603 948 Promissione
627 912 749 947 domni
773 922 891 957 papae
956 939 962 945 .
1014 939 1020 946 .

1013 997 1020 1005 .
1068 972 1139 1007 436

778 1057 1018 1064 .....

359 970 513 1015 Propter
535 971 676 1006 instans
701 973 739 1006 et
762 971 869 1007 valde
896 999 903 1005 .
955 999 960 1004 .

359 1029 511 1075 Propter
535 1030 711 1066 unitatem

359 1089 429 1124 Pro
454 1089 638 1134 religionis
663 1092 807 1126 vestrae
834 1117 840 1123 .
893 1117 899 1124 .
952 1116 958 1123 .

360 1148 559 1195 Quaedam
585 1149 806 1185 monasteria
837 1177 842 1182 .
895 1177 900 1182 .
953 1175 960 1182 .
1010 1175 1017 1182 .

360 1207 439 1250 Qua
463 1207 580 1243 forma
603 1208 750 1243 domino
779 1234 1018 1241 .....

1010 1293 1018 1301 .
1069 1267 1136 1302 163

359 1326 475 1368 Quam
501 1324 633 1362 festiva
656 1330 800 1362 vestrae
835 1355 839 1360 .
892 1354 899 1360 .
951 1353 957 1360 .
1010 1354 1016 1361 .

358 1384 531 1428 Quamvis
557 1386 840 1421 misericordie.
893 1413 899 1419 .
952 1413 958 1419 .
1010 1413 1016 1419 .

1009 1472 1016 1479 .
1065 1445 1135 1481 250

360 1266 520 1309 Qualiter
544 1267 580 1302 in
605 1266 894 1303 Halberstatensi
952 1295 958 1300 .

357 1444 521 1486 Quantae
551 1445 752 1480 affectionis
777 1444 900 1481 debito
949 1472 955 1478 .

356 1503 519 1546 Quantae
545 1507 583 1539 et
607 1515 716 1549 quam
742 1503 956 1549 pestiferae.
1007 1531 1013 1538 .

356 1562 501 1605 Quanta
524 1562 596 1598 fide
622 1566 659 1598 et
683 1562 928 1599 benivolentia
948 1591 952 1596 .
1006 1590 1011 1596 .

1005 1647 1011 1652 .
1061 1623 1133 1658 432

1007 1708 1013 1715 .
1065 1683 1131 1718 157

356 1621 517 1664 Quantas
542 1626 578 1657 et
601 1623 727 1667 quales
751 1623 856 1658 valeo
889 1649 895 1656 .

355 1680 517 1723 Quantas
541 1691 607 1726 pro
632 1680 809 1717 Gaufrido
830 1709 835 1714 .
889 1709 894 1714 .
947 1709 953 1715 .

355 1739 517 1782 Quantas
542 1739 836 1775 tribulationum.
888 1768 894 1773 .
947 1768 953 1774 .
1006 1768 1012 1774 .

1006 1826 1012 1834 .
1061 1801 1130 1835 399

354 1799 506 1841 Quantis
531 1801 568 1834 et
592 1809 699 1844 quam
726 1799 905 1834 dinturnis
949 1826 955 1832 .

353 1857 496 1900 Quanto
521 1858 702 1893 desiderio
725 1858 859 1903 iugiter
888 1885 893 1891 .
947 1885 952 1891 .
1004 1885 1011 1891 .

352 1916 495 1959 Quanto
520 1920 556 1952 te
582 1917 736 1962 amplius
772 1943 1010 1951 .....

352 1975 533 2018 Quantum
560 1986 582 2011 a
606 1986 671 2011 sue
696 1976 966 2012 constitutionis
1003 2004 1009 2010 .

1004 2063 1010 2069 .
1060 2037 1129 2072 288

353 2034 534 2077 Quantum
560 2035 773 2070 clementiae
797 2039 942 2071 vestrae

352 2094 533 2136 Quantum
560 2094 695 2129 crimen
712 2120 1009 2128 ......

353 2153 532 2196 Quantum
560 2163 630 2197 ego
654 2153 739 2188 novi
767 2179 1008 2187 .....

352 2212 536 2254 Quasdam
563 2212 747 2247 sanctitati
772 2215 914 2248 vestrae
946 2243 949 2245 .
1003 2241 1008 2246 ,

351 2270 662 2313 Quemadmodum
687 2271 792 2306 nobis
827 2298 833 2304 .
884 2298 891 2305 .
942 2298 949 2305 .
1002 2298 1008 2306 .

350 2329 442 2372 Quia
466 2329 511 2364 de
535 2329 752 2375 requirendo
768 2356 1008 2365 .....

350 2388 442 2431 Quia
466 2388 503 2423 in
528 2388 694 2424 custodia
709 2415 1008 2423 ......

349 2447 441 2490 Quia
464 2447 502 2482 in
527 2446 655 2482 diebus
680 2447 879 2483 iuventutis
941 2475 946 2481 .
999 2476 1005 2482 .

349 2505 440 2548 Quia
465 2505 769 2550 magnificentiam
794 2509 952 2542 vestram
1000 2535 1006 2542 .

348 2564 441 2607 Quia
466 2565 734 2600 mansuetudini
760 2569 905 2601 nostrae
940 2594 946 2600 .
997 2594 1003 2601 .

940 2652 945 2658 .
997 2652 1003 2659 .
1054 2628 1123 2662 226

881 2710 887 2717 .
997 2711 1003 2717 .
1054 2686 1123 2720 239

348 2623 439 2666 Quia
465 2633 604 2658 morum
629 2626 773 2659 tuorum
821 2651 827 2658 .

348 2682 439 2724 Quia
462 2682 621 2726 tandem,
648 2682 803 2717 Domino
823 2710 827 2716 .

346 2740 438 2783 Quia
461 2740 627 2775 timorem
651 2740 721 2775 Dei
762 2768 1004 2776 .....

997 2829 1002 2835 ,
1053 2803 1122 2838 833

347 2798 440 2842 Quia
463 2799 574 2834 totius
599 2799 846 2836 ecclesiastice
878 2827 886 2835 .
937 2828 945 2836 .

347 2857 439 2901 Quia
462 2857 604 2893 viscera
629 2857 846 2894 christianae
879 2886 885 2892 .
938 2886 944 2893 .
995 2887 1002 2894 .

346 2915 483 2959 Quibus
508 2918 546 2950 et
571 2916 715 2960 quantis
740 2917 944 2954 devotionis
995 2946 1001 2952 .

994 3003 1000 3009 .
1074 2978 1120 3013 88

345 2974 439 3017 Quid
463 2984 595 3009 causae
619 2974 820 3010 intercedat
877 3003 883 3009 .
936 3003 941 3010 .

345 3033 536 3079 Quiddam‚
561 3032 659 3078 quod
683 3033 731 3069 ad
756 3036 915 3070 nostram
937 3061 942 3068 .
994 3061 1000 3068 .

1074 398 1141 428 pag·

1070 441 1142 476 442

1071 500 1141 535 279

1071 617 1141 652 396

1070 736 1138 771 241

1070 913 1140 947 316

1068 1030 1138 1066 416

1011 1116 1018 1123 .
1068 1089 1138 1124 253

1067 1149 1138 1184 512

1068 1208 1137 1243 536

1069 1327 1137 1363 183

1066 1387 1135 1421 509

1066 1505 1134 1540 145

1064 1564 1132 1599 138

1063 1743 1131 1777 123

1061 1860 1131 1895 285

1061 1919 1131 1953 510

1060 1978 1130 2013 249

1058 2096 1126 2131 321

1059 2156 1127 2190 247

1059 2214 1129 2249 294

1058 2274 1128 2308 349

1057 2332 1127 2367 372

1058 2392 1127 2426 192

1057 2450 1126 2485 750

1057 2510 1125 2544 113

1056 2569 1098 2603 11
1105 2569 1122 2603 1

1053 2744 1123 2779 393

1053 2862 1122 2897 112

1052 2920 1121 2955 226

1052 3036 1119 3071 176

922 283 1064 313 INITIA
1095 283 1417 316 EPISTOLARUM

1190 441 1370 484 Quociens
1393 442 1552 480 humano
1577 443 1727 480 consilio
1778 465 1791 478 =.
1815 467 1830 476 ,.

1190 500 1294 543 Quod
1319 504 1446 537 contra
1469 503 1645 539 ecclesiae
1664 528 1674 538 .
1721 530 1731 539 .
1780 528 1788 538 .

1189 558 1293 601 Quod
1318 559 1355 595 in
1380 563 1482 596 tanta
1506 571 1626 598 rerum
1664 589 1671 597 .
1722 589 1730 597 .

1897 402 1966 433 1³⁸8·

1839 469 1857 478 ..
1876 444 1967 481 -435

1836 503 1966 539 ια’-175

1781 564 1890 597 .Ξί.>

1862 621 1966 657 ‘⁴307

1189 617 1292 660 Quod
1315 619 1458 663 legatos
1481 622 1565 656 tuos
1589 623 1692 656 tauto
1712 646 1730 655 ..
1764 629 1788 656 =·.
1822 622 1848 656 {t

1188 676 1292 719 Quod
1316 678 1546 723 paternitatis
1570 681 1693 715 vestre
1721 706 1730 714 .

1189 736 1293 779 Quod
1316 737 1479 782 proxime
1504 738 1660 774 domnus
1720 763 1729 773 .

1188 795 1298 837 Quod
1316 797 1482 842 speratis,
1507 800 1812 842 superventurum
1839 815 1854 832 .>

1188 855 1292 897 Quod
1318 858 1440 891 vestra
1464 855 1627 901 dignatio
1659 883 1666 891 .
1719 883 1726 891 .
1778 883 1786 891 .

1188 913 1293 955 Quod
1316 925 1383 950 vos
1408 914 1602 960 diligamus
1659 941 1668 949 .
1718 940 1728 950 .
1777 941 1786 949 .

1778 705 1788 713 .
1821 699 1849 715 η.
1895 679 1966 716 525

1779 764 1788 773 .
1894 739 1966 776 324

1880 798 1964 835 >31²1

1836 878 1863 891 ‚2
1906 857 1964 893 ⁴46

1835 930 1863 950 .’
1888 916 1964 952 452

1188 972 1363 1015 Quoniam
1389 974 1564 1009 ecclesiae
1587 974 1812 1011 incremento
1836 1001 1844 1009 .

1187 1031 1362 1074 Quoniam
1387 1033 1541 1068 ecclesia
1564 1033 1605 1068 in
1626 1033 1748 1069 mulffis
1776 1055 1799 1068 .=

1186 1090 1361 1133 Quoniam
1386 1092 1601 1127 excellentia
1622 1091 1844 1129 nobilitatis.

1186 1149 1362 1192 Quoniam
1387 1149 1482 1185 filiae
1506 1161 1632 1187 sumus
1659 1178 1665 1184 .
1716 1178 1724 1186 .
1775 1178 1784 1186 .
1832 1177 1842 1187 .

1185 1208 1360 1251 Quoniam
1386 1209 1532 1246 honoris
1555 1211 1669 1246 vestri
1718 1237 1725 1244 .
1775 1237 1784 1246 .
1834 1237 1841 1245 .

1832 1297 1839 1304 .
1886 1270 1960 1306 234

1185 1267 1361 1310 Quoniam
1388 1268 1458 1304 huc
1481 1280 1597 1315 usque
1620 1269 1666 1306 ad
1715 1296 1723 1304 .
1774 1296 1782 1305 .

1185 1326 1360 1369 Quoniam
1385 1328 1523 1373 placuit
1545 1332 1690 1365 vestrae
1716 1356 1723 1363 .
1774 1355 1782 1363 .
1832 1355 1840 1364 .

1184 1385 1360 1428 Quoniam
1386 1387 1514 1423 salutis
1538 1390 1724 1424 auctorem
1773 1413 1781 1422 .
1831 1414 1839 1422 .

1183 1445 1359 1488 Quoniam
1385 1455 1529 1491 semper
1552 1446 1657 1482 nobis
1680 1445 1782 1483 fuisti
1831 1474 1839 1481 .

1182 1504 1357 1547 Quoniam
1383 1508 1420 1540 te
1445 1515 1588 1551 semper
1611 1505 1718 1542 nobis

1180 1563 1368 1609 Quoniam,
1393 1567 1435 1599 ut
1458 1574 1584 1600 verum
1608 1563 1726 1601 fatear
1771 1590 1780 1600 .

1893 976 1963 1012 181

1889 1034 1963 1070 252

1891 1212 1961 1248 162

1889 1329 1957 1366 321

1888 1387 1958 1424 516

1889 1447 1958 1483 189

1772 1507 1959 1543 ..190

1826 1578 1838 1599 ’.
1886 1565 1958 1602 452

1180 1622 1357 1664 Quoniam
1382 1625 1526 1659 vestrae
1550 1624 1744 1668 legationis
1771 1649 1778 1658 .
1829 1651 1836 1659 .

1179 1681 1390 1718 Referente
1414 1683 1613 1719 venerabili
1637 1683 1749 1719 fratre
1770 1707 1779 1718 .
1828 1709 1838 1718 .

1178 1741 1295 1785 Regni
1319 1742 1433 1776 nostri
1456 1742 1682 1787 perturbatio
1713 1769 1719 1776 .
1769 1768 1777 1776 .
1827 1768 1836 1777 .

1178 1799 1343 1844 Regnum
1370 1804 1530 1836 vestrum
1556 1805 1704 1838 sanctae
1769 1827 1776 1836 .
1827 1828 1835 1836 .

1178 1859 1350 1903 Religiosi
1374 1859 1453 1905 viri,
1478 1861 1594 1896 nuntii
1652 1889 1658 1894 .
1709 1888 1718 1897 .
1769 1888 1776 1895 .
1827 1889 1834 1896 .

1177 1913 1400 1961 Rogavimus
1425 1918 1536 1954 filium
1557 1923 1719 1956 nostrum
1770 1949 1775 1955 .
1827 1947 1834 1955 .

1177 1977 1293 2012 Roma
1315 1978 1429 2013 nostri
1454 1979 1599 2014 nuntii.
1650 2006 1657 2013 .
1708 2005 1717 2014 .
1767 2006 1775 2014 .

1177 2036 1339 2071 Sanctae
1363 2038 1587 2073 venerationi
1610 2043 1775 2075 vestrae.

1887 1625 1956 1661 166

1885 1683 1957 1719 534

1887 1743 1955 1778 129

1884 1803 1954 1839 276

1883 1863 1953 1898 383

1882 1981 1952 2017 306

1826 2066 1832 2074 .
1881 2039 1952 2075 405

1177 2093 1388 2131 Sanctitatis
1413 2099 1556 2132 vestrae
1579 2097 1718 2134 litteras
1767 2125 1774 2132 .
1825 2125 1832 2132 .

1177 2153 1388 2189 sanctitatis
1412 2158 1557 2191 vestrae
1582 2157 1719 2193 monita
1765 2182 1774 2191 .
1825 2183 1832 2192 .

1176 2212 1273 2248 Satis
1298 2213 1419 2249 mirari
1443 2214 1655 2259 nequimus.
1707 2242 1714 2250 .
1765 2242 1772 2250 .
1823 2242 1831 2251 .

1176 2271 1444 2308 scafhusenses
1467 2272 1598 2309 fratres
1648 2302 1654 2307 .
1706 2301 1712 2309 .
1765 2301 1772 2309 .
1822 2301 1830 2309 .

1822 2361 1830 2368 .
1877 2335 1949 2371 450

1822 2419 1830 2427 .
1878 2394 1948 2429 233

1821 2478 1829 2486 .
1876 2452 1947 2488 412

1175 2331 1350 2377 seientes,
1374 2342 1441 2367 nos
1465 2332 1503 2367 in
1527 2333 1680 2368 ecclesia
1705 2361 1712 2366 .
1763 2360 1772 2368 .

1174 2390 1327 2436 Scimus,
1352 2390 1438 2435 quia
1460 2390 1703 2435 legationibus
1765 2419 1770 2425 .

1173 2449 1316 2485 Scimus
1340 2449 1497 2495 quidem,
1523 2450 1638 2485 zelum
1704 2477 1712 2484 .
1762 2478 1769 2486 .

1173 2508 1255 2545 Scio
1279 2508 1525 2544 indubitanter
1547 2512 1586 2544 et
1644 2535 1652 2544 .
1704 2535 1712 2543 .
1762 2537 1768 2544 .
1820 2537 1827 2544 .

1819 2596 1828 2604 .
1875 2570 1946 2606 535

1172 2566 1272 2602 Scire
1295 2567 1384 2603 velit
1407 2565 1613 2603 fraternitas
1646 2595 1652 2601 .
1703 2596 1708 2602 .
1762 2597 1768 2602 .

1171 2625 1352 2670 Scriptum
1378 2629 1450 2661 est:
1477 2625 1515 2661 Si
1539 2627 1666 2662 oculus
1703 2653 1710 2661 .

1171 2683 1323 2729 Semper
1346 2684 1491 2729 quidem
1517 2685 1695 2722 desiderio
1760 2713 1768 2721 .
1818 2713 1825 2721 .

1170 2742 1273 2779 Sicut
1295 2743 1562 2779 ecclesiasticae
1585 2745 1708 2790 pacis.
1759 2772 1767 2779 .
1817 2772 1825 2780 .

1169 2801 1272 2838 Sicut
1295 2802 1332 2837 in
1356 2801 1522 2838 omnibus
1546 2804 1679 2840 vestris
1700 2831 1707 2838 .
1758 2830 1766 2838 .
1816 2831 1824 2840 .

1169 2860 1271 2896 Sicut
1293 2861 1428 2896 iustum
1453 2864 1509 2896 est
1532 2872 1599 2898 nos
1641 2889 1648 2896 .
1699 2889 1707 2897 .
1757 2888 1764 2897 .
1815 2891 1822 2899 .

1815 2948 1822 2956 .
1871 2922 1941 2958 259

1168 2918 1270 2954 Sicut
1293 2920 1544 2955 nonnullorum
1569 2921 1743 2958 relatione
1757 2948 1765 2956 .

1167 2976 1269 3013 Sicut
1292 2987 1357 3023 per
1380 2978 1519 3014 litteras
1543 2983 1580 3015 et
1640 3006 1647 3014 .
1697 3006 1705 3014 .
1756 3006 1764 3014 .
1814 3006 1822 3014 .

1814 3065 1821 3073 .
1869 3039 1939 3075 250

1166 3034 1205 3071 Si
1229 3045 1273 3071 ea
1297 3045 1363 3071 nos
1387 3036 1510 3073 debita
1534 3041 1571 3073 et
1639 3065 1646 3072 .
1697 3065 1704 3072 .
1755 3065 1763 3072 .

1881 2098 1952 2135 510

1881 2158 1950 2193 197

1881 2217 1949 2252 186

1878 2275 1949 2311 365

1876 2511 1946 2547 229

1897 2687 1944 2723 84

1876 2746 1943 2782 168

1873 2805 1943 2841 170

1872 2863 1942 2900 529

1870 2980 1939 3016 531
