2028 3438
378 274 464 315 764
738 287 974 318 HERBORDI
1004 287 1243 319 DIALOGUS.
1294 288 1378 318 [ΑΒ.
1401 289 1435 318 11
1465 285 1582 320 21.22

260 400 352 436 1124
376 408 497 434 neam
531 393 821 436 Salutationem
852 403 936 436 tam
967 396 1040 437 diu
1059 395 1140 450 fui
1168 404 1206 438 te
1235 410 1320 437 non
1350 396 1516 445 viden83
1547 396 1619 438 sed
1648 411 1775 438 cauea
1800 395 1928 452 fuere

375 470 674 512 inem-usatites
705 473 769 512 rei
792 472 961 527 publice
991 473 1386 515 administrationes.
1434 472 1562 515 Nunc
1591 481 1727 515 autem
1750 469 1839 516 ecce
1856 476 1925 516 ae-

376 562 466 588 sum
504 562 655 603 parere
693 564 742 589 ac
778 550 932 590 servire
963 557 1028 590 tue
1059 550 1328 605 paternitati,
1367 557 1496 606 prout
1524 551 1599 591 vis.
1654 550 1822 592 Etenim
1850 565 1927 593 nos

375 625 463 680 ipsi
492 632 529 666 et
559 626 698 666 omnia
730 633 872 667 nostra
904 627 968 667 tui
995 640 1158 675 summ,-
1190 634 1301 668 utere
1331 628 1435 669 sicat
1466 628 1540 668 vie.
1588 625 1645 669 Et
1674 625 1925 683 hec'dicens,

375 713 598 743 conversus
631 701 682 743 ad
714 700 884 744 clericos
917 705 958 743 et
989 701 1040 743 ad
1072 701 1174 744 alios
1207 716 1392 758 quosque
1422 702 1613 746 meliores
1634 701 1686 746 de
1706 702 1926 748 comitibus

374 777 548 820 nostris:
582 779 640 820 Et
663 779 735 820 lios
756 778 892 833 inquit
910 787 1044 835 pater,
1080 788 1170 821 tuos
1194 780 1511 822 collaboratores
1532 788 1605 822 tua
1626 781 1791 823 licentia
1810 780 1925 824 salu-

375 855 492 905 tabo,·
524 854 921 910 apprehendensque
953 868 1100 898 manus
1129 855 1387 910 singulorum
1409 856 1577 900 tenebat
1598 860 1640 900 et
1657 854 1927 900 benedicebat

374 930 457 973 illis
490 935 614 986 atque
645 931 963 974 deosculabatur
994 945 1087 986 eos,
1119 931 1226 975 filios
1259 936 1300 975 et
1329 933 1480 976 fratres
1511 933 1728 990 appellans
1759 933 1926 977 carissi-

374 1021 484 1062 mos,
532 1007 825 1063 benedixitque
863 1008 996 1051 Deum
1043 1010 1226 1051 omnium
1266 1009 1467 1053 bonorum
1507 1010 1770 1065 largitorem,
1817 1010 1926 1066 quod

374 1084 558 1140 hospites
589 1087 675 1127 tam
708 1086 968 1139 gratissimos
1001 1100 1076 1128 sua
1100 1086 1222 1129 domo
1244 1087 1455 1143 suscipere
1478 1087 1709 1131 meruisset.
1740 1083 1743 1087 ’
1820 1086 1926 1139 Quia

373 1175 470 1205 vero
517 1162 711 1218 deinceps
759 1163 925 1216 navigio
972 1163 1022 1206 de
1062 1163 1230 1206 civitate
1271 1164 1322 1206 ad
1363 1164 1574 1207 civitatem
1613 1163 1794 1208 eundum
1830 1164 1924 1220 fuit,

374 1252 516 1281 omnes
560 1252 686 1293 equos
727 1243 768 1282 et
806 1240 992 1282 iumenta
1029 1243 1173 1283 nostra
1210 1240 1370 1283 villicos
1411 1254 1507 1283 suos
1548 1241 1600 1283 ad
1639 1241 1799 1298 optima
1833 1241 1926 1285 loca

372 1319 482 1359 terre
514 1319 658 1372 pastus
690 1316 826 1370 gratia
858 1316 1061 1360 deducere
1092 1317 1234 1371 iussit3
1266 1331 1343 1360 nec
1373 1321 1470 1361 ante
1490 1317 1609 1361 nobis
1629 1317 1923 1374 reddebantur,

373 1407 512 1448 quam,
545 1396 586 1435 et
615 1393 699 1434 iam
732 1394 1054 1436 consummatis⁸
1086 1394 1291 1450 omnibus,
1325 1395 1376 1438 de
1406 1397 1520 1438 terra
1549 1395 1703 1438 fuimus
1730 1394 1815 1437 iam
1837 1394 1924 1438 exi-

372 1470 468 1512 turi.
517 1469 626 1520 Quos
659 1473 770 1512 certe
801 1470 861 1512 ita
892 1472 1125 1527 recepimus
1152 1472 1362 1527 alteratos,
1395 1476 1442 1514 ut
1462 1485 1537 1528 pre
1557 1471 1832 1515 crassitudine
1853 1473 1925 1515 vix
1972 1510 1976 1514 ,

373 1547 520 1602 cuique
551 1560 650 1589 suus
682 1551 934 1590 nosceretur.
1058 1549 1212 1591 Milites
1233 1562 1345 1604 ergo,
1379 1549 1447 1604 qui
1471 1562 1564 1591 cum
1587 1549 1690 1592 duce
1709 1553 1923 1605 venerant,

373 1623 622 1667 cathezizati
654 1624 795 1666 statim
830 1628 870 1667 et
900 1625 1103 1681 baptizati
1136 1629 1244 1668 sunt.
1293 1625 1495 1681 Multique
1527 1639 1577 1669 ex
1609 1625 1681 1681 eis,
1714 1625 1924 1683 qui'prius

373 1701 590 1744 christiani
621 1701 788 1743 fuerant
818 1701 890 1744 sed
922 1715 972 1744 ex
1005 1703 1214 1745 consortio
1245 1702 1553 1746 incredulorum
1581 1706 1714 1746 metas
1735 1703 1926 1747 christia-

373 1778 517 1821 nitatis
559 1783 824 1820 excesserant
856 1803 908 1807 —
944 1792 994 1821 ex
1037 1793 1210 1834 quorum
1247 1792 1419 1822 numero
1452 1779 1596 1822 ducem
1630 1780 1766 1836 ipsum
1796 1780 1925 1825 fuisse

374 1857 536 1897 constat
569 1879 622 1883 ——
656 1868 731 1910 per
770 1855 1068 1899 confessionem
1112 1860 1153 1900 et
1192 1856 1463 1913 penitentiam
1504 1856 1675 1900 ecclesie
1709 1857 1925 1901 reformati

374 1935 490 1985 sunt3
533 1932 846 1988 promittentes:
888 1946 932 1975 se
964 1933 1158 1990 deinceps
1191 1933 1350 1988 omnia,
1389 1947 1467 1989 que
1498 1933 1723 1976 christiano
1754 1933 1925 1977 inimica.

374 2012 472 2051 sunt
503 2009 675 2064 nomini,
708 2023 904 2065 respuere
937 2013 977 2053 et
1009 2024 1070 2065 ea,
1104 2024 1182 2065 que
1214 2014 1311 2053 sunt
1342 2014 1452 2067 apta,
1486 2010 1649 2053 sectari.

493 2087 562 2128 22.
610 2086 706 2128 Dux
741 2087 886 2129 etiam:
922 2087 1020 2131 Seio
1052 2087 1189 2142 inquit
1220 2089 1442 2130 christiane
1472 2089 1685 2130 sanctitati
1712 2102 1795 2130 esse
1825 2102 1922 2130 con-

374 2165 566 2216 trarium,
598 2165 740 2220 plures
773 2179 919 2207 uxores
951 2165 1015 2206 vel
1045 2166 1293 2207 concubinas
1325 2165 1483 2207 habere.
1540 2163 1768 2219 Simulque,
1800 2163 1922 2207 tactis

374 2243 610 2283 sanctorum
643 2240 845 2295 reliquiis,
879 2241 986 2283 sicut
1017 2241 1255 2284 christianis
1285 2242 1423 2284 iurare
1453 2253 1543 2283 mos
1566 2244 1641 2295 est,
1674 2253 1813 2284 coram
1836 2241 1923 2297 epi-

373 2331 511 2372 scopo,
549 2317 701 2373 populo
736 2318 982 2373 aspiciente,
1017 2318 1164 2372 viginti
1196 2321 1371 2372 quatuor
1402 2317 1672 2372 concubinas,
1705 2331 1808 2373 quas
1838 2318 1922 2360 ritu

373 2393 519 2447 gentili
545 2407 617 2436 sue
638 2393 841 2448 legittime
861 2395 983 2436 uxori
1006 2394 1322 2450 superduxerat,
1353 2393 1517 2450 publice
1539 2394 1757 2437 abiuravit.
1805 2393 1922 2455 Quod

374 2470 581 2525 videntes,
619 2470 690 2512 alii
721 2471 954 2526 complures
987 2471 1170 2514 eiusdem
1204 2471 1461 2514 enormitatis
1492 2474 1819 2527 presumptores,
1850 2470 1921 2514 ab·

373 2547 509 2589 iurata.
547 2550 588 2589 et
625 2547 706 2602 ipsi
743 2548 965 2601 coniugum
1004 2547 1264 2603 pluralitate,
1305 2547 1378 2590 uni
1416 2547 1535 2590 thoro
1577 2547 1767 2603 exemplo
1804 2547 1920 2590 ducis

372 2622 495 2665 fidem
528 2636 571 2665 se
603 2627 839 2666 servaturos
862 2624 1039 2680 polliciti
1060 2627 1169 2667 sunt.
1292 2623 1433 2667 Crevit
1454 2637 1550 2678 ergo
1573 2624 1745 2667 ecclesia
1766 2624 1809 2666 in
1829 2623 1919 2667 loco

371 2699 443 2741 illo
477 2703 518 2742 et
548 2700 779 2743 confortata
811 2703 886 2755 est,
920 2701 1136 2743 ambulans
1167 2701 1210 2742 in
1236 2701 1384 2744 timore
1406 2700 1499 2754 Dei,
1533 2703 1574 2743 et
1595 2699 1755 2756 Spiritu
1777 2703 1918 2743 sancto

371 2775 630 2832 replebatur,
671 2777 864 2832 episcopo
904 2780 945 2820 et
983 2777 1142 2820 clericis
1180 2777 1432 2820 instantibus
1464 2779 1506 2820 et
1536 2776 1918 2831 euangelizantibus

371 2866 544 2907 regnum
575 2852 667 2894 Dei.
722 2852 948 2896 Exstructa
987 2867 1148 2909 quoque
1183 2853 1269 2896 illic
1300 2853 1470 2896 basilica
1502 2856 1543 2896 et
1573 2852 1828 2896 sanctificato
1858 2852 1919 2895 al-

372 2929 453 2972 tari
484 2932 525 2972 et
556 2929 792 2971 sanctuario
826 2930 1069 2985 collatisque
1100 2930 1198 2973 illuc
1229 2943 1304 2986 per
1335 2929 1478 2973 ducem
1514 2929 1668 2985 prediis
1690 2942 1738 2972 ac
1759 2929 1854 2973 dote
1873 2929 1918 2971 in

467 3031 493 3051 a.
526 3021 707 3052 consumatis
729 3021 830 3052 NBR.
