2028 3438
579 201 802 236 nmmum
832 203 1005 236 comrx.
1051 202 1111 237 49.
1128 202 1177 237 50
1582 193 1667 237 109

90 309 283 365 imum-m
312 310 377 354 itu
396 313 476 355 ut·
506 310 686 356 eundem
717 324 813 355 eum
844 311 976 356 Deeio
1006 314 1188 369 tyranno
1218 311 1407 355 insanire
1438 315 1482 356 et
1500 315 1667 356 sanctos
1730 323 1823 359 1076

93 396 237 433 ame
251 383 414 433 eredas
445 389 488 433 et
517 384 646 433 dieas.
1299 399 1302 405 ’
1691 371 1864 411 mmmm

152 472 158 501 ¹
193 464 415 513 'Unde'ne
444 466 628 524 pigeav,
659 466 897 522 karissime,
928 480 983 510 ne
1007 466 1151 524 pigeat
1160 473 1189 522 ⁸,
1223 466 1437 510 omnium‘¹
1459 470 1665 524 nostrum,

91 541 252 589 seilicet
272 541 502 588 'et‘meae-
526 548 570 588 et
589 544 932 602 coepiscoporum
955 547 1138 600 tuorum,
1171 544 1372 601 peticioni
1401 545 1665 590 satisfacere:

90 623 140 665 ut
155 655 157 658 Α
175 621 228 665 ἰι
254 619 554 679 pentecosten¹
589 620 869 667 Wormatiam
909 620 1094 676 venias3'
1123 624 1165 665 et
1203 619 1262 666 ibi
1301 621 1445 679 plura,
1489 636 1666 680 quorum

88 696 384 756 pmeaf‘dfioet
417 697 620 756 'eurtum
661 713 756 744 eum
800 700 951 744 oeteris
981 699 1244 757 principibus
1281 700 1450 756 audias,
1491 705 1534 745 et
1564 700 1666 758 quid

73 776 299 832 'agendum
339 777 396 822 sit
434 777 604 832 doceas3
651 780 823 833 rogatus
869 791 946 835 per
983 776 1251 822 dilectionem
1288 779 1633 836 coepiscoporum
1642 778 1665 836 ¹,

88 853 302 899 monitus-⁸
325 868 408 913 per
437 854 638 900 eeclesiae
662 855 904 912 utilitatem,
937 855 1146 911 obligatus
1176 869 1254 913 per
1283 856 1397 900 vitae
1419 859 1590 900 nostrae
1622 859 1665 900 et

87 933 218 989 regni·
228 933 380 978 ”tota'us'
398 933 598 981 honorem
611 933 640 977 ¹¹.

1713 464 1748 473 ,-

93 1075 175 1124 50,
200 1075 442 1136 θ’·εροήω
470 1077 565 1122 VII
589 1092 714 1135 papa
743 1077 994 1121 Heinrioum
1020 1077 1053 1120 I
1083 1079 1325 1135 episcopum
1369 1077 1665 1122 Tridentinum

207 1157 390 1200 miratur
425 1156 484 1199 ad
518 1162 620 1199 'suas
665 1156 823 1199 litterae
868 1170 954 1198 non
992 1157 1270 1213 respondisse.
1320 1156 1577 1200 Heinricum
1596 1157 1672 1200 IV

206 1248 346 1292 reyem
381 1235 488 1278 iuste
533 1235 933 1277 excommunicatum
973 1249 1079 1287 esee,
1128 1242 1224 1277 ante
1261 1235 1373 1277 diem
1413 1234 1438 1277 1
1479 1234 1668 1292 Auyueti

168 1344 171 1347 r
203 1320 469 1370 perepectwm
497 1314 568 1355 iri.
616 1312 840 1366 Hortatur,
872 1321 934 1373 ut⁴
949 1312 1101 1355 milites
1131 1313 1215 1356 eibi
1243 1313 1406 1356 auxilio
1437 1312 1602 1356 mittat‘.

1483 1389 1535 1438 OE
1562 1389 1663 1444 152)

207 1477 462 1534 Gregorius*
492 1479 715 1536 episeopus
747 1492 893 1523 servus
925 1493 1142 1523 servorum
1174 1479 1255 1523 Dei
1291 1479 1416 1523 fratri
1452 1483 1494 1523 et
1525 1479 1664 1536 coepi·
1739 1490 1830 1526 1076

88 1568 214 1614 scopo
235 1556 483 1601 Tridentino
503 1556 720 1601 Heinrioo¹
750 1556 930 1601 salutem
952 1560 994 1601 et
1015 1557 1290 1614 apostolicam
1312 1557 1660 1601 benedictionem.
1686 1538 1878 1569 Mm'‘1¹¹¹'

205 1633 432 1691 Miramur,
469 1634 749 1679 fraternitatis
786 1639 884 1679 tuae
922 1636 1190 1692 prudentiam
1235 1635 1365 1680 verba
1399 1639 1548 1679 nostra
1589 1649 1663 1679 ne-

87 1711 292 1768 glexisse,
338 1716 388 1757 ut
423 1713 653 1757 seeundum
694 1727 743 1757 ea
780 1713 943 1757 nullum
982 1714 1218 1758 decreveris
1258 1714 1359 1758 dare
1396 1727 1662 1771 responsum,

86 1791 272 1835 maxime
309 1803 403 1835 oum
442 1794 540 1848 post
570 1791 815 1848 synodalem
847 1792 1102 1836 sententiam
1133 1793 1178 1835 in
1209 1791 1489 1836 Heinrioumm
1519 1804 1663 1846 regem

86 1868 297 1927 prolatam
335 1868 503 1913 dileetio
541 1872 616 1913 tua
652 1869 827 1913 minime
867 1868 1035 1914 differre
1075 1870 1277 1914 debuerit.
1336 1869 1406 1913 Ad
1448 1869 1566 1913 cuius
1596 1869 1663 1913 ni-

86 1948 243 1992 mirum
279 1947 514 1991 sententiae
551 1946 931 2004 promulgationem
969 1962 1068 2004 nos,
1108 1948 1301 1992 iusticiae
1333 1947 1424 1992 zelo
1454 1946 1662 2005 impulsos

88 2028 131 2070 et
149 2039 235 2070 non
256 2025 399 2082 aliqua
418 2025 725 2069 commotione¹¹
744 2025 924 2070 iniuriae
946 2027 1190 2082 concitatos,
1214 2039 1387 2069 manum
1409 2025 1660 2081 exeruisse0,

85 2116 223 2162 neque
253 2103 484 2148 sollertiam
514 2106 633 2146 tuam
651 2103 847 2158 ignorare
877 2117 1013 2160 neque
1045 2104 1227 2161 aliquem
1252 2117 1380 2148 sanae
1411 2104 1566 2147 mentis
1587 2102 1661 2146 ho-

86 2181 244 2226 minem
274 2184 474 2239 putamus
504 2194 629 2238 posse
661 2181 886 2236 ambigere.
939 2181 1059 2233 Quod
1079 2184 1223 2226 tamen
1255 2182 1357 2225 siin
1378 2181 1553 2226 dubium
1574 2181 1661 2224 oui-

87 2273 214 2317 quam
246 2259 474 2315 deveniret,
507 2261 692 2315 constat,
732 2260 822 2303 eius
853 2259 916 2303 rei
946 2259 1154 2303 rationem
1185 2259 1303 2316 prius
1336 2273 1387 2303 ex
1419 2259 1541 2303 nobis
1572 2259 1662 2302 fore

86 2337 380 2382 scrutandamv
419 2351 547 2394 quam
576 2338 621 2380 in
659 2336 779 2380 illum
818 2337 1123 2394 praeiudicium
1155 2337 1314 2381 factum
1349 2340 1507 2380 temere
1544 2343 1661 2383 esse.q

86 2415 354 2461 eredendum.
400 2415 572 2471 Verum,
603 2418 816 2473 uteunque
837 2430 929 2460 sese
951 2416 1091 2474 opinio
1113 2415 1267 2459 habeat
1290 2414 1501 2459 factumve
1529 2414 1660 2459 inter-

85 2497 338 2552 pretentur‘,
369 2492 474 2537 illud
495 2494 642 2551 prooul
664 2494 790 2538 dubio
812 2495 884 2538 de⁸
905 2494 1128 2539 clementia
1149 2493 1293 2537 divina
1313 2496 1532 2551 sperantes
1562 2506 1659 2550 pro-

180 2623 208 2645 ι.
230 2607 273 2645 ‘in
294 2613 366 2644 add.
382 2614 421 2644 Ε.
531 2613 561 2644 b.
594 2615 624 2644 te
647 2613 719 2644 add.
739 2613 800 2645 ΟΒ.
916 2623 942 2644 c.
974 2623 1011 2644 ne
1033 2614 1135 2653 pigeat
1156 2622 1213 2643 om.
1228 2613 1267 2643 E.
1383 2612 1414 2642 d.
1447 2613 1598 2643 communi
1620 2613 1659 2643 E.

87 2677 114 2698 e.
146 2669 178 2698 et
198 2677 255 2698 om.
274 2666 367 2698 ORE.
450 2667 471 2697 f.
502 2669 532 2697 et
554 2667 625 2698 add.
645 2667 760 2698 VZCB.
845 2677 872 2706 g.
902 2669 1035 2698 moratus
1057 2666 1091 2697 G.
1176 2666 1206 2696 h.
1234 2666 1339 2696 Valete
1360 2665 1431 2696 add.
1451 2665 1486 2696 G.
1572 2666 1590 2696 i.
1621 2676 1660 2696 ea:

42 2747 47 2751 .
93 2720 416 2760 17650——6'62222
432 2722 621 2758 115-116,
652 2720 678 2751 G
696 2722 865 2751 47v—48.
950 2720 980 2750 k.
1010 2719 1045 2750 G.
1065 2719 1122 2750 VZ.
1206 2719 1227 2749 l.
1255 2728 1312 2749 om.
1331 2719 1390 2750 VZ.
1475 2729 1514 2750 m.
1543 2720 1581 2750 Η.
1601 2720 1660 2750 VZ.

86 2782 117 2804 n.
148 2774 338 2813 promotione
358 2774 394 2804 G.
521 2783 548 2804 o.
582 2775 753 2804 exercuisse
775 2774 810 2804 G.
936 2782 966 2812 p.
1000 2772 1195 2803 scrutandum
1216 2772 1251 2803 G.
1378 2782 1408 2812 q.
1441 2782 1510 2803 esse
1533 2782 1602 2803 esse
1624 2772 1659 2803 G.

86 2836 111 2857 r.
142 2827 360 2866 interpretetur
379 2826 415 2857 G.
542 2836 567 2857 s.
599 2837 656 2857 om.
675 2827 712 2858 G.

182 2909 215 2943 1.
241 2907 300 2944 die
327 2908 372 2944 15
396 2908 482 2944 Maii
508 2909 611 2944 1076.
757 2909 790 2944 2.
824 2917 919 2953 quae
944 2907 1094 2953 cartula,
1120 2906 1297 2953 epistolae
1323 2907 1460 2953 addita,
1487 2917 1560 2943 non
1586 2906 1658 2943 iam

86 2969 265 3012 superest.
