2028 3438
643 270 867 303 mmmmm
897 269 1068 302 connx.
1112 268 1163 303 63
1361 299 1363 301 .
1602 259 1685 301 131

111 375 534 435 emuniter-electo,
565 376 766 422 canonice
786 378 985 434 admisso,
1012 377 1328 432 T(heodericus)
1343 375 1354 395 ¹
1373 377 1454 421 Dei
1475 375 1614 432 gratia
1643 377 1687 421 id
1713 388 1807 424 1080

113 450 226 512 weil
246 452 329 500 'est
358 452 551 500 ‘debitam
586 455 874 511 dilectionem,
917 469 970 499 ex
1002 455 1226 501 dilectione
1266 455 1592 510 subiectionem,
1635 468 1688 499 ex
1724 437 1790 468 ¹⁰¹¹·

112 528 371 579 &abiectione
395 534 662 590 servitutem,
695 529 748 578 ex
770 533 972 578 servitute
1002 533 1196 578 intimam
1226 534 1272 577 in
1293 533 1487 577 omnibus
1520 536 1689 577 servata

81 615 86 619 '
110 605 275 656 ratione
305 606 584 656 derotion‘em.

140 684 223 723 :ab
231 688 358 734 Teste
374 686 378 722 ἶ
387 687 665 745 conscientia,
699 691 807 733 teste
839 691 882 732 et
910 688 983 732 illo
1016 689 1088 746 qui
1121 688 1263 732 omnia
1293 688 1432 744 novit,
1466 702 1592 733 nemo
1624 691 1688 732 est

113 764 195 823 qui‘
217 766 414 823 dignitati
444 770 633 811 vestrae⁸
665 766 815 810 melius
846 766 969 822 velit,
1010 779 1134 810 nemo
1166 767 1239 823 qui
1269 767 1460 810 unanimi
1493 766 1687 810 electioni

110 839 302 889 vestrae*
335 845 491 901 magis·
503 844 785 902 applauserit,
817 857 942 888 nemo
971 845 1145 901 inquam
1177 844 1250 901 qui
1281 844 1356 888 de⁰
1387 847 1477 887 tam
1508 844 1689 888 iocunda

110 923 248 981 patris
279 920 333 968 ad
362 910 520 978 filium,
558 922 740 980 praelati
771 922 824 965 ad
855 922 1071 966 subditum
1111 921 1339 978 affinitate,
1378 922 1688 966 rationabiliter

109 998 605 1058 incepta-rationabilius
636 999 834 1056 finienda,
867 1000 1070 1044 maiorem
1102 1000 1196 1044 med
1226 1000 1425 1045 fiduciam
1457 1000 1622 1044 consilii
1646 1003 1688 1044 et

111 1077 261 1122 auxilii
291 1078 373 1123 sibi
403 1078 694 1136 assumpserit.
748 1077 916 1134 Fateor,
948 1092 1017 1122 me
1047 1078 1092 1121 in
1114 1078 1309 1123 omnibus
1331 1079 1451 1123 vobis
1483 1081 1525 1122 et
1556 1078 1687 1122 eccle-

110 1157 201 1201 siae
230 1152 478 1202 ‘Reverensi
519 1157 752 1202 debitorem
784 1162 911 1210 esse0,
952 1159 1099 1213 utpote
1133 1171 1256 1213 quem
1298 1156 1405 1212 elegi
1437 1159 1479 1200 et
1516 1156 1687 1200 laudavi

109 1234 241 1279 mihi*
272 1235 317 1279 in
347 1234 639 1279 dulcissimum
671 1232 883 1291 patrem²3
916 1235 1048 1278 immo
1081 1235 1180 1290 quia
1211 1233 1431 1278 ecclesiam
1455 1234 1686 1278 Treveren-

110 1320 201 1356 sem
231 1325 399 1370 semper
428 1312 558 1357 habui
589 1316 632 1355 et
660 1311 880 1355 habiturus
914 1326 1007 1355 sum
1039 1312 1127 1356 vita
1159 1312 1387 1369 superstite
1416 1312 1462 1355 in
1493 1312 1686 1355 dulcissi-

108 1400 224 1434 mam
254 1393 448 1435 matrem.
496 1389 689 1434 Ecclesia
710 1389 1008 1433 Virdunensis‘
1040 1389 1283 1433 ecclesiam⁶
1306 1390 1607 1434 Treverensem
1637 1393 1686 1433 ut

108 1466 198 1512 fflia
227 1471 407 1524 matrem
439 1467 568 1524 digna
589 1467 826 1523 dilectione,
859 1467 1002 1511 debita
1032 1467 1290 1511 subiectione
1322 1467 1605 1525 amplectitur,
1637 1471 1686 1511 ut

109 1546 299 1592 subiecta
326 1545 564 1604 praelatam
594 1548 833 1589 veneratur.
885 1544 1107 1590 Menbrum
1140 1546 1253 1589 enim
1292 1546 1422 1603 capiti
1454 1552 1555 1589 suoss
1585 1559 1684 1590 con-

107 1636 264 1669 nexum
296 1623 475 1682 proficit,
509 1624 691 1687 divisum
723 1623 893 1667 omnino
926 1622 1077 1667 deficit.

227 1701 377 1758 Legati
407 1702 537 1746 vestri
571 1726 626 1732 -
657 1700 704 1744 F.
728 1701 1061 1757 archidiaconus,
1094 1701 1215 1745 miles
1247 1701 1300 1744 H.
1325 1726 1377 1731 -—
1403 1701 1682 1745 monuerunth

108 1792 198 1824 mee
235 1782 285 1823 ut
315 1779 531 1824 Treverim
563 1779 772 1834 venirem,
814 1779 1096 1823 obedientiam
1130 1779 1248 1823 vobis
1281 1782 1324 1823 et
1354 1779 1555 1823 ecclesiae
1586 1793 1683 1837 per-

109 1857 336 1914 solverem,
381 1857 638 1901 ordinationi
673 1860 838 1901 vestrae
873 1857 1170 1912 interessem⁰3
1218 1858 1577 1901 consecrationem
1611 1871 1682 1902 ve-

108 1938 242 1979 stram
263 1960 316 1966 -—
347 1935 393 1979 in
424 1938 545 1979 tanta
575 1934 763 1978 omnium
794 1934 1046 1979 necessitate
1076 1949 1162 1979 non
1193 1936 1318 1979 modo
1350 1936 1469 1979 vobis
1511 1936 1585 1980 sed
1624 1936 1680 1980 eti

106 2013 249 2070 nobiS,
289 2013 362 2069 qui
393 2012 640 2068 afflig-imur,
681 2012 753 2068 qui
791 2013 1106 2069 angustiamur,
1145 2013 1268 2057 valde
1307 2014 1591 2058 necessariam
1623 2037 1680 2043 —

106 2090 284 2135 ulterius
315 2098 423 2135 non⁰
455 2086 681 2135 differrem.

200 2169 332 2213 Tam
369 2168 506 2213 iustae
543 2171 631 2212 tam
669 2167 971 2211 saluberrimae
1009 2168 1232 2212 monitioni
1269 2182 1355 2212 non
1394 2182 1555 2212 moram
1595 2182 1681 2211 non

107 2244 399 2290 difficultatem
430 2246 615 2302 aliquam
648 2245 1002 2302 praetendissem,
1043 2246 1079 2289 si
1109 2246 1154 2289 in
1184 2246 1264 2289 hoc
1293 2251 1383 2289 tum
1416 2259 1555 2289 meam
1587 2249 1679 2289 tum

106 2326 291 2368 vestram
331 2323 511 2367 salutem
549 2336 633 2366 non
675 2323 980 2378 adtendissem,
1029 2323 1065 2366 si
1103 2337 1188 2367 non
1229 2323 1562 2367 benedictionem
1601 2337 1678 2380 pro

105 2399 415 2457 maledictione,
447 2400 829 2465 consecrationem*K
849 2415 926 2458 pro
956 2402 1236 2457 execratione,
1268 2401 1579 2445 ordinationem
1600 2415 1679 2458 pro

107 2476 368 2536 depositione
398 2478 477 2522 hoc
507 2481 698 2535 tempore
729 2482 1005 2535 reputassem.

226 2556 361 2609 Quod'
393 2557 507 2600 enim
544 2556 730 2599 maximo
769 2569 866 2600 cum
906 2556 1050 2599 dolore
1081 2555 1199 2600 vobis
1240 2557 1397 2612 refero,
1439 2556 1491 2600 ab
1531 2557 1678 2601 ordine

106 2646 356 2691 suspensum
378 2648 454 2687 vos
476 2633 686 2688 ordinare,
718 2633 1003 2690 periculosum
1035 2638 1157 2677 esset.
1210 2634 1268 2677 Ut
1296 2635 1581 2679 miserabilius
1614 2635 1678 2678 di-

106 2723 220 2767 cam,
260 2715 500 2756 execratum
533 2711 584 2754 de
616 2711 930 2754 consecratione
968 2714 1110 2754 vestra
1140 2717 1432 2768 praesumere,
1473 2713 1677 2769 pernitio-

199 2821 227 2842 α.
260 2812 407 2850 dignitate
430 2812 531 2842 vestra
551 2810 586 2841 G.
680 2811 710 2841 b.
744 2811 892 2841 electione
915 2813 1015 2841 vestra
1036 2811 1070 2841 G.
1164 2821 1189 2842 c.
1222 2821 1279 2843 om.
1297 2812 1333 2843 G.
1424 2813 1453 2844 d.
1487 2823 1535 2843 me
1557 2812 1676 2844 addidi.

107 2874 133 2895 e.
164 2865 278 2895 iustum
302 2865 470 2896 debitorem
493 2864 519 2894 G
540 2874 604 2903 pro
626 2864 793 2895 debitorem
817 2874 896 2895 esse.
1042 2864 1063 2894 f.
1091 2864 1304 2896 Wirdunensis
1326 2865 1360 2896 G'.
1500 2875 1529 2904 g.
1563 2866 1618 2896 sub
1641 2867 1675 2897 G.

105 2915 137 2947 h.
169 2919 328 2948 moverunt
348 2918 384 2948 G.
468 2918 488 2947 i.
518 2927 575 2947 om.
594 2917 652 2947 VZ.
741 2917 771 2947 k.
800 2918 1058 2948 consecrationem
1076 2933 1106 2938 —
1123 2918 1314 2958 depositione
1336 2929 1393 2949 om.
1411 2918 1446 2949 G.
1536 2919 1556 2949 1.
1587 2919 1676 2956 Quod

111 2984 144 2991 -
161 2969 340 3001 electionem
360 2971 494 3002 nondum
514 2971 615 3002 locato
635 2980 693 3000 om.
711 2969 746 3000 G.

203 3028 235 3063 1.
261 3028 455 3074 episcopus
471 3029 725 3065 virdunensis.
846 3030 880 3064 2.
906 3028 966 3064 die
992 3029 1013 3064 6
1038 3029 1115 3065 Ian.
1138 3030 1239 3066 1079.

1332 3088 1387 3124 9*
