2028 3438
389 265 476 307 760
748 277 986 308 nnnssonm
1016 278 1256 310 DIALOGUS.
1306 280 1391 310 Lm.
1414 280 1449 310 11
1483 277 1600 312 17.18

272 392 363 428 1124
389 382 518 426 milia.
612 382 768 427 Videns
790 386 930 427 autem
953 384 1187 441 episcopus,
1220 386 1319 440 quia
1345 386 1494 430 messis
1515 384 1671 431 multa¹
1702 390 1745 431 et
1773 388 1872 444 quia
1900 392 1944 433 et

287 442 351 472 lun.

377 459 483 503 ‘aliis
515 460 754 504 civitatibus
786 463 1021 517 oporteret’
1054 475 1148 504 eum
1181 462 1470 517 euangelizare
1503 459 1678 519 regnum
1708 463 1942 520 ‘Dei‚·*eum
1971 468 1973 471 '

388 537 486 581 inde
517 550 787 593 processurus
819 541 950 593 esset,
983 541 1131 582 vocata
1161 539 1378 595 concione,
1411 540 1489 584 hoc
1519 554 1710 586 sermone
1738 539 1943 586 allocutus

389 616 453 657 est
483 613 714 670 ecclesiam,
746 615 955 659 novellam
985 615 1287 672 plantationem
1320 630 1459 668 suam:

510 685 577 728 18.
627 697 780 739 „Fratres
789 722 799 738 ,
831 696 957 730 emulor
988 709 1046 730 vos
1070 697 1135 730 Dei
1168 698 1401 733 emulati0n02.
1438 699 1508 733 Vos
1539 699 1627 733 enim
1657 703 1792 741 omnes,
1822 699 1943 744 quiin

388 755 630 798 presentiarum
655 755 698 789 ad
722 767 775 789 me
801 756 1002 789 audiendum
1027 756 1229 790 convenistis
1254 763 1289 791 et
1311 770 1365 792 me
1390 759 1531 792 docente
1549 758 1679 792 christo
1703 757 1944 793 credidistifflet

388 814 558 847 christiani
582 814 662 847 facti
687 815 778 854 estis,
804 827 871 848 una
895 815 928 848 in
945 815 1087 849 Domino
1113 815 1254 849 ecclesia
1279 817 1359 850 estis
1385 817 1579 861 desponsati
1603 828 1664 861 per
1684 817 1786 850 fidem
1810 816 1943 850 domino

388 884 461 906 meo
486 873 562 906 Iesu
589 873 729 907 Christo.
773 874 849 907 Una
874 874 1007 917 inquam
1032 885 1090 908 vos
1115 886 1230 908 omnes
1255 874 1397 909 ecclesia
1421 876 1518 915 estis,
1549 887 1616 909 una
1640 881 1675 910 et
1697 875 1796 910 unica
1819 875 1944 919 sponsa

388 931 511 965 domini
535 932 600 965 mei
624 932 700 965 Iesu
718 932 849 973 Christi,
875 933 952 975 quia
974 932 1154 966 universali
1171 933 1310 967 ecclesie
1336 945 1396 978 per
1412 934 1512 967 fidem
1529 934 1730 978 incorporati
1746 934 1837 968 estis.
1873 933 1944 969 sed

388 991 466 1033 quia
498 1002 560 1034 ego
592 1002 652 1034 per
685 991 755 1023 eius
786 992 928 1034 gratiam
959 991 1056 1024 huius
1082 998 1192 1025 vestre
1221 993 1488 1036 desponsationis
1520 998 1635 1027 auctor
1659 1004 1734 1027 esse
1758 992 1873 1027 videor
1899 1012 1940 1019 -

387 1061 464 1082 nam
496 1061 558 1093 ego
590 1050 621 1083 ei
653 1050 710 1082 uni
735 1050 804 1083 viro
831 1050 994 1094 despondi
1019 1062 1077 1084 vos
1102 1051 1264 1094 virginem
1289 1057 1414 1085 castam
1438 1052 1595 1086 exhibere
1621 1051 1774 1086 Christo⁸
1799 1072 1840 1077 —
1864 1051 1943 1085 hinc

388 1114 451 1148 est,
476 1109 564 1151 quod
590 1108 715 1142 emulor
738 1120 808 1149 vos,
838 1121 904 1143 non
930 1115 1042 1143 tamen
1068 1111 1226 1153 qualibet,
1253 1111 1313 1144 sed
1337 1111 1402 1144 Dei
1426 1110 1636 1145 emulatione.
1685 1109 1773 1145 Nam
1797 1116 1832 1145 et
1854 1110 1944 1145 mala

388 1166 543 1200 emulatio
569 1178 643 1200 esse
668 1174 781 1211 pot-est
804 1168 896 1201 iuxta
920 1168 1003 1202 illud
1027 1170 1170 1212 apostoli
1194 1176 1272 1203 sunt
1296 1170 1430 1213 quidam
1437 1195 1447 1211 ‚
1479 1170 1535 1213 qui
1562 1169 1769 1213 „emulantur
1791 1167 1852 1203 vos
1874 1180 1942 1204 non

388 1226 531 1259 bene“⁴.
572 1226 720 1259 Emulari
745 1232 856 1260 autem
881 1233 933 1260 est
957 1227 1043 1260 velle
1067 1228 1253 1271 indignari,
1286 1229 1365 1262 licet
1388 1241 1448 1272 pro
1474 1229 1596 1262 imitari
1618 1239 1854 1272 nonnunqum
1877 1240 1940 1272 po-

389 1284 487 1317 situm
510 1285 709 1325 inveniatur,
734 1291 771 1318 ut
795 1291 848 1319 est
876 1282 1085 1328 „emulamini
1111 1287 1286 1320 carismata
1309 1287 1465 1321 meliora“
1477 1289 1503 1321 ⁵.
1540 1287 1626 1321 Volo
1650 1293 1762 1321 autom
1778 1287 1875 1322 vobis·
1887 1287 1940 1321 in-

389 1343 520 1386 dignari
551 1349 585 1376 et
614 1350 750 1388 paratus
775 1345 869 1378 vobis
895 1357 966 1378 sum
992 1345 1174 1388 indignari,
1207 1346 1295 1388 quod
1319 1347 1449 1390 pridem
1474 1347 1558 1387 dixi,
1589 1346 1715 1380 emulor
1738 1357 1809 1381 vos,
1857 1345 1942 1387 Quia

389 1402 460 1435 sine
485 1403 619 1436 tristitia
644 1408 678 1436 et
701 1403 931 1446 indignatione
955 1404 1043 1437 ferre
1067 1416 1134 1437 non
1159 1416 1294 1447 possum
1318 1416 1381 1438 nec
1405 1411 1542 1449 potero,
1571 1403 1633 1446 sib,
1656 1404 1747 1448 'quod
1770 1404 1874 1446 absit,
1898 1405 1943 1439 ad

387 1461 541 1494 iniuriam
566 1462 690 1495 domini
713 1463 779 1495 mei
802 1463 878 1496 Iesu
905 1463 1043 1504 Christi,
1069 1464 1122 1496 cui
1146 1475 1207 1506 per
1230 1463 1331 1497 fidem
1356 1476 1415 1498 vos
1440 1464 1616 1508 despondi,
1640 1474 1714 1497 cum
1738 1463 1801 1498 diis
1825 1464 1942 1498 alienis

387 1532 445 1554 vos
471 1520 580 1554 denuo
605 1521 830 1554 contaminare
856 1522 1035 1556 volueritis.
1075 1522 1149 1556 Hoc
1174 1523 1262 1556 enim
1286 1528 1338 1556 est
1362 1523 1587 1557 fornicationis
1611 1534 1730 1566 genus,
1755 1523 1844 1569 quod
1867 1534 1940 1557 ma-

386 1569 473 1612 xime
498 1585 635 1622 separat
659 1592 679 1612 a
702 1579 786 1613 Deo.
827 1580 973 1621 Fratres,
999 1581 1174 1614 intendite.
1212 1582 1298 1614 Ecce
1324 1593 1438 1615 omnes
1463 1582 1496 1614 in
1523 1582 1652 1615 Christo
1677 1582 1838 1625 baptizati
1862 1581 1941 1616 estis

387 1645 421 1671 et
445 1650 559 1672 omnes
578 1638 742 1671 Christum
766 1638 963 1679 induistis⁶;
989 1639 1197 1682 originalium
1223 1645 1257 1673 et
1281 1640 1458 1674 actualium
1475 1645 1686 1684 peccatorum
1702 1639 1942 1684 indulgentiam

387 1697 561 1740 accepistis
587 1698 628 1730 ab
654 1697 727 1740 ipso
736 1709 746 1737 ς
770 1698 885 1730 mundi
910 1698 990 1731 estis
1016 1704 1050 1731 et
1075 1699 1192 1739 sancti,
1217 1710 1284 1732 non
1310 1710 1370 1742 per
1394 1711 1455 1733 nos
1480 1700 1541 1732 sed
1564 1710 1626 1743 per
1650 1709 1726 1732 eum
1740 1699 1891 1733 mundati
1906 1705 1943 1734 et

387 1756 594 1796 sanctificati,
620 1756 697 1798 quia
721 1757 793 1799 ipse
818 1756 851 1788 in
877 1757 1040 1800 sanguine
1065 1769 1124 1790 suo
1150 1757 1231 1790 lavit
1255 1763 1395 1800 peccata
1411 1758 1558 1791 mundi⁷.
1594 1757 1707 1791 Nolite
1724 1769 1805 1802 ergo
1821 1759 1941 1792 iterum

386 1815 560 1858 inquinare
584 1826 642 1848 vos
673 1815 801 1848 cultura
832 1815 1006 1859 ydolorum
1014 1828 1024 1855 3
1056 1827 1134 1849 nam
1167 1816 1230 1849 hec
1261 1821 1313 1849 est
1342 1817 1563 1857 inmundicia,
1595 1828 1661 1860 qua
1692 1817 1824 1851 omnino
1848 1816 1940 1851 Deus

387 1873 575 1913 offenditur,
601 1879 636 1907 et
660 1874 792 1916 penitus
818 1879 953 1917 separat
977 1886 997 1907 a
1013 1875 1105 1914 Deo;
1130 1874 1234 1908 nolite
1258 1886 1316 1908 vos
1340 1876 1541 1918 prostituere
1566 1875 1811 1920 corruptoribus
1836 1881 1871 1910 et
1886 1876 1938 1909 in-

386 1933 518 1966 mundis
552 1933 732 1976 spiritibus.
778 1933 848 1966 Soli
871 1933 944 1967 Deo
970 1934 1110 1967 creatori
1135 1938 1264 1974 vestro,
1289 1933 1371 1967 nulli
1395 1939 1507 1968 autem
1531 1940 1686 1968 creature
1705 1935 1853 1968 divinum
1875 1935 1938 1969 ho-

386 2003 502 2025 norem
531 1992 704 2032 exhibete3
737 2003 780 2024 ne
812 1992 997 2034 indignatio
1030 1992 1100 2026 eius
1133 1998 1167 2025 et
1189 1992 1280 2026 furor
1304 1993 1417 2026 veniat
1442 2005 1541 2037 super
1565 2005 1635 2028 vos.
1683 1993 1752 2028 Sed
1775 1994 1882 2038 magis
1905 1994 1940 2028 in

387 2051 454 2084 fide
487 2056 521 2084 et
552 2062 613 2094 spe
645 2056 679 2083 et
709 2051 847 2083 caritate
871 2050 1039 2094 proficite,
1070 2056 1107 2083 ut
1130 2051 1318 2084 benedictio
1343 2051 1414 2085 eius
1439 2053 1551 2085 veniat
1575 2064 1676 2096 super
1699 2064 1758 2086 vos
1783 2058 1817 2086 et
1841 2064 1941 2097 super

387 2109 472 2142 filios
497 2115 625 2142 vestros
651 2114 686 2142 et
709 2114 765 2150 ut,
797 2110 828 2141 ei
853 2110 1028 2142 credentes
1054 2116 1088 2142 et
1111 2110 1212 2143 fidem
1236 2111 1392 2153 operibus
1417 2116 1634 2151 exornantes,
1664 2111 1766 2144 vitam
1787 2111 1940 2146 habeatis

387 2168 421 2200 in
445 2167 578 2201 nomine
602 2168 718 2211 ipsius,
744 2168 800 2210 qui
825 2168 867 2200 de
891 2168 1039 2201 tenebris
1063 2169 1194 2202 vocavit
1217 2180 1276 2202 vos
1294 2169 1328 2202 in
1346 2169 1540 2203 admirabile
1555 2169 1668 2203 lumen
1684 2170 1812 2204 suumfl.
1851 2170 1940 2204 Certi

388 2226 476 2259 enim
501 2238 575 2260 esse
601 2232 635 2259 et
658 2226 847 2259 nullatenus
873 2227 1026 2260 dubitare
1051 2227 1193 2268 debetis,
1218 2228 1306 2271 quia,
1333 2228 1360 2261 si
1384 2228 1471 2261 hanc
1494 2227 1528 2261 iu
1546 2239 1611 2271 qua
1627 2229 1727 2263 hodie
1743 2229 1844 2272 positi
1859 2229 1940 2264 estis

387 2285 611 2318 innocentiam
645 2291 680 2318 et
711 2285 1005 2318 sanctificationem
1035 2286 1138 2328 ipsius
1171 2286 1333 2320 adiutorio
1365 2297 1498 2320 servare
1530 2298 1634 2330 usque
1667 2287 1711 2320 ad
1740 2287 1841 2322 finem
1872 2288 1939 2322 vite

387 2349 497 2377 vestre
522 2344 726 2384 studueritis,
750 2355 817 2377 non
843 2344 948 2377 solum
972 2350 1112 2377 mortem
1135 2345 1284 2378 evadetis
1309 2350 1459 2378 eternam
1478 2345 1539 2378 sed
1555 2345 1655 2379 etiam
1671 2346 1829 2389 gaudium
1844 2347 1940 2390 regni

388 2402 519 2435 celestis
548 2402 762 2445 possidebitis
786 2402 821 2435 in
847 2408 1008 2436 eternum.
1057 2403 1127 2436 Sed
1151 2403 1228 2446 quia
1252 2403 1319 2436 vita
1343 2414 1482 2446 presens
1506 2403 1578 2436 sine
1602 2404 1748 2446 peccatis
1773 2405 1849 2438 duci
1871 2417 1940 2439 non

388 2466 499 2503 potest
525 2481 564 2484 —
592 2461 681 2494 lucta
705 2461 793 2494 enim
817 2466 851 2494 et
875 2460 1049 2504 temptatio
1075 2467 1126 2494 est
1142 2461 1210 2494 vita
1234 2461 1375 2495 hominis
1399 2472 1500 2505 super
1514 2463 1658 2495 terramss‘
1674 2482 1714 2487 —
1734 2463 1938 2497 discessurus

388 2531 408 2551 a
432 2519 538 2559 vobis,
562 2520 658 2553 trado
682 2520 787 2560 vobis,
814 2531 877 2563 que
901 2520 1025 2553 tradita
1050 2525 1127 2552 sunt
1150 2520 1245 2554 nobis
1271 2533 1291 2553 a
1306 2520 1459 2561 Domino,
1484 2531 1592 2553 arram
1615 2520 1695 2554 fidei
1714 2527 1828 2556 sancte
1851 2523 1939 2556 inter

387 2589 445 2610 vos
479 2583 512 2610 et
535 2577 662 2617 Deum,
695 2584 823 2621 septem
847 2577 1003 2611 videlicet
1027 2584 1234 2611 sacramenta
1259 2579 1416 2619 ecclesie,
1449 2579 1543 2621 quasi
1567 2585 1695 2622 septem
1719 2580 1938 2623 significativa

387 2635 476 2668 dona
501 2635 643 2678 Spiritus
674 2637 780 2670 sancti
787 2649 798 2676 3
830 2637 947 2679 quibus
977 2637 1102 2670 utendo
1132 2636 1166 2669 in
1198 2637 1366 2670 laboribus
1398 2642 1433 2670 et
1457 2637 1634 2670 certamine
1658 2638 1756 2671 huius
1779 2638 1847 2672 vite
1870 2650 1937 2673 non

388 2693 531 2726 deficere
562 2694 623 2726 sed
653 2695 813 2737 proficere
846 2700 956 2728 vestra
988 2695 1094 2738 possit
1125 2695 1266 2729 ecclesia
1294 2706 1435 2738 suosque
1460 2695 1609 2729 defectus
1634 2696 1780 2731 reficere.
1816 2697 1938 2731 Videte

388 2762 468 2794 ergo
486 2757 519 2784 et
536 2758 649 2785 tenete
667 2758 711 2793 et,
725 2759 762 2786 ut
774 2753 896 2794 sciatis,
911 2753 1088 2796 diligenter
1101 2758 1292 2788 enumerate
1300 2760 1323 2795 ⁰,
1337 2765 1400 2797 que
1412 2754 1572 2788 tradimus
1585 2755 1689 2795 vobis,
1703 2755 1913 2789 discedentes
1922 2754 1937 2776 ‘¹

485 2837 511 2857 a.
545 2830 664 2866 oportet
686 2830 787 2859 NBR.
879 2830 907 2860 b.
941 2831 995 2860 sed
1017 2831 1058 2867 N,
1082 2831 1108 2860 si
1129 2831 1197 2860 BR.
1288 2840 1313 2861 c.
1345 2840 1516 2860 enumerare
1539 2831 1579 2860 N.
1661 2832 1691 2862 d.
1723 2832 1874 2862 discentes
1896 2833 1936 2863 N.

485 2885 516 2919 1.
543 2884 668 2920 Matth.
684 2887 716 2930 9,
734 2887 791 2921 36.
889 2888 921 2922 2.
948 2888 969 2922 2
987 2887 1135 2932 cor.11‚
1153 2889 1187 2923 2.
1282 2889 1315 2923 3.
1342 2888 1364 2923 2
1381 2887 1579 2932 cor.11,2.
1674 2889 1708 2924 4,
1735 2888 1861 2934 (ΜΛ,
1880 2890 1935 2925 17.

390 2942 424 2978 5.
454 2943 472 2977 1
491 2941 572 2977 eor.
590 2943 645 2987 12,
668 2943 725 2978 31.
846 2946 879 2980 6.
905 2944 984 2980 Gai.
1003 2946 1036 2991 3,
1061 2946 1118 2981 27.
1238 2946 1270 2981 7.
1296 2945 1411 2991 Apoc.
1427 2946 1458 2990 1,
1483 2945 1516 2980 5.
1634 2947 1668 2981 8.
1694 2947 1714 2982 1
1731 2946 1827 2982 Petr.
1843 2947 1876 2992 2,
1901 2947 1935 2983 9.

387 3002 420 3036 9.
447 2999 502 3036 Cf.
518 2999 595 3036 Iob.
610 3002 642 3046 7,
660 3002 692 3036 1.
