2028 3438
407 248 490 292 124
782 242 785 246 ’
924 262 1144 294 nmmum
1173 262 1342 295 connx.
1389 262 1435 295 58

286 377 377 412 1078
402 367 656 424 perceperit,
704 381 776 411 vos
814 368 898 425 ipsi
937 368 1199 423 cognescitis.
1255 364 1373 419 Quod
1413 369 1523 412 enim
1569 370 1658 413 sine
1689 368 1955 414 'dolore''vix
1983 381 1987 384 ’

402 456 622 499 possumus
662 444 728 487 vel
765 443 998 500 reminisci,
1040 445 1101 488 ita
1131 445 1283 488 caritas
1314 445 1539 488 multorum
1571 446 1683 489 circa
1712 444 1956 489 0011110ρή-

401 520 544 575 gescit,
575 523 623 563 ut
651 520 754 563 haec
773 524 964 577 tempora
983 534 1059 577 per
1081 521 1340 576 euangelium
1363 523 1631 578 praesignata
1650 521 1953 578 quodammodo

402 596 638 652 specialiter
655 597 887 652 videantur,
919 597 990 640 ubi
1012 597 1182 640 dicitur:
1218 598 1428 651 Quoniam
1458 600 1716 642 habundavit
1733 600 1951 656 iniquitas,

399 674 635 729 rffriyescet
665 677 842 717 caritas·
873 675 1097 717 multorum
1109 671 1130 716 ¹.
1186 673 1306 717 Unde
1344 674 1444 729 quid
1483 674 1596 717 aliud
1634 674 1954 730 dixerim*,·>³nisi

400 748 511 805 quod
549 763 642 804 vos,
668 750 758 805 -qui
797 754 868 793 aut
906 751 1086 805 segniter
1125 749 1368 805 neglexistis
1409 750 1503 794 autb
1549 750 1699 806 pavide
1739 750 1952 806 refugistis

399 824 525 868 matri
555 829 718 869 vestrae
757 827 802 869 in
840 830 958 870 tanta
995 840 1192 883 pressura
1229 826 1441 881 solaciari,
1481 827 1649 871 nomine
1677 826 1953 871 filiorum-''in-

399 902 545 956 dignos
578 905 619 945 et
650 903 837 946 caritatis
863 903 1090 947 visceribus
1119 903 1276 946 alienos
1298 916 1371 946 vos
1399 902 1646 947 ostenditis?
1691 903 1823 956 Quem
1853 917 1952 948 vero
2006 934 2012 939 -

399 979 602 1035 pudorem
634 978 698 1021 vel
729 979 866 1035 potius
893 983 1094 1036 quantum
1115 979 1313 1034 dolorem,
1347 980 1534 1035 quisquis
1555 983 1619 1024 est
1639 993 1766 1025 sanae
1785 980 1951 1036 mentia,

398 1068 483 1098 non
514 1055 678 1110 sentiat,
711 1068 805 1098 cum
837 1056 1092 1100 consideret:
1132 1059 1418 1113 persecutores
1449 1056 1701 1101 christianae
1737 1057 1951 1112 religionis

399 1134 518 1174 tanta
537 1131 731 1174 factionis
752 1133 1072 1188 conspiratione,
1106 1133 1166 1175 sic
1186 1133 1435 1176 omnimodis
1457 1133 1685 1189 annisibus,
1711 1147 1797 1177 non
1816 1134 1950 1178 solum

399 1221 466 1250 res
504 1221 600 1251 suas
631 1209 919 1264 profundendo
960 1209 1033 1252 sed
1071 1210 1196 1252 etiam
1238 1223 1282 1253 se
1319 1210 1434 1266 ipsos
1471 1211 1597 1253 morti
1634 1210 1859 1266 tradendo,
1898 1211 1957 1254 ad·

399 1283 647 1340 explendam
687 1286 816 1328 animi
854 1286 1113 1328 atrocitatem
1154 1286 1235 1329 huc
1271 1299 1403 1342 usque
1452 1287 1714 1342 desudasse3·
1741 1286 1949 1331 neminem

399 1364 538 1404 autem
576 1361 643 1404 vel
674 1362 745 1404 vix
775 1362 1049 1418 paucissimos
1079 1363 1271 1405 iusticiae
1307 1363 1492 1407 fautores
1530 1368 1602 1407 aut
1637 1364 1951 1420 corporum-la-

398 1437 540 1480 borem
572 1438 724 1493 subire,
757 1442 830 1481 aut
859 1452 997 1481 rerum
1030 1439 1249 1496 dispendia
1270 1441 1371 1495 pati,
1404 1443 1476 1482 aut
1506 1440 1557 1483 de
1579 1440 1699 1484 bonis
1720 1441 1807 1484 suis
1828 1454 1950 1498 opem

396 1514 544 1556 matri⁶
576 1528 675 1557 suae
706 1514 903 1558 ecclesiae
933 1516 1043 1558 ferre
1075 1516 1298 1559 curavisse.
1345 1516 1522 1572 Verum,
1562 1520 1771 1573 utcunque
1800 1517 1950 1561 frater-

327 1603 329 1605 ’
395 1590 506 1633 nitas
544 1594 681 1634 vestra
719 1605 808 1634 sese
848 1591 1061 1647 habuerit,
1107 1592 1348 1635 benedictus
1386 1593 1501 1636 Deus
1548 1597 1590 1636 et
1634 1596 1756 1650 pater
1793 1593 1950 1636 domini

395 1667 529 1709 nostri
559 1667 653 1710 Iesu
683 1666 864 1723 Christi,
896 1672 1014 1724 pater
1044 1669 1422 1712 misericordiarum
1456 1673 1498 1712 et
1528 1669 1654 1713 deus‘¹
1691 1670 1819 1713 totius
1850 1683 1948 1714 con-

396 1743 625 1799 solationis,
657 1745 728 1800 qui
759 1744 994 1787 consolatur
1023 1758 1099 1788 nos
1130 1745 1174 1787 in
1206 1746 1319 1788 omni
1350 1746 1619 1790 tribulatione
1650 1744 1829 1802 nostra’,
1861 1747 1945 1803 qui,

393 1833 468 1862 nos
507 1820 558 1863 ab
591 1820 924 1863 adversariorum
962 1821 1154 1865 manibus
1194 1825 1234 1864 et
1271 1826 1584 1878 persecutorum
1615 1822 1814 1867 violentia
1849 1836 1947 1880 pro-

393 1900 551 1951 tegens,
582 1896 781 1940 hactenus
809 1898 853 1940 in
875 1911 1002 1940 manu
1022 1901 1166 1941 nostra
1185 1899 1394 1941 iusticiam
1415 1900 1639 1943 secundum
1661 1899 1946 1944 testimonium

394 1974 672 2016 conscientiae
708 1978 875 2017 nostrae
914 1975 1098 2018 defendit
1135 1979 1278 2031 atque,
1318 1977 1529 2032 potentiae
1561 1990 1660 2020 suae
1690 1977 1832 2032 vigore
1868 1977 1945 2021 hu-

393 2063 542 2093 manae
579 2049 836 2093 infirmitatis
874 2051 1187 2095 inbecillitatem
1225 2056 1412 2095 nostram
1443 2053 1736 2108 corroborans,
1766 2054 1829 2096 ad
1865 2054 1945 2097 ini-

394 2127 595 2182 quitatem
640 2128 825 2170 converti
871 2128 996 2171 nullis
1042 2142 1117 2171 nos
1170 2129 1492 2185 promissionum
1538 2129 1772 2186 blanditiis,
1818 2130 1944 2174 nullis

394 2204 635 2246 vexantium
673 2204 901 2247 terroribus
941 2206 1052 2248 sinit.
1107 2205 1193 2262 Ipsi
1229 2205 1357 2260 igitur
1394 2206 1550 2260 gratias
1589 2206 1799 2250 inmensas
1837 2207 1944 2251 refe-

392 2280 544 2335 rimus,
586 2280 656 2335 qui
694 2294 792 2336 nos,
830 2281 1029 2324 infractos
1067 2282 1148 2325 huc
1186 2296 1317 2337 usque
1357 2283 1401 2325 in
1439 2296 1660 2339 pressurae
1697 2287 1944 2340 tempestate

393 2368 665 2411 conservans,
711 2358 764 2400 ad
812 2358 1019 2413 quandam
1067 2371 1183 2414 spem
1229 2359 1546 2414 tranquillitatis
1584 2359 1644 2402 sic
1693 2360 1834 2403 liberis
1878 2361 1943 2403 in-

393 2433 575 2475 cessibus
607 2433 745 2489 duxit,
785 2438 831 2477 ut
861 2448 966 2490 non,
1002 2448 1077 2478 nos
1109 2438 1254 2477 contra
1284 2435 1556 2492 principalem
1586 2436 1777 2480 iusticiae
1806 2437 1942 2481 inten-

391 2509 548 2552 tionem
587 2510 740 2565 egisse,
780 2514 852 2553 aut
889 2511 1061 2567 propria
1102 2500 1354 2554 conscientia
1398 2516 1470 2554 aut
1516 2513 1824 2569 religiosorum,
1871 2514 1943 2570 qui

390 2589 607 2640 noverunt,
640 2587 891 2630 examinatio
921 2588 1210 2645 reprehendat.

509 2661 573 2704 De
604 2665 761 2717 cetero,
799 2663 972 2719 fratres,
1011 2668 1058 2707 ut
1089 2677 1214 2707 causa
1243 2664 1470 2719 iurgiorum
1503 2669 1544 2708 et
1575 2665 1802 2722 discordia,
1836 2679 1941 2722 quae

390 2738 500 2780 inter
519 2752 693 2792 regnum
716 2743 757 2781 et
778 2741 1047 2795 apostolicam
1071 2742 1211 2784 sedem
1231 2741 1314 2784 iam
1338 2741 1492 2783 dudum
1517 2742 1710 2798 agitatur,
1734 2746 1941 2786 annuente

390 2814 571 2857 Domino
603 2828 830 2868 congruum
862 2817 999 2860 valeat·
1028 2817 1153 2861 finem
1185 2818 1339 2873 sortiri,
1369 2832 1442 2860 vos
1475 2818 1528 2860 ad
1558 2819 1782 2874 synodum,
1815 2833 1940 2875 quam

483 2923 510 2943 a.
543 2922 568 2943 c.
588 2914 645 2944 VZ.
770 2915 798 2944 b.
833 2925 866 2945 ac
884 2916 941 2945 VZ.
1066 2926 1091 2946 c.
1124 2917 1228 2946 matris
1246 2916 1315 2950 VZ.,
1426 2917 1454 2946 d.
1488 2926 1543 2947 om.
1562 2918 1592 2947 V.

486 2977 517 3011 1.
543 2976 668 3011 Matth.
687 2977 743 3022 24,
763 2978 817 3011 12.
939 2980 971 3012 2.
999 2980 1019 3013 2
1037 2978 1196 3014 Corinth.
1217 2980 1247 3024 1,
1274 2980 1306 3014 3.
1324 2979 1358 3014 4.
