<?xml version="1.0" encoding="UTF-8"?>
<!DOCTYPE html PUBLIC "-//W3C//DTD XHTML 1.0 Transitional//EN"
    "http://www.w3.org/TR/xhtml1/DTD/xhtml1-transitional.dtd">
<html xmlns="http://www.w3.org/1999/xhtml" xml:lang="en" lang="en">
 <head>
  <title>
</title>
<meta http-equiv="Content-Type" content="text/html;charset=utf-8" />
  <meta name='ocr-system' content='tesseract 3.04.00' />
  <meta name='ocr-capabilities' content='ocr_page ocr_carea ocr_par ocr_line ocrx_word'/>
</head>
<body>
  <div class='ocr_page' id='page_1' title='image "bibliothecarerum05wattuoft_0833.png"; bbox 0 0 2028 3438; ppageno 0'>
   <div class='ocr_carea' id='block_1_1' title="bbox 434 242 1668 285">
    <p class='ocr_par' dir='ltr' id='par_1_1' title="bbox 434 242 1668 285">
     <span class='ocr_line' id='line_1_1' title="bbox 434 242 1668 285; baseline 0.002 -3"><span class='ocrx_word' id='word_1_1' title='bbox 434 251 675 283; x_wconf 73' lang='lat' dir='ltr'>nunsonm</span> <span class='ocrx_word' id='word_1_2' title='bbox 703 251 946 284; x_wconf 68' lang='lat' dir='ltr'>numetis.</span> <span class='ocrx_word' id='word_1_3' title='bbox 994 253 1082 284; x_wconf 78' lang='lat' dir='ltr'>mn.</span> <span class='ocrx_word' id='word_1_4' title='bbox 1104 254 1156 284; x_wconf 82' lang='lat'>111</span> <span class='ocrx_word' id='word_1_5' title='bbox 1186 251 1330 285; x_wconf 80' lang='lat'>22—24</span> <span class='ocrx_word' id='word_1_6' title='bbox 1583 242 1668 284; x_wconf 85' lang='lat'>817</span> 
     </span>
    </p>
   </div>
   <div class='ocr_carea' id='block_1_2' title="bbox 99 355 1788 415">
    <p class='ocr_par' dir='ltr' id='par_1_2' title="bbox 99 355 1788 415">
     <span class='ocr_line' id='line_1_2' title="bbox 99 355 1788 415; baseline 0.003 -14"><span class='ocrx_word' id='word_1_7' title='bbox 99 355 439 414; x_wconf 68' lang='lat' dir='ltr'>mentis-corpus</span> <span class='ocrx_word' id='word_1_8' title='bbox 469 356 597 400; x_wconf 87' lang='lat' dir='ltr'>morti</span> <span class='ocrx_word' id='word_1_9' title='bbox 628 356 807 413; x_wconf 88' lang='lat' dir='ltr'>obicere,</span> <span class='ocrx_word' id='word_1_10' title='bbox 839 357 967 413; x_wconf 88' lang='lat' dir='ltr'>digna</span> <span class='ocrx_word' id='word_1_11' title='bbox 997 358 1206 403; x_wconf 85' lang='lat' dir='ltr'>existente</span> <span class='ocrx_word' id='word_1_12' title='bbox 1235 359 1376 415; x_wconf 87' lang='lat' dir='ltr'>aliqua</span> <span class='ocrx_word' id='word_1_13' title='bbox 1396 359 1667 414; x_wconf 87' lang='lat' dir='ltr'>necessitate3</span> <span class='ocrx_word' id='word_1_14' title='bbox 1695 370 1788 407; x_wconf 81' lang='lat'><strong>1127</strong></span> 
     </span>
    </p>
   </div>
   <div class='ocr_carea' id='block_1_3' title="bbox 12 430 1671 493">
    <p class='ocr_par' dir='ltr' id='par_1_3' title="bbox 12 430 1671 493">
     <span class='ocr_line' id='line_1_3' title="bbox 12 430 1671 493; baseline 0.002 -16"><span class='ocrx_word' id='word_1_15' title='bbox 12 430 16 437; x_wconf 76' lang='lat'><em>&#39;</em></span> <span class='ocrx_word' id='word_1_16' title='bbox 98 434 226 489; x_wconf 70' lang='lat' dir='ltr'>atque</span> <span class='ocrx_word' id='word_1_17' title='bbox 255 432 387 489; x_wconf 85' lang='lat' dir='ltr'>aliud,</span> <span class='ocrx_word' id='word_1_18' title='bbox 414 447 469 478; x_wconf 80' lang='lat' dir='ltr'>ox</span> <span class='ocrx_word' id='word_1_19' title='bbox 499 433 745 479; x_wconf 86' lang='lat' dir='ltr'>infirmitate</span> <span class='ocrx_word' id='word_1_20' title='bbox 776 435 916 479; x_wconf 89' lang='lat' dir='ltr'>carnis</span> <span class='ocrx_word' id='word_1_21' title='bbox 949 435 1125 480; x_wconf 88' lang='lat' dir='ltr'>eandem</span> <span class='ocrx_word' id='word_1_22' title='bbox 1153 436 1479 493; x_wconf 81' lang='lat' dir='ltr'>pertimescere?</span> <span class='ocrx_word' id='word_1_23' title='bbox 1587 435 1671 480; x_wconf 85' lang='lat' dir='ltr'>Sed</span> 
     </span>
    </p>
   </div>
   <div class='ocr_carea' id='block_1_4' title="bbox 91 508 1671 2888">
    <p class='ocr_par' dir='ltr' id='par_1_4' title="bbox 91 508 1671 1575">
     <span class='ocr_line' id='line_1_4' title="bbox 97 508 1671 570; baseline 0.001 -16"><span class='ocrx_word' id='word_1_24' title='bbox 97 508 335 555; x_wconf 62' lang='lat' dir='ltr'>hoa-otiam</span> <span class='ocrx_word' id='word_1_25' title='bbox 365 511 632 555; x_wconf 87' lang='lat' dir='ltr'>considerare</span> <span class='ocrx_word' id='word_1_26' title='bbox 662 514 797 568; x_wconf 88' lang='lat' dir='ltr'>potes,</span> <span class='ocrx_word' id='word_1_27' title='bbox 830 512 942 568; x_wconf 92' lang='lat' dir='ltr'>quod</span> <span class='ocrx_word' id='word_1_28' title='bbox 971 526 1056 556; x_wconf 92' lang='lat' dir='ltr'>non</span> <span class='ocrx_word' id='word_1_29' title='bbox 1089 513 1140 557; x_wconf 90' lang='lat' dir='ltr'>de</span> <span class='ocrx_word' id='word_1_30' title='bbox 1172 526 1306 568; x_wconf 85' lang='lat' dir='ltr'>agone</span> <span class='ocrx_word' id='word_1_31' title='bbox 1336 513 1545 570; x_wconf 89' lang='lat' dir='ltr'>passionis</span> <span class='ocrx_word' id='word_1_32' title='bbox 1570 515 1671 557; x_wconf 87' lang='lat' dir='ltr'>tunc</span> 
     </span>
     <span class='ocr_line' id='line_1_5' title="bbox 97 587 1670 646; baseline 0.001 -15"><span class='ocrx_word' id='word_1_33' title='bbox 97 587 302 645; x_wconf 74' lang='lat' dir='ltr'>temporis</span> <span class='ocrx_word' id='word_1_34' title='bbox 331 587 556 644; x_wconf 77' lang='lat' dir='ltr'>cogitabat,</span> <span class='ocrx_word' id='word_1_35' title='bbox 589 588 664 633; x_wconf 91' lang='lat' dir='ltr'>sed</span> <span class='ocrx_word' id='word_1_36' title='bbox 685 589 821 643; x_wconf 87' lang='lat' dir='ltr'>magis</span> <span class='ocrx_word' id='word_1_37' title='bbox 841 589 894 633; x_wconf 90' lang='lat' dir='ltr'>de</span> <span class='ocrx_word' id='word_1_38' title='bbox 916 589 1065 634; x_wconf 88' lang='lat' dir='ltr'>arbore</span> <span class='ocrx_word' id='word_1_39' title='bbox 1085 590 1218 646; x_wconf 91' lang='lat' dir='ltr'>nucis,</span> <span class='ocrx_word' id='word_1_40' title='bbox 1251 590 1303 635; x_wconf 91' lang='lat' dir='ltr'>de</span> <span class='ocrx_word' id='word_1_41' title='bbox 1325 590 1443 634; x_wconf 90' lang='lat' dir='ltr'>cuius</span> <span class='ocrx_word' id='word_1_42' title='bbox 1464 590 1670 634; x_wconf 89' lang='lat' dir='ltr'>incisione</span> 
     </span>
     <span class='ocr_line' id='line_1_6' title="bbox 96 660 1668 724; baseline 0.002 -17"><span class='ocrx_word' id='word_1_43' title='bbox 96 673 192 709; x_wconf 83' lang='lat' dir='ltr'>oum</span> <span class='ocrx_word' id='word_1_44' title='bbox 223 660 385 711; x_wconf 70' lang='lat' dir='ltr'>civibus</span> <span class='ocrx_word' id='word_1_45' title='bbox 414 665 638 710; x_wconf 84' lang='lat' dir='ltr'>tractabat.</span> <span class='ocrx_word' id='word_1_46' title='bbox 759 666 817 709; x_wconf 91' lang='lat' dir='ltr'>Et</span> <span class='ocrx_word' id='word_1_47' title='bbox 846 667 882 710; x_wconf 90' lang='lat' dir='ltr'>si</span> <span class='ocrx_word' id='word_1_48' title='bbox 913 666 1039 710; x_wconf 91' lang='lat' dir='ltr'>altius</span> <span class='ocrx_word' id='word_1_49' title='bbox 1060 681 1150 711; x_wconf 90' lang='lat' dir='ltr'>rem</span> <span class='ocrx_word' id='word_1_50' title='bbox 1172 667 1451 724; x_wconf 89' lang='lat' dir='ltr'>contemplari</span> <span class='ocrx_word' id='word_1_51' title='bbox 1471 667 1668 723; x_wconf 89' lang='lat' dir='ltr'>volueris,</span> 
     </span>
     <span class='ocr_line' id='line_1_7' title="bbox 97 740 1668 800; baseline 0 -13"><span class='ocrx_word' id='word_1_52' title='bbox 97 740 292 787; x_wconf 72' lang='lat' dir='ltr'>animalis</span> <span class='ocrx_word' id='word_1_53' title='bbox 323 742 499 799; x_wconf 86' lang='lat' dir='ltr'>spiritus</span> <span class='ocrx_word' id='word_1_54' title='bbox 529 743 781 787; x_wconf 84' lang='lat' dir='ltr'>naturaliter</span> <span class='ocrx_word' id='word_1_55' title='bbox 811 744 1032 788; x_wconf 82' lang='lat' dir='ltr'>exterioris</span> <span class='ocrx_word' id='word_1_56' title='bbox 1053 745 1287 789; x_wconf 83' lang='lat' dir='ltr'>substantie</span> <span class='ocrx_word' id='word_1_57' title='bbox 1309 744 1503 800; x_wconf 90' lang='lat' dir='ltr'>salutem,</span> <span class='ocrx_word' id='word_1_58' title='bbox 1537 758 1668 800; x_wconf 91' lang='lat' dir='ltr'>quan-</span> 
     </span>
     <span class='ocr_line' id='line_1_8' title="bbox 95 817 1665 878; baseline 0.001 -15"><span class='ocrx_word' id='word_1_59' title='bbox 95 819 189 863; x_wconf 79' lang='lat' dir='ltr'>tum</span> <span class='ocrx_word' id='word_1_60' title='bbox 214 817 260 863; x_wconf 90' lang='lat' dir='ltr'>in</span> <span class='ocrx_word' id='word_1_61' title='bbox 286 818 381 876; x_wconf 90' lang='lat' dir='ltr'>ipso</span> <span class='ocrx_word' id='word_1_62' title='bbox 402 823 480 876; x_wconf 85' lang='lat' dir='ltr'>est,</span> <span class='ocrx_word' id='word_1_63' title='bbox 511 820 622 864; x_wconf 88' lang='lat' dir='ltr'>tueri</span> <span class='ocrx_word' id='word_1_64' title='bbox 643 820 769 874; x_wconf 83' lang='lat' dir='ltr'>solet3</span> <span class='ocrx_word' id='word_1_65' title='bbox 802 822 967 878; x_wconf 90' lang='lat' dir='ltr'>appetit</span> <span class='ocrx_word' id='word_1_66' title='bbox 986 822 1279 877; x_wconf 84' lang='lat' dir='ltr'>conducibilia,</span> <span class='ocrx_word' id='word_1_67' title='bbox 1310 822 1419 877; x_wconf 87' lang='lat' dir='ltr'>fugit</span> <span class='ocrx_word' id='word_1_68' title='bbox 1440 821 1665 865; x_wconf 81' lang='lat' dir='ltr'>contraria.</span> 
     </span>
     <span class='ocr_line' id='line_1_9' title="bbox 95 894 1667 948; baseline 0.001 -7"><span class='ocrx_word' id='word_1_69' title='bbox 95 894 228 948; x_wconf 78' lang='lat' dir='ltr'>Quom</span> <span class='ocrx_word' id='word_1_70' title='bbox 265 898 410 942; x_wconf 85' lang='lat' dir='ltr'>tamen</span> <span class='ocrx_word' id='word_1_71' title='bbox 446 898 615 942; x_wconf 90' lang='lat' dir='ltr'>interna</span> <span class='ocrx_word' id='word_1_72' title='bbox 644 898 800 942; x_wconf 87' lang='lat' dir='ltr'>mentis</span> <span class='ocrx_word' id='word_1_73' title='bbox 830 899 941 942; x_wconf 88' lang='lat' dir='ltr'>ratio</span> <span class='ocrx_word' id='word_1_74' title='bbox 972 900 1129 943; x_wconf 89' lang='lat' dir='ltr'>saniori</span> <span class='ocrx_word' id='word_1_75' title='bbox 1161 899 1336 944; x_wconf 91' lang='lat' dir='ltr'>consilio</span> <span class='ocrx_word' id='word_1_76' title='bbox 1369 912 1395 942; x_wconf 89' lang='lat' dir='ltr'>a</span> <span class='ocrx_word' id='word_1_77' title='bbox 1425 898 1667 942; x_wconf 91' lang='lat' dir='ltr'>conducibi-</span> 
     </span>
     <span class='ocr_line' id='line_1_10' title="bbox 93 972 1667 1034; baseline 0.001 -17"><span class='ocrx_word' id='word_1_78' title='bbox 93 972 206 1018; x_wconf 81' lang='lat' dir='ltr'>libus</span> <span class='ocrx_word' id='word_1_79' title='bbox 234 973 448 1019; x_wconf 74' lang='lat' dir='ltr'>interdum</span> <span class='ocrx_word' id='word_1_80' title='bbox 480 975 690 1020; x_wconf 85' lang='lat' dir='ltr'>abstrahit</span> <span class='ocrx_word' id='word_1_81' title='bbox 719 979 762 1020; x_wconf 90' lang='lat' dir='ltr'>et</span> <span class='ocrx_word' id='word_1_82' title='bbox 781 977 1005 1020; x_wconf 83' lang='lat' dir='ltr'>contrariis</span> <span class='ocrx_word' id='word_1_83' title='bbox 1026 977 1292 1034; x_wconf 84' lang='lat' dir='ltr'>passionibus</span> <span class='ocrx_word' id='word_1_84' title='bbox 1314 975 1477 1031; x_wconf 85' lang='lat' dir='ltr'>affligit.</span> <span class='ocrx_word' id='word_1_85' title='bbox 1525 975 1667 1019; x_wconf 91' lang='lat' dir='ltr'>Nichil</span> 
     </span>
     <span class='ocr_line' id='line_1_11' title="bbox 94 1051 1668 1111; baseline 0 -15"><span class='ocrx_word' id='word_1_86' title='bbox 94 1062 194 1111; x_wconf 58' lang='lat' dir='ltr'>engo</span> <span class='ocrx_word' id='word_1_87' title='bbox 224 1051 396 1108; x_wconf 80' lang='lat' dir='ltr'>mirum,</span> <span class='ocrx_word' id='word_1_88' title='bbox 427 1052 478 1108; x_wconf 88' lang='lat' dir='ltr'>si,</span> <span class='ocrx_word' id='word_1_89' title='bbox 505 1054 673 1098; x_wconf 73' lang='lat' dir='ltr'>,ratione</span> <span class='ocrx_word' id='word_1_90' title='bbox 695 1054 800 1098; x_wconf 86' lang='lat' dir='ltr'>alias</span> <span class='ocrx_word' id='word_1_91' title='bbox 824 1055 1024 1110; x_wconf 89' lang='lat' dir='ltr'>intentus,</span> <span class='ocrx_word' id='word_1_92' title='bbox 1056 1054 1339 1098; x_wconf 87' lang='lat' dir='ltr'>teneritudine</span> <span class='ocrx_word' id='word_1_93' title='bbox 1365 1053 1581 1097; x_wconf 92' lang='lat' dir='ltr'>oculorum</span> <span class='ocrx_word' id='word_1_94' title='bbox 1604 1053 1668 1096; x_wconf 85' lang='lat' dir='ltr'>fa-</span> 
     </span>
     <span class='ocr_line' id='line_1_12' title="bbox 93 1127 1668 1188; baseline -0.001 -14"><span class='ocrx_word' id='word_1_95' title='bbox 93 1127 243 1184; x_wconf 69' lang='lat' dir='ltr'>ciente,</span> <span class='ocrx_word' id='word_1_96' title='bbox 274 1129 513 1174; x_wconf 77' lang='lat' dir='ltr'>venientem</span> <span class='ocrx_word' id='word_1_97' title='bbox 544 1130 675 1174; x_wconf 88' lang='lat' dir='ltr'>ictum</span> <span class='ocrx_word' id='word_1_98' title='bbox 708 1132 892 1188; x_wconf 86' lang='lat' dir='ltr'>expavit.</span> <span class='ocrx_word' id='word_1_99' title='bbox 1015 1131 1209 1187; x_wconf 90' lang='lat' dir='ltr'>Denique</span> <span class='ocrx_word' id='word_1_100' title='bbox 1240 1131 1383 1175; x_wconf 92' lang='lat' dir='ltr'>divino</span> <span class='ocrx_word' id='word_1_101' title='bbox 1411 1131 1539 1175; x_wconf 90' lang='lat' dir='ltr'>etiam</span> <span class='ocrx_word' id='word_1_102' title='bbox 1560 1133 1668 1174; x_wconf 91' lang='lat' dir='ltr'>nutu</span> 
     </span>
     <span class='ocr_line' id='line_1_13' title="bbox 92 1205 1666 1265; baseline 0 -14"><span class='ocrx_word' id='word_1_103' title='bbox 92 1205 175 1253; x_wconf 67' lang='lat' dir='ltr'>hoa</span> <span class='ocrx_word' id='word_1_104' title='bbox 200 1206 361 1253; x_wconf 80' lang='lat' dir='ltr'>factum</span> <span class='ocrx_word' id='word_1_105' title='bbox 390 1207 597 1260; x_wconf 66' lang='lat' dir='ltr'>arbitron</span> <span class='ocrx_word' id='word_1_106' title='bbox 637 1208 798 1253; x_wconf 90' lang='lat' dir='ltr'>scilicet</span> <span class='ocrx_word' id='word_1_107' title='bbox 827 1223 903 1264; x_wconf 88' lang='lat' dir='ltr'>ne,</span> <span class='ocrx_word' id='word_1_108' title='bbox 936 1209 1081 1252; x_wconf 90' lang='lat' dir='ltr'>multis</span> <span class='ocrx_word' id='word_1_109' title='bbox 1114 1208 1208 1252; x_wconf 88' lang='lat' dir='ltr'>aliis</span> <span class='ocrx_word' id='word_1_110' title='bbox 1240 1208 1377 1252; x_wconf 87' lang='lat' dir='ltr'>adhuc</span> <span class='ocrx_word' id='word_1_111' title='bbox 1405 1208 1666 1265; x_wconf 88' lang='lat' dir='ltr'>profuturus,</span> 
     </span>
     <span class='ocr_line' id='line_1_14' title="bbox 91 1283 1668 1343; baseline 0 -15"><span class='ocrx_word' id='word_1_112' title='bbox 91 1283 154 1328; x_wconf 86' lang='lat' dir='ltr'>ibi</span> <span class='ocrx_word' id='word_1_113' title='bbox 183 1284 451 1329; x_wconf 86' lang='lat' dir='ltr'>occumberet</span> <span class='ocrx_word' id='word_1_114' title='bbox 477 1298 585 1329; x_wconf 89' lang='lat' dir='ltr'>neve</span> <span class='ocrx_word' id='word_1_115' title='bbox 617 1299 643 1329; x_wconf 90' lang='lat' dir='ltr'>a</span> <span class='ocrx_word' id='word_1_116' title='bbox 672 1285 928 1342; x_wconf 86' lang='lat' dir='ltr'>christianis,</span> <span class='ocrx_word' id='word_1_117' title='bbox 965 1287 1038 1342; x_wconf 88' lang='lat' dir='ltr'>qui</span> <span class='ocrx_word' id='word_1_118' title='bbox 1069 1300 1204 1342; x_wconf 89' lang='lat' dir='ltr'>nuper</span> <span class='ocrx_word' id='word_1_119' title='bbox 1233 1285 1360 1330; x_wconf 91' lang='lat' dir='ltr'>fidem</span> <span class='ocrx_word' id='word_1_120' title='bbox 1392 1288 1668 1343; x_wconf 88' lang='lat' dir='ltr'>susceperant</span> 
     </span>
     <span class='ocr_line' id='line_1_15' title="bbox 92 1360 1668 1420; baseline 0 -14"><span class='ocrx_word' id='word_1_121' title='bbox 92 1360 162 1406; x_wconf 74' lang='lat' dir='ltr'>vel</span> <span class='ocrx_word' id='word_1_122' title='bbox 192 1361 321 1407; x_wconf 87' lang='lat' dir='ltr'>etiam</span> <span class='ocrx_word' id='word_1_123' title='bbox 353 1361 553 1406; x_wconf 86' lang='lat' dir='ltr'>amissam</span> <span class='ocrx_word' id='word_1_124' title='bbox 583 1367 844 1420; x_wconf 90' lang='lat' dir='ltr'>receperant,</span> <span class='ocrx_word' id='word_1_125' title='bbox 877 1367 919 1407; x_wconf 90' lang='lat' dir='ltr'>et</span> <span class='ocrx_word' id='word_1_126' title='bbox 948 1364 992 1407; x_wconf 93' lang='lat' dir='ltr'>in</span> <span class='ocrx_word' id='word_1_127' title='bbox 1024 1364 1212 1407; x_wconf 86' lang='lat' dir='ltr'>novitate</span> <span class='ocrx_word' id='word_1_128' title='bbox 1240 1363 1594 1407; x_wconf 88' lang='lat' dir='ltr'>reconciliationis</span> <span class='ocrx_word' id='word_1_129' title='bbox 1624 1366 1668 1407; x_wconf 88' lang='lat' dir='ltr'>et</span> 
     </span>
     <span class='ocr_line' id='line_1_16' title="bbox 92 1438 1309 1498; baseline 0.001 -15"><span class='ocrx_word' id='word_1_130' title='bbox 92 1438 228 1494; x_wconf 79' lang='lat' dir='ltr'>gratie</span> <span class='ocrx_word' id='word_1_131' title='bbox 257 1439 400 1484; x_wconf 84' lang='lat' dir='ltr'>divine</span> <span class='ocrx_word' id='word_1_132' title='bbox 429 1439 576 1484; x_wconf 84' lang='lat' dir='ltr'>doctor</span> <span class='ocrx_word' id='word_1_133' title='bbox 606 1440 699 1497; x_wconf 89' lang='lat' dir='ltr'>ipse</span> <span class='ocrx_word' id='word_1_134' title='bbox 728 1441 975 1485; x_wconf 87' lang='lat' dir='ltr'>interfectus</span> <span class='ocrx_word' id='word_1_135' title='bbox 1006 1441 1309 1498; x_wconf 85' lang='lat' dir='ltr'>predicaretur.</span> 
     </span>
     <span class='ocr_line' id='line_1_17' title="bbox 213 1502 1501 1575; baseline -0.001 -13.045"><span class='ocrx_word' id='word_1_136' title='bbox 213 1502 422 1561; x_wconf 76' lang='lat' dir='ltr'>Tiemo:v</span> <span class='ocrx_word' id='word_1_137' title='bbox 440 1516 537 1560; x_wconf 87' lang='lat' dir='ltr'>Non</span> <span class='ocrx_word' id='word_1_138' title='bbox 567 1517 698 1561; x_wconf 91' lang='lat' dir='ltr'>nichil</span> <span class='ocrx_word' id='word_1_139' title='bbox 730 1518 888 1562; x_wconf 90' lang='lat' dir='ltr'>dictum</span> <span class='ocrx_word' id='word_1_140' title='bbox 920 1522 996 1563; x_wconf 86' lang='lat' dir='ltr'>est.</span> <span class='ocrx_word' id='word_1_141' title='bbox 1044 1518 1191 1574; x_wconf 86' lang='lat' dir='ltr'>Perge,</span> <span class='ocrx_word' id='word_1_142' title='bbox 1225 1532 1307 1575; x_wconf 93' lang='lat' dir='ltr'>quo</span> <span class='ocrx_word' id='word_1_143' title='bbox 1338 1518 1501 1575; x_wconf 89' lang='lat' dir='ltr'>cepisti.</span> 
     </span>
    </p>

    <p class='ocr_par' dir='ltr' id='par_1_5' title="bbox 92 1593 1667 2413">
     <span class='ocr_line' id='line_1_18' title="bbox 213 1593 1667 1653; baseline 0.001 -15"><span class='ocrx_word' id='word_1_144' title='bbox 213 1594 291 1653; x_wconf 54' lang='lat'>23„</span> <span class='ocrx_word' id='word_1_145' title='bbox 331 1593 596 1638; x_wconf 86' lang='lat' dir='ltr'>Sefridus:</span> <span class='ocrx_word' id='word_1_146' title='bbox 630 1594 784 1639; x_wconf 91' lang='lat' dir='ltr'>Ottone</span> <span class='ocrx_word' id='word_1_147' title='bbox 815 1596 877 1639; x_wconf 92' lang='lat' dir='ltr'>sic</span> <span class='ocrx_word' id='word_1_148' title='bbox 898 1610 923 1639; x_wconf 90' lang='lat' dir='ltr'>a</span> <span class='ocrx_word' id='word_1_149' title='bbox 943 1595 1128 1652; x_wconf 89' lang='lat' dir='ltr'>periculo</span> <span class='ocrx_word' id='word_1_150' title='bbox 1149 1596 1327 1640; x_wconf 85' lang='lat' dir='ltr'>liberato</span> <span class='ocrx_word' id='word_1_151' title='bbox 1356 1599 1399 1639; x_wconf 90' lang='lat' dir='ltr'>et</span> <span class='ocrx_word' id='word_1_152' title='bbox 1419 1608 1667 1652; x_wconf 88' lang='lat' dir='ltr'>percussore</span> 
     </span>
     <span class='ocr_line' id='line_1_19' title="bbox 93 1671 1666 1729; baseline 0.001 -13"><span class='ocrx_word' id='word_1_153' title='bbox 93 1684 170 1717; x_wconf 85' lang='lat' dir='ltr'>suo</span> <span class='ocrx_word' id='word_1_154' title='bbox 199 1671 253 1716; x_wconf 85' lang='lat' dir='ltr'>dc</span> <span class='ocrx_word' id='word_1_155' title='bbox 282 1671 478 1716; x_wconf 87' lang='lat' dir='ltr'>manibus</span> <span class='ocrx_word' id='word_1_156' title='bbox 509 1672 834 1729; x_wconf 88' lang='lat' dir='ltr'>percutientium</span> <span class='ocrx_word' id='word_1_157' title='bbox 858 1673 1034 1728; x_wconf 86' lang='lat' dir='ltr'>salvato,</span> <span class='ocrx_word' id='word_1_158' title='bbox 1067 1674 1178 1717; x_wconf 90' lang='lat' dir='ltr'>inter</span> <span class='ocrx_word' id='word_1_159' title='bbox 1199 1677 1386 1717; x_wconf 85' lang='lat' dir='ltr'>astantes</span> <span class='ocrx_word' id='word_1_160' title='bbox 1407 1672 1666 1717; x_wconf 89' lang='lat' dir='ltr'>Adalbertus</span> 
     </span>
     <span class='ocr_line' id='line_1_20' title="bbox 93 1748 1665 1808; baseline -0.001 -13"><span class='ocrx_word' id='word_1_161' title='bbox 93 1748 302 1806; x_wconf 80' lang='lat' dir='ltr'>presbiter</span> <span class='ocrx_word' id='word_1_162' title='bbox 333 1749 387 1793; x_wconf 87' lang='lat' dir='ltr'>ad</span> <span class='ocrx_word' id='word_1_163' title='bbox 417 1749 668 1793; x_wconf 88' lang='lat' dir='ltr'>Teutonicas</span> <span class='ocrx_word' id='word_1_164' title='bbox 708 1753 851 1807; x_wconf 88' lang='lat' dir='ltr'>partes</span> <span class='ocrx_word' id='word_1_165' title='bbox 887 1764 931 1794; x_wconf 90' lang='lat' dir='ltr'>se</span> <span class='ocrx_word' id='word_1_166' title='bbox 963 1754 1130 1794; x_wconf 89' lang='lat' dir='ltr'>vertens</span> <span class='ocrx_word' id='word_1_167' title='bbox 1168 1751 1418 1808; x_wconf 89' lang='lat' dir='ltr'>profundius</span> <span class='ocrx_word' id='word_1_168' title='bbox 1449 1750 1629 1794; x_wconf 89' lang='lat' dir='ltr'>inclinat</span> <span class='ocrx_word' id='word_1_169' title='bbox 1639 1749 1665 1807; x_wconf 87' lang='lat'>¹,</span> 
     </span>
     <span class='ocr_line' id='line_1_21' title="bbox 92 1825 1666 1872; baseline 0.001 -2"><span class='ocrx_word' id='word_1_170' title='bbox 92 1825 185 1871; x_wconf 84' lang='lat' dir='ltr'>Deo</span> <span class='ocrx_word' id='word_1_171' title='bbox 224 1828 267 1871; x_wconf 87' lang='lat' dir='ltr'>et</span> <span class='ocrx_word' id='word_1_172' title='bbox 303 1829 449 1871; x_wconf 90' lang='lat' dir='ltr'>sancto</span> <span class='ocrx_word' id='word_1_173' title='bbox 486 1826 711 1871; x_wconf 85' lang='lat' dir='ltr'>Michaheli</span> <span class='ocrx_word' id='word_1_174' title='bbox 748 1828 792 1871; x_wconf 92' lang='lat' dir='ltr'>in</span> <span class='ocrx_word' id='word_1_175' title='bbox 823 1827 1067 1872; x_wconf 87' lang='lat' dir='ltr'>Babenberc</span> <span class='ocrx_word' id='word_1_176' title='bbox 1105 1831 1147 1872; x_wconf 93' lang='lat' dir='ltr'>et</span> <span class='ocrx_word' id='word_1_177' title='bbox 1185 1829 1366 1872; x_wconf 84' lang='lat' dir='ltr'>fratrum</span> <span class='ocrx_word' id='word_1_178' title='bbox 1404 1828 1666 1871; x_wconf 88' lang='lat' dir='ltr'>orationibus</span> 
     </span>
     <span class='ocr_line' id='line_1_22' title="bbox 93 1903 1664 1962; baseline 0.001 -15"><span class='ocrx_word' id='word_1_179' title='bbox 93 1903 253 1959; x_wconf 80' lang='lat' dir='ltr'>gratias</span> <span class='ocrx_word' id='word_1_180' title='bbox 282 1904 383 1959; x_wconf 85' lang='lat' dir='ltr'>agit.</span> <span class='ocrx_word' id='word_1_181' title='bbox 430 1903 488 1948; x_wconf 91' lang='lat' dir='ltr'>Et</span> <span class='ocrx_word' id='word_1_182' title='bbox 506 1917 733 1948; x_wconf 87' lang='lat' dir='ltr'>conversus</span> <span class='ocrx_word' id='word_1_183' title='bbox 756 1905 809 1948; x_wconf 90' lang='lat' dir='ltr'>ad</span> <span class='ocrx_word' id='word_1_184' title='bbox 832 1905 1099 1962; x_wconf 89' lang='lat' dir='ltr'>episcopum:</span> <span class='ocrx_word' id='word_1_185' title='bbox 1131 1907 1202 1949; x_wconf 80' lang='lat' dir='ltr'>En</span> <span class='ocrx_word' id='word_1_186' title='bbox 1223 1906 1362 1961; x_wconf 89' lang='lat' dir='ltr'>inquit</span> <span class='ocrx_word' id='word_1_187' title='bbox 1381 1915 1544 1950; x_wconf 75' lang='lat' dir='ltr'>scutum</span> <span class='ocrx_word' id='word_1_188' title='bbox 1567 1921 1664 1949; x_wconf 80' lang='lat' dir='ltr'>ora-</span> 
     </span>
     <span class='ocr_line' id='line_1_23' title="bbox 94 1982 1666 2040; baseline 0.001 -15"><span class='ocrx_word' id='word_1_189' title='bbox 94 1983 222 2030; x_wconf 69' lang='lat' dir='ltr'>tionis</span> <span class='ocrx_word' id='word_1_190' title='bbox 246 1982 445 2038; x_wconf 69' lang='lat' dir='ltr'>fram‘m</span> <span class='ocrx_word' id='word_1_191' title='bbox 475 1991 514 2025; x_wconf 78' lang='lat' dir='ltr'>et</span> <span class='ocrx_word' id='word_1_192' title='bbox 540 1985 742 2039; x_wconf 77' lang='lat' dir='ltr'>protectio</span> <span class='ocrx_word' id='word_1_193' title='bbox 774 1985 911 2026; x_wconf 70' lang='lat' dir='ltr'>sancti</span> <span class='ocrx_word' id='word_1_194' title='bbox 939 1985 1189 2026; x_wconf 64' lang='lat' dir='ltr'>Miclcalcelic</span> <span class='ocrx_word' id='word_1_195' title='bbox 1220 1984 1477 2040; x_wconf 72' lang='lat' dir='ltr'>arehanqeli.</span> <span class='ocrx_word' id='word_1_196' title='bbox 1599 1982 1666 2027; x_wconf 83' lang='lat' dir='ltr'>De</span> 
     </span>
     <span class='ocr_line' id='line_1_24' title="bbox 95 2057 1665 2117; baseline 0.001 -14"><span class='ocrx_word' id='word_1_197' title='bbox 95 2057 245 2104; x_wconf 79' lang='lat' dir='ltr'>arbore</span> <span class='ocrx_word' id='word_1_198' title='bbox 275 2072 397 2115; x_wconf 85' lang='lat' dir='ltr'>vero,</span> <span class='ocrx_word' id='word_1_199' title='bbox 434 2072 489 2103; x_wconf 90' lang='lat' dir='ltr'>ne</span> <span class='ocrx_word' id='word_1_200' title='bbox 525 2059 801 2114; x_wconf 89' lang='lat' dir='ltr'>incideretur,</span> <span class='ocrx_word' id='word_1_201' title='bbox 841 2059 1012 2104; x_wconf 85' lang='lat' dir='ltr'>tandem</span> <span class='ocrx_word' id='word_1_202' title='bbox 1045 2061 1156 2104; x_wconf 90' lang='lat' dir='ltr'>cives</span> <span class='ocrx_word' id='word_1_203' title='bbox 1188 2061 1332 2104; x_wconf 90' lang='lat' dir='ltr'>multis</span> <span class='ocrx_word' id='word_1_204' title='bbox 1365 2060 1560 2117; x_wconf 89' lang='lat' dir='ltr'>precibus</span> <span class='ocrx_word' id='word_1_205' title='bbox 1592 2060 1665 2104; x_wconf 92' lang='lat' dir='ltr'>ob-</span> 
     </span>
     <span class='ocr_line' id='line_1_25' title="bbox 93 2133 1666 2195; baseline 0.001 -15"><span class='ocrx_word' id='word_1_206' title='bbox 93 2133 355 2190; x_wconf 76' lang='lat' dir='ltr'>tinuerunt²;</span> <span class='ocrx_word' id='word_1_207' title='bbox 385 2136 655 2180; x_wconf 88' lang='lat' dir='ltr'>iureiurando</span> <span class='ocrx_word' id='word_1_208' title='bbox 687 2135 923 2181; x_wconf 90' lang='lat' dir='ltr'>firmantes:</span> <span class='ocrx_word' id='word_1_209' title='bbox 956 2137 1087 2182; x_wconf 89' lang='lat' dir='ltr'>nichil</span> <span class='ocrx_word' id='word_1_210' title='bbox 1116 2152 1302 2195; x_wconf 90' lang='lat' dir='ltr'>unquam</span> <span class='ocrx_word' id='word_1_211' title='bbox 1336 2138 1570 2181; x_wconf 89' lang='lat' dir='ltr'>divinitatis</span> <span class='ocrx_word' id='word_1_212' title='bbox 1598 2137 1666 2182; x_wconf 88' lang='lat' dir='ltr'>vel</span> 
     </span>
     <span class='ocr_line' id='line_1_26' title="bbox 93 2200 1666 2273; baseline 0 -15"><span class='ocrx_word' id='word_1_213' title='bbox 93 2213 331 2261; x_wconf 76' lang='lat' dir='ltr'>sanctitatis</span> <span class='ocrx_word' id='word_1_214' title='bbox 363 2213 505 2258; x_wconf 90' lang='lat' dir='ltr'>arbori</span> <span class='ocrx_word' id='word_1_215' title='bbox 535 2228 629 2258; x_wconf 87' lang='lat' dir='ltr'>sese</span> <span class='ocrx_word' id='word_1_216' title='bbox 659 2214 940 2271; x_wconf 88' lang='lat' dir='ltr'>asscripturos</span> <span class='ocrx_word' id='word_1_217' title='bbox 971 2200 1107 2272; x_wconf 86' lang='lat' dir='ltr'>neque</span> <span class='ocrx_word' id='word_1_218' title='bbox 1137 2216 1323 2259; x_wconf 90' lang='lat' dir='ltr'>numinis</span> <span class='ocrx_word' id='word_1_219' title='bbox 1345 2215 1413 2259; x_wconf 87' lang='lat' dir='ltr'>vel</span> <span class='ocrx_word' id='word_1_220' title='bbox 1441 2215 1555 2273; x_wconf 90' lang='lat' dir='ltr'>ydoli</span> <span class='ocrx_word' id='word_1_221' title='bbox 1589 2215 1666 2259; x_wconf 87' lang='lat' dir='ltr'>ali-</span> 
     </span>
     <span class='ocr_line' id='line_1_27' title="bbox 94 2290 1665 2350; baseline -0.002 -12"><span class='ocrx_word' id='word_1_222' title='bbox 94 2291 212 2339; x_wconf 77' lang='lat' dir='ltr'>cuius</span> <span class='ocrx_word' id='word_1_223' title='bbox 243 2291 334 2335; x_wconf 84' lang='lat' dir='ltr'>vice</span> <span class='ocrx_word' id='word_1_224' title='bbox 365 2304 410 2335; x_wconf 92' lang='lat' dir='ltr'>se</span> <span class='ocrx_word' id='word_1_225' title='bbox 439 2290 558 2335; x_wconf 88' lang='lat' dir='ltr'>illam</span> <span class='ocrx_word' id='word_1_226' title='bbox 589 2291 821 2348; x_wconf 90' lang='lat' dir='ltr'>habituros,</span> <span class='ocrx_word' id='word_1_227' title='bbox 853 2292 928 2336; x_wconf 88' lang='lat' dir='ltr'>sed</span> <span class='ocrx_word' id='word_1_228' title='bbox 959 2292 1095 2348; x_wconf 90' lang='lat' dir='ltr'>magis</span> <span class='ocrx_word' id='word_1_229' title='bbox 1127 2306 1204 2350; x_wconf 90' lang='lat' dir='ltr'>pro</span> <span class='ocrx_word' id='word_1_230' title='bbox 1236 2293 1420 2336; x_wconf 87' lang='lat' dir='ltr'>utilitate</span> <span class='ocrx_word' id='word_1_231' title='bbox 1451 2293 1665 2337; x_wconf 84' lang='lat' dir='ltr'>fructuum</span> 
     </span>
     <span class='ocr_line' id='line_1_28' title="bbox 95 2368 685 2413; baseline -0.002 0"><span class='ocrx_word' id='word_1_232' title='bbox 95 2371 139 2413; x_wconf 85' lang='lat' dir='ltr'>et</span> <span class='ocrx_word' id='word_1_233' title='bbox 167 2368 396 2413; x_wconf 84' lang='lat' dir='ltr'>amenitate</span> <span class='ocrx_word' id='word_1_234' title='bbox 426 2368 685 2412; x_wconf 90' lang='lat' dir='ltr'>umbrarum.</span> 
     </span>
    </p>

    <p class='ocr_par' dir='ltr' id='par_1_6' title="bbox 94 2445 1667 2888">
     <span class='ocr_line' id='line_1_29' title="bbox 214 2445 1666 2504; baseline 0 -14"><span class='ocrx_word' id='word_1_235' title='bbox 214 2446 286 2491; x_wconf 85' lang='lat'>24.</span> <span class='ocrx_word' id='word_1_236' title='bbox 333 2445 538 2490; x_wconf 87' lang='lat' dir='ltr'>Omnibus</span> <span class='ocrx_word' id='word_1_237' title='bbox 580 2460 679 2501; x_wconf 91' lang='lat' dir='ltr'>ergo</span> <span class='ocrx_word' id='word_1_238' title='bbox 720 2460 800 2502; x_wconf 92' lang='lat' dir='ltr'>que</span> <span class='ocrx_word' id='word_1_239' title='bbox 840 2447 892 2490; x_wconf 91' lang='lat' dir='ltr'>ad</span> <span class='ocrx_word' id='word_1_240' title='bbox 924 2447 1082 2491; x_wconf 91' lang='lat' dir='ltr'>cultum</span> <span class='ocrx_word' id='word_1_241' title='bbox 1115 2446 1212 2490; x_wconf 88' lang='lat' dir='ltr'>fidei</span> <span class='ocrx_word' id='word_1_242' title='bbox 1243 2450 1437 2504; x_wconf 89' lang='lat' dir='ltr'>spectant</span> <span class='ocrx_word' id='word_1_243' title='bbox 1467 2447 1548 2490; x_wconf 89' lang='lat' dir='ltr'>rite</span> <span class='ocrx_word' id='word_1_244' title='bbox 1578 2446 1666 2490; x_wconf 91' lang='lat' dir='ltr'>illic</span> 
     </span>
     <span class='ocr_line' id='line_1_30' title="bbox 95 2522 1665 2582; baseline 0.001 -15"><span class='ocrx_word' id='word_1_245' title='bbox 95 2522 314 2578; x_wconf 83' lang='lat' dir='ltr'>ordinatis,</span> <span class='ocrx_word' id='word_1_246' title='bbox 345 2523 445 2567; x_wconf 91' lang='lat' dir='ltr'>dum</span> <span class='ocrx_word' id='word_1_247' title='bbox 478 2524 532 2566; x_wconf 87' lang='lat' dir='ltr'>ad</span> <span class='ocrx_word' id='word_1_248' title='bbox 564 2524 647 2567; x_wconf 88' lang='lat' dir='ltr'>alia</span> <span class='ocrx_word' id='word_1_249' title='bbox 676 2523 769 2567; x_wconf 88' lang='lat' dir='ltr'>loca</span> <span class='ocrx_word' id='word_1_250' title='bbox 798 2524 861 2568; x_wconf 90' lang='lat' dir='ltr'>ire</span> <span class='ocrx_word' id='word_1_251' title='bbox 889 2527 1073 2582; x_wconf 89' lang='lat' dir='ltr'>pararet,</span> <span class='ocrx_word' id='word_1_252' title='bbox 1105 2524 1158 2568; x_wconf 88' lang='lat' dir='ltr'>ab</span> <span class='ocrx_word' id='word_1_253' title='bbox 1178 2524 1387 2568; x_wconf 89' lang='lat' dir='ltr'>universis</span> <span class='ocrx_word' id='word_1_254' title='bbox 1409 2528 1512 2566; x_wconf 89' lang='lat' dir='ltr'>natu</span> <span class='ocrx_word' id='word_1_255' title='bbox 1533 2524 1665 2568; x_wconf 89' lang='lat' dir='ltr'>maio·</span> 
     </span>
     <span class='ocr_line' id='line_1_31' title="bbox 94 2599 1664 2657; baseline 0 -13"><span class='ocrx_word' id='word_1_256' title='bbox 94 2599 212 2645; x_wconf 90' lang='lat' dir='ltr'>ribus</span> <span class='ocrx_word' id='word_1_257' title='bbox 243 2603 286 2644; x_wconf 90' lang='lat' dir='ltr'>et</span> <span class='ocrx_word' id='word_1_258' title='bbox 314 2600 657 2657; x_wconf 87' lang='lat' dir='ltr'>prudentioribus</span> <span class='ocrx_word' id='word_1_259' title='bbox 689 2601 873 2645; x_wconf 88' lang='lat' dir='ltr'>civitatis</span> <span class='ocrx_word' id='word_1_260' title='bbox 904 2605 1076 2657; x_wconf 88' lang='lat' dir='ltr'>rogatus</span> <span class='ocrx_word' id='word_1_261' title='bbox 1109 2606 1185 2656; x_wconf 89' lang='lat' dir='ltr'>est,</span> <span class='ocrx_word' id='word_1_262' title='bbox 1217 2605 1277 2656; x_wconf 89' lang='lat' dir='ltr'>ut,</span> <span class='ocrx_word' id='word_1_263' title='bbox 1312 2601 1412 2657; x_wconf 90' lang='lat' dir='ltr'>quia</span> <span class='ocrx_word' id='word_1_264' title='bbox 1432 2601 1547 2645; x_wconf 87' lang='lat' dir='ltr'>Deus</span> <span class='ocrx_word' id='word_1_265' title='bbox 1569 2615 1664 2644; x_wconf 91' lang='lat' dir='ltr'>cum</span> 
     </span>
     <span class='ocr_line' id='line_1_32' title="bbox 94 2676 1665 2734; baseline -0.001 -12"><span class='ocrx_word' id='word_1_266' title='bbox 94 2676 168 2722; x_wconf 91' lang='lat' dir='ltr'>illo</span> <span class='ocrx_word' id='word_1_267' title='bbox 199 2681 290 2722; x_wconf 88' lang='lat' dir='ltr'>erat</span> <span class='ocrx_word' id='word_1_268' title='bbox 321 2681 363 2722; x_wconf 89' lang='lat' dir='ltr'>et</span> <span class='ocrx_word' id='word_1_269' title='bbox 393 2678 527 2722; x_wconf 93' lang='lat' dir='ltr'>multa</span> <span class='ocrx_word' id='word_1_270' title='bbox 558 2678 668 2721; x_wconf 90' lang='lat' dir='ltr'>bona</span> <span class='ocrx_word' id='word_1_271' title='bbox 700 2678 760 2721; x_wconf 89' lang='lat' dir='ltr'>eis</span> <span class='ocrx_word' id='word_1_272' title='bbox 785 2678 1040 2734; x_wconf 89' lang='lat' dir='ltr'>ostenderat,</span> <span class='ocrx_word' id='word_1_273' title='bbox 1073 2679 1220 2722; x_wconf 90' lang='lat' dir='ltr'>ducem</span> <span class='ocrx_word' id='word_1_274' title='bbox 1238 2678 1513 2733; x_wconf 87' lang='lat' dir='ltr'>Vratizlaum,</span> <span class='ocrx_word' id='word_1_275' title='bbox 1546 2678 1665 2721; x_wconf 89' lang='lat' dir='ltr'>cuius</span> 
     </span>
     <span class='ocr_line' id='line_1_33' title="bbox 96 2752 1666 2812; baseline 0 -14"><span class='ocrx_word' id='word_1_276' title='bbox 96 2753 298 2800; x_wconf 83' lang='lat' dir='ltr'>offensam</span> <span class='ocrx_word' id='word_1_277' title='bbox 329 2755 527 2810; x_wconf 85' lang='lat' dir='ltr'>gravibus</span> <span class='ocrx_word' id='word_1_278' title='bbox 558 2754 693 2812; x_wconf 81' lang='lat' dir='ltr'>culpis</span> <span class='ocrx_word' id='word_1_279' title='bbox 723 2755 1001 2810; x_wconf 85' lang='lat' dir='ltr'>incurrerant,</span> <span class='ocrx_word' id='word_1_280' title='bbox 1034 2756 1093 2799; x_wconf 87' lang='lat' dir='ltr'>eis</span> <span class='ocrx_word' id='word_1_281' title='bbox 1115 2755 1285 2812; x_wconf 87' lang='lat' dir='ltr'>placare</span> <span class='ocrx_word' id='word_1_282' title='bbox 1305 2752 1517 2799; x_wconf 81' lang='lat' dir='ltr'>studeret³</span> <span class='ocrx_word' id='word_1_283' title='bbox 1540 2758 1666 2811; x_wconf 87' lang='lat' dir='ltr'>atque</span> 
     </span>
     <span class='ocr_line' id='line_1_34' title="bbox 95 2831 1667 2888; baseline 0 -12"><span class='ocrx_word' id='word_1_284' title='bbox 95 2831 175 2876; x_wconf 89' lang='lat' dir='ltr'>hoc</span> <span class='ocrx_word' id='word_1_285' title='bbox 203 2832 314 2876; x_wconf 84' lang='lat' dir='ltr'>facto</span> <span class='ocrx_word' id='word_1_286' title='bbox 346 2835 497 2876; x_wconf 89' lang='lat' dir='ltr'>cuncta</span> <span class='ocrx_word' id='word_1_287' title='bbox 526 2832 639 2876; x_wconf 91' lang='lat' dir='ltr'>circa</span> <span class='ocrx_word' id='word_1_288' title='bbox 669 2846 715 2876; x_wconf 89' lang='lat' dir='ltr'>se</span> <span class='ocrx_word' id='word_1_289' title='bbox 746 2832 886 2876; x_wconf 90' lang='lat' dir='ltr'>studia</span> <span class='ocrx_word' id='word_1_290' title='bbox 917 2839 1016 2876; x_wconf 79' lang='lat' dir='ltr'>sua⁵</span> <span class='ocrx_word' id='word_1_291' title='bbox 1046 2833 1281 2876; x_wconf 86' lang='lat' dir='ltr'>deauraret.</span> <span class='ocrx_word' id='word_1_292' title='bbox 1326 2832 1512 2887; x_wconf 83' lang='lat' dir='ltr'>Annuit3</span> <span class='ocrx_word' id='word_1_293' title='bbox 1547 2832 1667 2888; x_wconf 87' lang='lat' dir='ltr'>eligit</span> 
     </span>
    </p>
   </div>
   <div class='ocr_carea' id='block_1_5' title="bbox 193 2932 656 2972">
    <p class='ocr_par' dir='ltr' id='par_1_7' title="bbox 193 2932 656 2972">
     <span class='ocr_line' id='line_1_35' title="bbox 193 2932 656 2972; baseline 0 -9"><span class='ocrx_word' id='word_1_294' title='bbox 193 2941 221 2963; x_wconf 78' lang='lat' dir='ltr'>a.</span> <span class='ocrx_word' id='word_1_295' title='bbox 253 2941 311 2963; x_wconf 82' lang='lat' dir='ltr'>om.</span> <span class='ocrx_word' id='word_1_296' title='bbox 326 2933 376 2969; x_wconf 88' lang='lat' dir='ltr'>N;</span> <span class='ocrx_word' id='word_1_297' title='bbox 400 2932 504 2972; x_wconf 76' lang='lat' dir='ltr'>recepi</span> <span class='ocrx_word' id='word_1_298' title='bbox 525 2942 564 2963; x_wconf 69' lang='lat' dir='ltr'>cx</span> <span class='ocrx_word' id='word_1_299' title='bbox 586 2933 656 2963; x_wconf 82' lang='lat' dir='ltr'>BR.</span> 
     </span>
    </p>
   </div>
   <div class='ocr_carea' id='block_1_6' title="bbox 155 2993 1568 3097">
    <p class='ocr_par' dir='ltr' id='par_1_8' title="bbox 155 2993 1568 3097">
     <span class='ocr_line' id='line_1_36' title="bbox 192 2993 1568 3033; baseline 0 -2"><span class='ocrx_word' id='word_1_300' title='bbox 192 2996 226 3032; x_wconf 84' lang='grc'>1.</span> <span class='ocrx_word' id='word_1_301' title='bbox 252 2993 307 3031; x_wconf 87' lang='lat' dir='ltr'>Cf.</span> <span class='ocrx_word' id='word_1_302' title='bbox 325 2994 406 3031; x_wconf 88' lang='lat' dir='ltr'>Ebo</span> <span class='ocrx_word' id='word_1_303' title='bbox 422 2995 475 3031; x_wconf 94' lang='lat'>111</span> <span class='ocrx_word' id='word_1_304' title='bbox 493 2996 550 3032; x_wconf 82' lang='lat'>19.</span> <span class='ocrx_word' id='word_1_305' title='bbox 694 2997 728 3032; x_wconf 85' lang='lat'>2.</span> <span class='ocrx_word' id='word_1_306' title='bbox 755 2994 810 3032; x_wconf 82' lang='lat' dir='ltr'>Of.</span> <span class='ocrx_word' id='word_1_307' title='bbox 828 2994 909 3032; x_wconf 88' lang='lat' dir='ltr'>Ebo</span> <span class='ocrx_word' id='word_1_308' title='bbox 926 2995 979 3032; x_wconf 93' lang='lat'>111</span> <span class='ocrx_word' id='word_1_309' title='bbox 998 2996 1054 3032; x_wconf 90' lang='grc'>18.</span> <span class='ocrx_word' id='word_1_310' title='bbox 1198 2997 1233 3033; x_wconf 90' lang='lat'>3.</span> <span class='ocrx_word' id='word_1_311' title='bbox 1258 2994 1314 3033; x_wconf 75' lang='lat' dir='ltr'>Cf.</span> <span class='ocrx_word' id='word_1_312' title='bbox 1333 2995 1413 3033; x_wconf 88' lang='lat' dir='ltr'>Ebo</span> <span class='ocrx_word' id='word_1_313' title='bbox 1434 2996 1487 3032; x_wconf 90' lang='lat'>111</span> <span class='ocrx_word' id='word_1_314' title='bbox 1510 2997 1568 3032; x_wconf 82' lang='lat'>20.</span> 
     </span>
     <span class='ocr_line' id='line_1_37' title="bbox 155 3058 1382 3097; baseline 0.002 -8"><span class='ocrx_word' id='word_1_315' title='bbox 155 3058 262 3094; x_wconf 68' lang='lat' dir='ltr'>suri.</span> <span class='ocrx_word' id='word_1_316' title='bbox 284 3061 477 3090; x_wconf 69' lang='lat' dir='ltr'>Bibliotheo·</span> <span class='ocrx_word' id='word_1_317' title='bbox 491 3062 529 3090; x_wconf 78' lang='lat' dir='ltr'>v,</span> <span class='ocrx_word' id='word_1_318' title='bbox 1335 3061 1382 3097; x_wconf 84' lang='lat'>52</span> 
     </span>
    </p>
   </div>
  </div>
 </body>
</html>
