2028 3438
639 220 861 252 unaarum
891 219 1062 252 comx.
1105 215 1155 250 37
1641 205 1696 248 71

124 328 441 377 uolesiuticae
463 328 735 373 correctionis
755 340 947 382 censura,
979 328 1070 370 tum
1091 325 1276 369 maxime
1296 325 1458 368 indicta
1489 327 1531 368 et
1555 323 1702 368 habita
1728 333 1819 369 1071

125 413 207 454 est
214 410 396 466 propter
424 406 628 451 Kamlum
656 405 884 463 quendam,
917 404 990 461 qui
1020 402 1364 448 Constantie'nsi's
1397 401 1598 446 ecclesiae
1628 402 1701 446 de-

124 485 316 542 signans
338 487 440 530 erat
469 485 692 543 episcopus
724 483 821 540 sed,
843 486 892 526 ut
921 485 1018 540 post
1047 482 1110 526 rei
1131 481 1277 565 exitus
1302 480 1458 535 docuit,
1490 493 1576 523 non
1596 479 1700 523 satis
1727 488 1818 524 1069

124 563 345 643 canonice*
340 562 513 607 electus
543 565 587 607 et
614 564 853 620 provectus.

191 640 371 697 mmo-⁸,
385 644 441 684 ut
470 639 703 698 sollempne
734 643 814 695 est,
845 640 1020 696 accepta
1049 651 1075 681 a
1104 650 1204 692 rege
1225 634 1479 694 pontificalis
1512 634 1628 678 anuli
1659 637 1702 678 et

124 654 362 778 pastoralia
379 717 844 773 ferulae‘investiturffi
861 720 904 760 et
931 716 978 760 in
1000 715 1098 759 sede
1119 714 1326 772 episcopii
1346 716 1540 770 receptus
1559 712 1701 768 regiae

123 794 348 856 potestatis
367 795 558 841 iubente
592 808 797 851 censura,
835 794 1081 852 postulabat
1117 806 1142 836 a
1179 792 1377 850 primate,
1393 790 1699 847 Moguntiensi:

124 873 682 921 eiusdemoenstantiensis
713 872 915 918 ecclesiae
941 885 987 915 se
1008 871 1254 929 episcopum
1275 869 1524 914 consecrari.
1618 867 1702 912 Sed

124 951 378 1002 venerabilis
399 950 686 1008 ÷S(igifridus),
716 950 955 995 columbino
981 949 1101 992 oculo
1130 948 1398 1006 serpentinae
1428 942 1702 1005 prudentiae¹

126 1028 592 1089 omem-:praecavens
628 1029 914 1087 impietatem,
945 1027 1134 1071 dicebat:
1177 1027 1256 1070 hoc
1287 1025 1545 1084 apostolicae
1576 1025 1702 1069 bene*

124 1107 674 1155 fflefionssworanentum
713 1105 816 1151 necb
851 1105 1004 1150 debere
1043 1118 1123 1148 nec
1162 1104 1363 1148 canonice
1406 1117 1533 1161 posse
1570 1103 1616 1147 in
1653 1115 1702 1147 eo

125 1185 561 1238 sinevexamimtiene
601 1185 826 1241 celebrari,
866 1197 943 1242 pro
983 1197 1033 1228 eo
1064 1183 1177 1240 quod
1206 1181 1397 1226 fidelium¹
1424 1182 1703 1239 graviumque

125 1279 403 1326 personarum
423 1264 629 1309 relatione
649 1263 845 1308 didicerit
876 1262 977 1319 quin
999 1262 1130 1305 immo
1162 1264 1204 1305 et
1233 1260 1350 1304 fama
1379 1273 1512 1317 usque
1537 1273 1702 1316 quaque

125 1340 377 1401 ''vulgaverig
409 1343 523 1400 quod
550 1355 637 1387 non
666 1355 744 1399 per
775 1341 930 1385 ostium
961 1340 1006 1384 in
1038 1339 1148 1383 ovile
1177 1340 1320 1383 ovium
1350 1338 1477 1383 vellet
1505 1338 1665 1382 intrare
1673 1335 1702 1394 ²,

125 1420 540 1480 sedum-furtivam
571 1418 828 1464 simoniacae
856 1418 1088 1476 impietatis
1120 1416 1275 1461 scalam
1309 1417 1478 1460 aliunde
1498 1416 1704 1460 niteretur

126 1500 377 1555 amendam
404 1513 460 1543 zse
497 1511 663 1556 quoque
692 1497 792 1542 talis
822 1497 1022 1540 introitus
1053 1496 1144 1540 eius
1181 1495 1293 1539 nolle
1338 1495 1561 1539 ostiarium
1596 1493 1702 1550 fieri,

126 1579 209 1624 cui-
225 1576 422 1623 Christus·
449 1578 557 1636 ipse,
589 1577 662 1634 qui
685 1576 841 1620 ostium
862 1571 964 1631 est⁸,
998 1574 1231 1618 videretur⁶
1254 1573 1410 1627 obniti3
1443 1573 1545 1629 quin
1564 1572 1703 1630 ipsam

127 1656 360 1716 impietatis
391 1655 550 1700 scalam
579 1655 625 1699 in
654 1654 796 1712 lapide
818 1653 1058 1698 offensionis
1088 1655 1130 1696 et
1149 1654 1272 1709 petra
1292 1647 1501 1694 scandali⁴
1531 1664 1577 1694 se
1596 1649 1704 1694 velle

127 1737 360 1791 conterere,
381 1735 615 1792 <ipsumque
646 1746 682 1776 av
701 1732 991 1776 mercennaria
1021 1729 1248 1774 dominici‘¹
1269 1729 1408 1785 gregis
1430 1729 1704 1786 occupatione

127 1814 254 1870 longe
281 1812 472 1870 lateque‘
502 1811 721 1870 repellere.
843 1809 919 1854 Ille
951 1823 974 1854 e
1005 1812 1153 1853 contra
1183 1807 1249 1852 ser
1279 1807 1404 1851 huius
1436 1806 1625 1851 criminis
1663 1809 1705 1850 et

128 1888 338 1937 heretieae
366 1890 608 1949 >impietatia
644 1889 863 1933 inmunem
894 1887 1040 1932 multis
1073 1886 1332 1943 argumentis
1372 1898 1560 1929 asserere
1594 1885 1704 1930 nite-

129 1970 297 2026 batam*
306 1982 449 2027 seque,
480 1969 519 2013 si
549 1969 591 2013 ei·
620 1968 743 2025 copia
772 1969 1025 2024 tempusque
1056 1966 1200 2021 detur,
1231 1964 1356 2008 huius
1396 1964 1598 2008 infamiae
1629 1977 1704 2007 no·
1728 1992 1735 1998 „

128 2046 216 2094 tam
236 2059 275 2092 a
305 2060 351 2093 se
379 2046 617 2106 propellere
647 2046 755 2090 velle
784 2047 978 2089 testatur.
1026 2044 1211 2100 Indeque
1240 2042 1350 2100 petit
1369 2042 1585 2100 synodalis
1606 2055 1704 2086 con-

129 2124 218 2172 eiiii
263 2125 544 2181 audientiam,
592 2125 638 2169 in
677 2137 761 2181 qua
807 2135 934 2180 super
970 2122 1050 2166 hac
1086 2135 1134 2166 re
1173 2134 1292 2166 suam
1342 2121 1524 2178 probare
1568 2120 1705 2178 possit

127 2204 428 2260 innocentiam,
457 2203 600 2261 ibique
632 2201 1003 2255 consecrationem,
1036 2212 1161 2256 quam
1183 2198 1368 2257 petebat,
1402 2202 1476 2243 aut
1504 2198 1704 2242 canonice

130 2283 212 2328 sibi
226 2283 228 2313 3
242 2282 338 2333 dari
366 2286 441 2326 aut
469 2281 669 2326 canonice
700 2279 798 2325 sibi‘
828 2279 986 2335 negari.

249 2360 477 2406 Mittuntur
512 2359 676 2403 interea
714 2358 768 2402 ad
798 2356 1081 2402 venerabilem
1122 2354 1494 2412 metropolitanum
1532 2353 1704 2399 crebrae

130 2440 186 2484 de
221 2438 380 2498 palatio
416 2437 670 2494 legationeS,
709 2435 855 2480 mixtis
897 2434 1092 2492 precibus
1135 2433 1272 2476 minas
1313 2435 1356 2477 et
1391 2433 1622 2490 imperiosa
1652 2433 1704 2476 de

130 2517 211 2562 hac
239 2515 556 2561 consecratione
575 2515 777 2559 mandata
795 2514 992 2558 ferentes.
1040 2511 1267 2556 Mittuntur
1288 2514 1330 2555 et
1344 2511 1512 2556 litterae
1537 2524 1563 2554 a
1581 2524 1705 2568 prae-

132 2595 223 2640 sule
262 2593 518 2653 apostolicae
558 2593 691 2648 sedis,
723 2592 995 2636 mandantes:
1035 2603 1090 2634 ne
1128 2588 1214 2633 ullo
1251 2589 1375 2633 modo
1414 2593 1704 2633 consecretur⁸

132 2672 224 2718 sine
255 2671 457 2728 scrutinio
489 2671 715 2715 canonicae
736 2669 1013 2728 purgationis.
1050 2667 1109 2711 Et
1129 2667 1240 2723 quod
1259 2681 1334 2711 rex
1357 2670 1567 2724 potestate
1588 2667 1704 2711 iube-

132 2752 219 2807 bat,
249 2750 464 2794 Romanus
495 2749 688 2807 pontifex
718 2748 970 2792 auctoritate
1000 2744 1263 2803 prohibebat.

134 2839 168 2860 ·.·
194 2842 199 2864 ;
226 2837 265 2859 ι.Δ
286 2827 365 2859 Hinc
381 2827 439 2858 VZ.
523 2827 553 2857 b.
586 2827 607 2858 i
630 2826 697 2857 BC.
781 2835 807 2856 c.
839 2824 960 2855 videtur
980 2822 1047 2854 BC.
1132 2822 1162 2853 d.
1195 2822 1247 2854 dffi
1270 2823 1329 2854 VZ.
1414 2832 1440 2853 e.
1472 2823 1620 2862 longeque
1643 2822 1704 2853 ΖΟ.

133 2883 154 2914 f.
188 2880 324 2914 om-BC.
429 2890 457 2919 g.
489 2882 718 2911 consecraretur
739 2880 779 2910 B.

230 2935 263 2971 1.
291 2932 346 2971 Cf.
364 2932 492 2970 matth.
509 2934 565 2980 10,
580 2934 636 2969 16.
734 2932 768 2968 2.
795 2929 850 2968 Cf.
869 2929 945 2967 Ioh.
960 2930 1016 2975 10,
1036 2930 1068 2965 1.
1165 2929 1199 2965 3.
1225 2928 1301 2965 Ioh.
1317 2930 1373 2973 10,
1392 2929 1426 2964 9.
1514 2929 1548 2964 4.
1572 2929 1589 2964 1
1608 2928 1703 2963 Petr.

137 2995 171 3042 2,
190 2994 234 3030 8:
261 2996 323 3041 „et
344 2992 438 3040 lapis
461 2991 674 3030 offensionis
698 2994 736 3027 et
758 2993 865 3037 petra
887 2988 1084 3026 scandali“.
