2028 3438
421 235 506 278 646
766 247 928 278 Essoms
960 248 1064 277 vrrA
1097 246 1304 278 orroms.
1352 247 1439 277 ms.
1462 247 1496 277 11
1529 243 1645 278 17.18

293 364 382 399 1151
422 353 665 410 apparebat,
697 353 758 396 ita
789 357 835 396 ut
865 353 1018 397 rubeus
1050 353 1162 395 color
1192 353 1314 396 faciei
1344 356 1386 396 et
1415 352 1544 395 totius
1562 351 1760 408 coi-potas
1780 354 1977 399 mutas

272 412 342 443 Mai.
360 414 398 443 ¹⁸
420 430 556 487 primo
589 430 746 474 obitum
789 431 877 474 eius
916 429 1157 484 ambiguum
1195 429 1363 472 faceret.
1419 428 1506 472 Nec
1541 428 1791 483 mirumff-si
1828 427 1977 478 mortis

421 507 626 551 acerbitas
658 507 830 550 minime
861 507 941 550 sibi
972 507 1107 549 locum
1140 507 1183 548 in
1215 519 1263 549 eo
1285 505 1546 560 vendicabat,
1573 505 1978 562 quianonadmor-

421 587 506 627 tem
539 584 614 627 sed
654 585 794 640 potius
826 584 877 626 de
909 587 1042 626 morte
1082 583 1134 626 ad
1166 583 1296 625 vitam
1336 583 1577 626 transibat⁶.
1634 582 1781 629 Antea,
1803 581 1978 638 ,quidem

420 661 679 716 frequentius
711 661 830 715 gravi
862 663 903 703 et
932 659 1177 713 longissima
1208 659 1460 702 decubuerat
1490 658 1816 713 egritudinesuet
1845 658 1977 705 virtus

421 737 594 793 spiritus
633 738 676 779 in
717 736 960 780 infirmitate
988 736 1135 778 ‘carnis
1175 736 1442 791 probaretur3
1482 736 1754 780 sed'cunctis
1785 746 1863 792 pto
1890 735 1979 778 vita

422 818 464 857 et
493 814 673 857 sanitate
705 814 793 856 eius
816 814 1006 856 certatim
1039 812 1385 868 supplicantibus,
1415 813 1499 855 iam
1521 813 1786 870 desperatum
1814 814 1975 868 patrem

422 891 754 934 amantissimum
776 890 996 943 Dominus,
1030 890 1148 944 quasi
1175 890 1226 932 de
1256 890 1347 945 ipso
1380 890 1526 932 mortis
1555 889 1701 933 limine
1723 892 1976 943 revocatum,

420 967 517 1010 filiis
573 967 829 1010 merentibus
877 970 918 1009 et
970 966 1208 1020 lugentibus
1253 966 1490 1009 incolumen
1532 967 1672 1023 sepius
1717 965 1976 1013 restituebat.

422 1045 538 1087 Tunc
568 1047 722 1097 autem,
754 1043 971 1099 premissis
1012 1043 1064 1086 ad
1096 1043 1321 1085 Dominum
1360 1043 1549 1099 pluribus
1579 1043 1717 1098 gregis
1747 1042 1813 1088 sui
1844 1042 1978 1086 mani-

422 1121 546 1178 pulis,
579 1124 620 1164 et
650 1121 740 1176 ipse
762 1124 906 1176 pastor
928 1120 1120 1173 eximius,
1152 1119 1269 1162 brevi
1299 1123 1435 1163 tactus
1459 1120 1618 1174 morb0,
1649 1118 1978 1176 supernobilem
2026 1111 2028 1113 ’

423 1198 534 1240 1111116
571 1197 750 1240 nobilior
781 1197 871 1252 ipse
909 1197 994 1239 ruit
1026 1209 1232 1239 acervum.
1285 1196 1385 1251 Qui,
1423 1210 1563 1251 regem
1594 1196 1725 1252 glorie
1755 1196 1800 1242 111
1828 1195 1978 1239 decore

423 1289 496 1318 suo
519 1274 661 1317 videre
693 1273 951 1328 desiderans,
984 1273 1222 1316 cottidianis
1245 1286 1339 1316 cum
1370 1273 1576 1330 propheta
1605 1273 1978 1330 suspiriis-decan·
2014 1295 2022 1300 -

422 1351 540 1394 tabat
570 1351 733 1394 dicens:
774 1351 912 1404 Quam
944 1351 1092 1393 dilecta
1124 1352 1392 1394 tabernacula
1425 1361 1510 1403 tua,
1543 1352 1728 1398 Domine
1748 1352 1955 1394 virtutum
1963 1366 1977 1400 ‚-

423 1431 678 1485 concupiscit
722 1438 759 1471 et
803 1428 938 1482 deficit
982 1430 1125 1470 anima
1169 1443 1260 1470 mea
1306 1430 1351 1470 in
1397 1431 1509 1471 atria
1547 1428 1727 1471 Domini
1737 1424 1760 1470 ¹.
1814 1459 1817 1462 -
1896 1425 1978 1469 Sed

423 1505 498 1548 hec
529 1505 743 1547 hactenus.
791 1504 912 1547 Nunc
942 1507 1202 1546 revertamur
1233 1505 1286 1547 ad
1317 1505 1518 1548 ordinem.

307 1588 398 1623 1125
547 1582 614 1624 18.
672 1582 804 1636 Igitur
845 1580 1057 1637 apostolus
1097 1580 1445 1636 Pomeranorum,
1492 1581 1589 1625 Otto
1635 1581 1752 1637 pius,
1799 1579 1978 1625 assiduis

423 1659 601 1702 fratrum
641 1672 689 1701 ac
719 1658 898 1701 filiorum
941 1671 1109 1700 suorum
1149 1658 1340 1713 precibus
1384 1662 1426 1701 et
1463 1658 1740 1714 legationibus
1771 1658 1979 1702 contraire

240 1745 400 1776 c.Febr.2
422 1750 507 1779 non
528 1735 684 1789 valenS,
716 1748 810 1778 cum
843 1735 954 1790 apud
976 1734 1204 1777 Iulinenses
1236 1735 1474 1790 hiemasset,
1506 1736 1617 1778 circa
1646 1734 1979 1792 purificationem

423 1816 566 1855 sancte
587 1811 732 1866 Marie,
766 1815 935 1867 accepta
967 1811 1018 1854 ab
1040 1811 1230 1854 omnibus
1262 1811 1443 1866 licentia,
1475 1812 1642 1855 unicam
1673 1813 1753 1856 sibi
1781 1825 1979 1869 sponsam

423 1889 811 1943 Babenbergensem
848 1888 1064 1931 ecclesiam
1098 1888 1332 1931 desiderato
1363 1889 1500 1932 reditu
1531 1889 1736 1932 consolari
1758 1889 1977 1946 disposuit.

425 1966 512 2017 Quo
545 1966 701 2020 audito,
733 1966 851 2021 plebs
883 1965 1082 2021 neophita
1103 1964 1443 2019 Pomeranorum,
1474 1979 1558 2008 non
1589 1966 1786 2010 mediocri
1817 1979 1979 2009 merore

424 2043 636 2099 perculsa,
675 2042 909 2085 lacrimosis
941 2042 1133 2097 precibus
1164 2042 1342 2096 vestigia
1372 2043 1432 2098 pii
1463 2042 1645 2086 doctoris
1674 2043 1835 2087 ambire
1865 2031 1978 2086 eum-

426 2133 505 2175 que
544 2119 655 2175 apud
693 2132 737 2161 se
768 2118 953 2162 detinere
985 2102 1151 2161 conata*
1174 2122 1255 2171 est3
1295 2119 1368 2161 sed
1404 2119 1448 2161 in
1488 2132 1664 2162 cassum.
1717 2119 1815 2176 Ipse
1852 2119 1978 2174 enim,

425 2210 572 2251 graves
604 2196 648 2238 in
679 2199 793 2238 terra
813 2209 890 2238 sua
910 2195 1169 2238 diversorum
1191 2196 1456 2250 negociorum
1479 2209 1625 2239 causas
1647 2196 1727 2240 sibi
1746 2197 1978 2251 imminere,

425 2273 662 2329 respondit3
703 2273 776 2315 sed
815 2275 856 2315 et
891 2285 1090 2326 magnum
1130 2273 1267 2315 anime
1298 2286 1370 2315 sue
1407 2273 1639 2328 periculum
1672 2273 1903 2329 asserebat,
1942 2274 1979 2316 si

427 2350 525 2392 dum
558 2349 724 2392 Christo
763 2362 872 2391 nova
903 2350 955 2392 de
995 2349 1141 2391 alienis
1179 2349 1373 2403 gregibus
1405 2349 1521 2393 lucra
1551 2350 1747 2405 requirit,
1784 2351 1978 2407 proprias

427 2440 524 2469 oves
556 2426 718 2481 sibique
751 2425 988 2481 specialiter
1019 2425 1252 2479 assignatas
1282 2425 1523 2480 negligeret.
1751 2470 1756 2475 „

545 2502 725 2557 Moxque
757 2502 940 2545 adunata
971 2502 1176 2545 sociorum
1210 2507 1250 2545 et
1281 2506 1593 2559 cooperatorum
1626 2503 1762 2562 turba,
1794 2507 1977 2558 cunctos,

427 2573 577 2634 quibus
615 2579 711 2622 fidei
756 2579 928 2622 verbum
968 2579 1334 2633 disseminaverat,
1383 2580 1573 2623 circuivit
1618 2583 1660 2623 et
1698 2580 1741 2622 in
1778 2580 1977 2635 religione

428 2656 656 2698 christiana
694 2659 779 2698 tam
818 2656 989 2698 monitis
1022 2669 1144 2710 quam
1190 2660 1230 2698 et
1267 2656 1459 2712 precibus
1499 2656 1659 2699 devotis
1704 2655 1974 2705 confirmavit.

427 2731 613 2774 Primum
648 2746 744 2775 vero
776 2732 993 2775 castellum
1025 2731 1189 2786 Gamin,
1222 2733 1319 2775 exin
1349 2733 1633 2776 Dodinensem
1662 2733 1797 2776 locum
1829 2733 1875 2776 111
1903 2733 1978 2776 ho-

427 2821 529 2850 nore
561 2812 702 2851 sancte
724 2809 856 2851 crucis
887 2813 1172 2852 consecratum
1207 2809 1329 2862 adiit3
1362 2809 1433 2852 ubi
1463 2809 1616 2852 multos
1637 2809 1976 2863 Pomeranorum,

428 2885 481 2928 de
520 2884 667 2927 insulis
706 2886 836 2928 maris
874 2899 1085 2939 reversos,
1127 2886 1198 2928 ubi
1236 2886 1386 2928 timore
1415 2885 1591 2928 Polizlai
1630 2886 1745 2929 ducis
1784 2885 1977 2929 occultati

520 2987 547 3007 a.
577 2977 744 3008 transiebat
769 2977 829 3008 CB.
1136 2973 1167 3006 1.
1195 2972 1253 3007 Ps.
1272 2972 1328 3017 83,
1355 2973 1388 3008 2.
1406 2973 1439 3007 3.
