2028 3438
606 235 828 268 nmmum
857 235 1029 268 conux.
1080 234 1147 268 199
1574 224 1658 266 361

90 342 161 390 Εἱὲ
178 338 372 389 abstensio
395 333 655 403 premissum
685 345 807 389 tuum‘
833 346 984 402 eccequi
1010 344 1208 397 volueris,
1235 352 1419 402 paratus
1441 353 1502 387 est
1524 345 1661 388 adhuc

41 474 45 477 ⁷
91 423 269 467 domuc
296 438 431 481 papa,
465 425 580 480 quod
607 438 685 481 per
704 438 780 466 nos
801 423 880 467 tibi
904 424 1116 481 promisit,
1149 423 1286 465 modis
1308 422 1498 465 omuibus
1523 423 1660 465 adim-

85 499 311 559 plerane?
333 499 566 544 Tuncrex
596 501 730 544 iratus
759 501 912 544 iterum
944 499 1134 543 inducias
1166 499 1279 557 cepit
1309 503 1498 555 querere,
1530 499 1663 543 donec

90 577 580 634 μάώσόοὓοῳιὶιιω
611 591 705 622 cum
737 578 1002 636 principibus
1032 577 1152 632 regni
1180 580 1326 635 posset
1356 577 1531 630 habere3
1572 577 1663 621 sine

92 668 272 713 quorum
300 655 481 699 consilio·
497 655 771 700 investituras
801 669 884 700 non
908 655 1091 700 audebat
1120 655 1345 699 dimittere.
1389 655 1456 698 Ad
1479 655 1554 698 hec
1574 655 1663 712 epi-

91 733 264 792 seopus:
281 733 414 789 Quia
434 746 538 792 {sepe
566 735 763 778 inducias
795 737 1026 792 querendo,
1065 740 1168 791 que*
1198 735 1455 792 promisisti,
1489 733 1663 790 implere

93 812 351 866 dissimulas,
389 812 523 855 nichil
551 812 671 855 nobis
704 821 742 855 et
773 813 852 856 tibi
880 813 1078 870 amplius.
1137 812 1340 855 Revertar
1369 813 1428 854 ad
1464 813 1664 855 domnum

89 905 265 949 papam.

213 966 366 1024 Sicque
386 966 664 1011 insalutatus*
682 967 829 1022 rediit3
852 981 932 1024 que
956 967 1188 1022 invenerat,
1210 966 1457 1010 nuntiavw.
1564 965 1664 1010 Mox

92 1045 223 1102 igitur
259 1045 438 1089 domnus
478 1058 592 1102 papa
631 1058 725 1089 cum
766 1045 854 1089 suis
894 1045 946 1088 ad
986 1045 1100 1088 aliud
1139 1048 1326 1089 castrum
1365 1045 1531 1089 comitis
1563 1045 1664 1089 Tre-

92 1119 236 1168 ‘censie‘
259 1132 357 1166 cum
387 1132 554 1167 summa
579 1123 851 1168 ‘festinatione
882 1123 1093 1167 transivit.

211 1200 303 1244 Rex
341 1204 481 1245 autem
522 1203 722 1245 nuncium
755 1202 808 1245 ad
847 1203 1042 1246 comitem
1082 1201 1258 1256 direxit,
1299 1214 1565 1258 summopere
1597 1214 1665 1243 ro-

93 1280 310 1336 gansz‘ut'
338 1279 538 1323 d‘omnum
577 1293 733 1337 papam
765 1280 871 1323 inibi
904 1280 972 1323 die
1011 1276 1268 1322 dominico·¹¹
1300 1279 1527 1333 detineret3
1568 1292 1666 1336 pro-

94 1357 281 1413 mittens,
313 1371 359 1401 ee
389 1357 599 1402 facturum
622 1358 758 1401 modis
779 1358 974 1402 omnibus
994 1357 1101 1401 feria
1125 1354 1346 1412 secunde),
1380 1357 1491 1412 quod
1511 1357 1666 1400 totiens

95 1421 390 1491 abnegaverat.
502 1433 632 1487 'Quod
663 1449 759 1480 cum
791 1436 844 1480 ad
875 1436 1075 1480 domnum
1108 1449 1264 1493 papam
1296 1435 1480 1478 delatum
1502 1435 1666 1491 fuisset,

94 1514 426 1578 communicato·
458 1526 555 1557 cum
585 1514 672 1558 suis
712 1513 908 1570 consilio,
953 1514 1032 1557 hoc
1071 1514 1198 1558 breve
1237 1513 1354 1557 dedit
1394 1527 1665 1571 responsum:

95 1592 210 1646 Feci,
230 1593 413 1650 fratres,
440 1607 525 1651 pro
551 1594 758 1636 desiderio
778 1595 914 1651 pacis,
949 1594 1063 1650 quod
1083 1594 1135 1636 ab
1166 1593 1491 1636 antecessoribus
1511 1594 1667 1635 uostris

95 1685 314 1728 nunquam
339 1671 511 1728 factum
548 1673 707 1714 audivi.
773 1670 1020 1715 Gener-alem
1060 1672 1256 1714 sinodum
1296 1679 1592 1728 conqreyatam
1630 1679 1670 1713 et

90 1749 252 1802 fratres
281 1749 433 1792 multos
465 1751 591 1806 quasi
619 1750 826 1793 desolatos
857 1750 1024 1807 reliqui.
1079 1750 1152 1792 Ad
1181 1750 1388 1793 hominem
1419 1751 1544 1792 istum
1575 1763 1669 1791 cum

96 1828 228 1871 multo
259 1827 401 1871 labore
428 1829 696 1885 perveniens,
738 1842 846 1885 quae
877 1830 1003 1886 pacis
1035 1837 1154 1881 sunt,
1194 1830 1241 1870 iu
1273 1843 1318 1871 eo
1350 1843 1435 1870 nou
1465 1829 1632 1870 invenio
1644 1825 1667 1869 ¹.

98 1905 224 1949 Unde
252 1906 491 1949 nullatenus
523 1892 819 1949 eum'ulterius
851 1906 1098 1963 empectabm·
1129 1908 1203 1949 sed
1233 1908 1291 1949 ad
1308 1906 1474 1962 fratres
1503 1914 1668 1948 nostros

97 1992 141 2028 et
155 1986 215 2027 ad
233 1985 470 2038 coneilium,
504 1987 779 2042 quantocius⁸
794 1993 958 2042 potero,
988 1986 1220 2041 reqrediar.
1270 1984 1325 2028 Si
1343 1994 1482 2027 autem
1501 1986 1548 2027 in
1570 1999 1668 2027 con-

98 2063 196 2106 eilio
227 2063 292 2106 vel
318 2071 416 2121 post
443 2063 667 2106 concilium
687 2078 829 2105 veram
848 2078 997 2120 pacem
1018 2063 1136 2106 Deus
1167 2063 1288 2105 uobis
1321 2061 1553 2116 obtulerit¹¹‚
1587 2078 1668 2119 pa-

98 2149 217 2185 ratus
248 2156 317 2184 ero
348 2143 559 2199 suscipere
590 2151 629 2185 et
659 2141 867 2199 amplecti.

218 2217 299 2262 Die
328 2219 475 2274 igitur*
513 2219 725 2263 dominica
756 2218 807 2262 de
839 2217 986 2262 eodem
1015 2217 1107 2260 loco
1140 2220 1238 2261 ante
1270 2217 1380 2261 diem
1413 2218 1558 2261 exivit.
1613 2217 1670 2260 Et

99 2309 195 2341 cum
225 2299 346 2340 tanta
374 2296 644 2340 festinatione
668 2296 810 2340 Remis
843 2310 976 2352 usque
1007 2296 1205 2351 cucurrit,
1238 2299 1297 2350 ut,
1330 2295 1481 2351 viginti
1511 2295 1670 2350 leugis*

100 2375 416 2430 consummatis,
448 2375 594 2419 eadem
626 2375 693 2418 die
721 2375 896 2418 missam
918 2373 1060 2418 Remis
1092 2373 1335 2417 celebraret.
1381 2373 1429 2416 In
1462 2387 1545 2430 qua
1563 2372 1670 2417 Leo-

100 2452 311 2498 dicensem
345 2449 546 2497 electum⁸
577 2453 752 2497 invenit¹
785 2456 827 2496 et
856 2453 901 2496 in
934 2452 1177 2509 episcopum
1210 2452 1482 2495 consecravit.

220 2529 344 2574 Feria
375 2531 578 2586 secunda,
614 2544 716 2588 prae
747 2531 877 2574 nimio
908 2530 1052 2574 labore
1083 2529 1343 2585 infirmatus,
1384 2530 1455 2573 vix
1487 2530 1542 2573 ad
1572 2542 1670 2573 con-

101 2608 243 2652 cilium
277 2609 466 2653 accessit.
524 2609 699 2652 Exitum
737 2612 779 2653 et
817 2609 997 2652 reditum
1041 2621 1163 2651 suum
1209 2611 1250 2651 et
1289 2608 1480 2652 ordinem
1521 2621 1671 2652 causae

102 2686 279 2731 concilio
311 2687 466 2744 exponi
495 2687 615 2741 fecit3
649 2690 691 2730 et
721 2687 782 2730 sic
812 2686 887 2730 illa
917 2686 985 2729 die
1017 2686 1145 2729 siluit.

196 2827 224 2849 ι.
256 2818 338 2858 quod
362 2819 400 2849 E.
533 2819 562 2849 b.
593 2818 756 2849 insultatus
779 2818 838 2850 VZ.
970 2827 995 2848 e.
1027 2818 1212 2848 renuntiavit
1232 2818 1263 2848 V.
1396 2818 1426 2849 d.
1459 2818 1611 2849 dominica
1632 2819 1671 2849 E.

104 2882 132 2904 e.
164 2872 383 2903 communicato
400 2887 430 2892 --
447 2871 574 2903 consilio
596 2881 653 2902 om.
669 2873 707 2902 E.
812 2872 832 2902 f.
865 2872 966 2902 inveni
981 2872 1019 2901 Ε.
1118 2879 1146 2909 g.
1179 2872 1291 2911 quanto
1313 2872 1404 2902 citius
1419 2873 1457 2903 E.
1556 2872 1586 2902 h.
1619 2872 1671 2903 de-

106 2925 186 2957 derit
207 2926 246 2956 E.
370 2926 391 2955 i.
423 2935 480 2956 om.
496 2925 554 2956 VZ.
678 2925 709 2956 k.
740 2926 825 2956 lewis
847 2926 885 2956 E.
1010 2925 1031 2955 1.
1062 2925 1179 2956 invenit
1200 2926 1231 2956 et
1251 2935 1308 2956 om.
1324 2926 1363 2956 E.

202 3008 232 3044 1.
259 3006 318 3043 die
343 3007 389 3043 26
414 3006 492 3043 Oct.
638 3008 671 3044 2.
704 3006 763 3044 die
789 3007 833 3043 27
859 3005 938 3043 Oct.
1083 3007 1117 3042 3.
1149 3006 1386 3044 Fridericum.

1702 354 1793 390 1119

1686 403 1751 434 Oct.
1766 403 1806 435 25

1693 2230 1758 2261 Oct.
1773 2232 1813 2262 26

1695 2545 1760 2578 Oct.
1776 2547 1814 2577 27
