2028 3438
427 263 514 306 590
783 274 945 306 neotus
976 275 1083 306 vri-A
1114 274 1321 305 o'r‘roms.
1368 258 1623 306 PnAnnAr'rw

310 391 400 426 1071
426 380 611 435 gibertus
637 381 728 436 ipso
752 393 859 423 anno
881 380 1160 423 constituitur.
1209 391 1273 431 Qui
1303 396 1336 423 et
1360 390 1433 433 ipse
1457 389 1550 423 vivus
1575 377 1979 434 ahsoessifflfeaquod

428 460 470 501 et
496 456 580 500 alia
600 456 733 500 multa
758 460 1002 513 procuraret
1030 457 1214 500 cenobia.
1262 456 1319 499 Et
1337 455 1382 498 in
1403 455 1656 499 monasterio
1678 453 1978 499 Suarzahensi·

426 531 691 589 requiescit²3
731 534 848 580 cuius
885 534 1015 577 eciam
1033 533 1036 537 ’
1057 533 1323 590 sepulchrum
1360 532 1573 576 miraculis
1609 535 1675 576 est
1710 531 1975 575 illustratum.

310 620 401 655 1083
426 609 536 654 Huic
571 608 652 653 Uto
695 610 824 653 levita
862 610 1124 664 subrogatur.
1176 609 1277 653 Post
1317 622 1438 665 quem
1479 622 1587 652 anno
1634 607 1978 664 sequentivwino

310 696 402 732 1085
426 686 555 730 abbas
586 687 682 730 huic
710 686 801 729 loco
840 686 1065 742 preficitur.
1187 686 1275 737 Quo
1307 686 1358 729 de
1395 686 1472 729 hac
1501 686 1590 729 vita
1620 685 1809 740 sublato,
1832 684 1978 728 <'Piemo

309 773 402 808 1094
426 763 636 819 dyaconus
674 763 951 806 substituitur.
1073 762 1164 807 Hoc
1196 776 1357 818 quoque
1387 763 1472 806 cita
1501 765 1635 806 morte
1665 764 1808 819 rapto,
1849 759 1978 805 Gum—

426 839 573 883 boldus
603 840 918 883 Ratisbonensis
949 840 1001 883 de
1031 840 1284 883 monasterio
1315 839 1426 883 beati
1454 837 1758 883 Emmerammiv
1786 843 1978 894 assump-

425 919 513 971 tus,
545 916 626 959 loci
661 916 783 959 huius
815 917 1000 971 regimen
1032 919 1095 960 est
1126 917 1311 959 sortitus.
1431 916 1522 959 Hoc
1550 919 1741 972 tempore
1770 919 1874 972 aput
1900 929 1977 959 nos

424 993 629 1047 regularis
662 994 865 1050 propositi
896 1007 1043 1036 norma
1065 993 1285 1036 admodum
1310 996 1399 1036 erat
1418 992 1623 1049 collapsa3
1656 992 1742 1047 sed,
1773 991 1854 1036 Dei
1883 1005 1977 1047 gra-

425 1069 532 1112 tuita
570 1070 837 1125 preveniente
876 1070 1122 1125 clemencia,
1168 1071 1212 1113 in
1250 1070 1432 1113 adventu
1469 1069 1627 1112 domini
1674 1082 1723 1112 ac
1760 1069 1977 1113 nutritoris

424 1146 557 1189 nostri
589 1146 768 1202 piissimi
800 1147 963 1189 Ottonis
995 1147 1182 1203 episcopi
1212 1146 1408 1190 nobiliter
1438 1149 1502 1190 est
1531 1149 1739 1202 reparata.
1819 1164 1833 1174 ι’
1913 1170 1916 1176 ‹
1950 1138 1953 1143 ’

541 1222 662 1265 Nunc
690 1223 818 1277 igitur
850 1227 1010 1266 tantum
1042 1224 1183 1267 lumen
1205 1223 1377 1267 ecclesie
1407 1223 1518 1266 unde
1544 1223 1805 1279 processerit,
1838 1222 1977 1266 videa-

424 1313 536 1353 mus3
571 1303 613 1343 et
637 1313 717 1355 quo
749 1300 893 1343 ordine
926 1301 977 1343 ad
1009 1301 1173 1344 culmen
1204 1300 1470 1357 pontificatus
1503 1299 1738 1354 accesserit,
1768 1298 1882 1343 fideli
1911 1312 1977 1343 re-

422 1375 578 1420 latione
609 1377 859 1433 aperiamus.
1686 1383 1689 1385 ’

987 1512 1152 1556 LIBER
1193 1512 1410 1556 PRIMUS.

546 1596 582 1637 1.
631 1595 763 1649 Igitur
795 1609 845 1637 ex
876 1596 1093 1651 provincia
1114 1595 1442 1638 Alamannorum
1475 1595 1620 1638 beatus
1648 1594 1744 1638 Otto
1775 1606 1976 1657 generosa

423 1671 555 1727 stirpe
595 1674 637 1714 et
683 1672 925 1727 parentibus
973 1672 1199 1715 secundum
1245 1685 1413 1714 carnem
1458 1671 1600 1714 liberis
1639 1670 1838 1716 oriundus
1882 1670 1974 1724 fuit,

422 1750 543 1804 patre
575 1747 726 1791 Ottone
764 1752 805 1791 et
840 1752 974 1791 matre
1003 1749 1236 1792 Adelheida
1272 1752 1524 1804 nuncupata.
1576 1747 1655 1798 Qui
1694 1747 1838 1802 ambo,
1876 1747 1976 1790 sim-

421 1824 601 1880 plicitati
639 1829 680 1867 et
718 1826 1028 1869 mansuetudini
1068 1839 1238 1882 operam
1277 1826 1442 1880 dantes,
1482 1825 1586 1867 nulli
1617 1823 1864 1867 violenciam
1904 1827 1976 1867 aut

422 1901 736 1956 oppressionem
767 1903 1021 1956 inferebant3
1055 1903 1155 1958 quin
1179 1904 1322 1958 immo,
1354 1903 1436 1959 piis
1458 1901 1652 1958 operibus
1674 1904 1717 1944 et
1737 1901 1973 1945 elemosinis

424 1981 638 2032 vacantes,
678 1978 757 2022 Dei
795 1982 900 2021 nutu
939 1980 990 2022 ad
1029 1980 1356 2023 consolationem
1394 1979 1565 2023 ecclesie
1596 1978 1827 2033 elegantem
1864 1977 1974 2025 huno

422 2053 554 2097 filium
593 2056 762 2110 gignere
809 2060 1063 2099 meruerunt.
1193 2056 1291 2112 Qui,
1338 2057 1512 2100 decursa
1557 2055 1755 2099 teneriori
1793 2055 1975 2098 infancia

421 2131 574 2175 litteris
594 2132 793 2187 imbutus,
825 2136 872 2175 ut
902 2133 1083 2189 primum
1107 2147 1236 2176 annos
1258 2133 1539 2187 intelligibiles
1563 2132 1713 2186 attigit,
1746 2132 1899 2175 mirum
1929 2132 1972 2175 in

422 2209 591 2251 modum
633 2209 784 2265 spiritu
824 2210 1028 2265 sapientie
1067 2214 1108 2253 et
1145 2208 1402 2253 intellectus3
1440 2209 1681 2253 habundare
1711 2208 1834 2264 cepit.
1891 2207 1972 2251 Sed

422 2288 464 2328 et
501 2299 665 2328 morum
706 2286 912 2340 gravitate
943 2290 984 2330 et
1014 2287 1191 2330 modesti
1223 2287 1388 2330 habitus
1420 2287 1557 2330 nitore
1587 2285 1747 2329 cunctis
1778 2288 1972 2341 acceptus

422 2365 463 2406 et
492 2362 747 2406 honorabilis
780 2367 881 2406 erat.

537 2439 704 2482 Accidit
733 2441 841 2483 forte
870 2440 954 2482 illis
986 2440 1144 2495 diebus,
1176 2444 1223 2483 ut
1252 2453 1450 2494 germana
1481 2452 1599 2482 soror
1619 2439 1805 2482 Heinrici
1834 2438 1972 2494 quarti

195 2523 279 2567 post
304 2523 394 2558 1087
419 2516 684 2572 imperatoris
715 2514 875 2559 Iudita⁴
906 2517 1073 2560 nomine
1111 2518 1155 2560 in
1193 2516 1460 2560 matrimonio
1493 2516 1733 2570 iungeretur
1763 2512 1970 2558 Polizla0⁵

418 2591 683 2635 Poloniorum
709 2593 815 2635 duci.
864 2593 941 2636 Cui
972 2593 1043 2636 ille
1074 2596 1289 2649 tamquam
1321 2592 1586 2636 fidelissimus
1609 2593 1811 2636 adherens
1833 2591 1970 2648 capel-

417 2668 557 2723 lanus,
596 2669 811 2711 Poloniam
852 2671 979 2713 venit.
1036 2670 1200 2726 Ibique,
1238 2670 1282 2712 in
1321 2669 1437 2712 brevi
1476 2669 1682 2724 loquelam
1720 2669 1856 2724 gentis
1897 2668 1969 2712 ad·
1996 2666 2028 2696 ⁸

417 2744 580 2788 discens
612 2748 654 2788 et
683 2746 844 2801 prefate
876 2750 1065 2790 matrone
1096 2747 1292 2802 obsequio
1324 2746 1502 2800 deditus,
1541 2745 1766 2800 prudenter
1797 2758 1841 2788 se
1873 2758 1968 2799 age-

513 2836 541 2856 a.
573 2826 772 2858 Suarzanensi
794 2827 860 2858 NG.

512 2879 543 2913 1.
569 2877 733 2913 Indidem
757 2879 780 2913 1.
797 2879 821 2913 l.
919 2880 951 2914 2.
979 2878 1033 2915 Cf.
1049 2879 1153 2915 Necr.
1172 2890 1280 2925 supra
1303 2890 1338 2924 p.
1353 2878 1422 2914 578
1443 2877 1490 2913 ad
1507 2879 1528 2913 6
1545 2878 1626 2913 Kal.
1639 2878 1741 2914 Dec.‘
1823 2878 1856 2913 3.
1882 2877 1966 2913 Isai.

417 2936 472 2980 11,
499 2937 532 2971 2.
650 2936 685 2971 4.
716 2936 828 2972 vidua
852 2936 1065 2983 Salomonis,
1091 2937 1273 2982 quondam
1298 2936 1479 2981 Ungariae
1503 2937 1611 2981 regis,
1640 2937 1678 2972 in
1701 2937 1809 2972 exilio
1833 2936 1965 2971 mortui

416 3004 449 3029 a.
465 2994 555 3030 1087
575 2994 803 3037 (v.Bernoldi
820 2994 954 3052 chron„
971 2995 1195 3032 Mon.Germ.
1207 2994 1306 3032 SS.V
1319 2995 1416 3039 446).
1482 2996 1516 3030 5.
1535 2994 1732 3031 Wladislao
1745 2995 1964 3031 Hermanno.
