2028 3438
422 221 507 265 752
776 235 1013 266 HERBORDI
1043 235 1283 267 DIALOGUS.
1330 235 1472 266 L13.11
1503 233 1619 266 s-lo

304 349 396 385 1124
421 340 543 383 sitam
576 339 813 395 ecclesiam,
847 341 898 384 ad
930 344 1112 384 castrum
1144 341 1259 384 ducis
1290 340 1474 384 Boemici
1505 339 1614 395 quod
1645 335 1875 387 Mileciam¹
1903 338 1967 382 di-

316 397 386 428 Mai.

336 2652 400 2681 Iun.

420 420 539 470 cunt3
579 416 649 459 ubi
691 430 716 459 a
746 416 848 460 duce
886 418 978 474 ipso
1017 417 1235 471 magnifice
1267 419 1482 473 susceptus
1521 419 1563 459 et
1593 416 1712 459 donis
1742 415 1967 460 honoratus

422 496 496 536 est.
544 493 644 536 Inde
676 507 749 549 per
781 494 895 536 aliud
926 494 1013 536 eius
1045 497 1225 536 castrum
1257 490 1449 536 Burdan²
1470 492 1638 536 nomine
1668 505 1799 548 usque
1817 492 1968 537 Neme-

422 566 551 612 ciam³
590 569 734 613 urbem
775 570 890 613 ducis
928 570 1118 623 Polonie3
1168 567 1291 624 atque
1329 569 1427 612 inde
1467 582 1542 625 per
1579 571 1664 612 tres
1704 568 1968 626 episcopatus

421 645 611 701 Polonie,
642 646 972 690 Brezlawensem
1004 646 1198 689 videlicet
1228 649 1269 689 61
1300 644 1600 689 Calissensem⁴
1631 649 1755 702 atque
1784 645 1969 689 Pozena-

422 735 591 765 nensem
623 736 753 778 usque
785 723 838 766 ad
870 723 1271 780 archiepiscopatum
1303 721 1590 766 Gneznensem
1623 735 1716 766 cum
1747 721 1898 777 gaudio
1929 724 1970 765 et

422 811 524 855 pace
570 799 763 842 conducti
801 813 942 842 sumus
953 797 966 854 3v
1012 799 1203 843 omnibus
1242 798 1326 842 illis
1367 788 1550 842 ecclesiis
1587 813 1672 843 una
1707 797 1969 843 salutationis

422 875 558 917 forma
585 876 797 918 dominum
819 890 956 919 meum
980 876 1315 933 suscipientibus,
1345 876 1493 919 festive
1514 875 1672 920 scilicet
1691 874 1969 933 processionis

424 951 578 994 honore
610 952 919 1008 gaudentesque
951 967 1026 1009 per
1054 953 1146 996 loca
1168 952 1332 1008 singula
1352 965 1433 995 uno
1456 953 1681 1008 eodemque
1702 951 1970 1016 exultationis

424 1031 561 1082 cantu,
595 1028 682 1070 eius
713 1030 927 1085 proposito
961 1030 1212 1073 alludentes:
1246 1029 1360 1072 Cives
1391 1030 1674 1086 apostolorum
1704 1037 1741 1072 et
1761 1030 1974 1072 domestici

424 1105 510 1147 Dei
545 1107 798 1148 advenerunt
836 1107 957 1149 hodie
995 1109 1036 1149 61
1074 1109 1231 1161 cetera,
1273 1120 1351 1162 que
1382 1106 1426 1148 in
1457 1105 1528 1148 illo
1564 1105 1828 1162 responsorio
1859 1107 1969 1160 sunt,

424 1180 571 1223 devote
606 1182 854 1225 cecinerunt.

543 1258 582 1299 9.
629 1257 824 1301 Preterea
863 1259 947 1301 dux
986 1259 1075 1315 ipse
1115 1262 1157 1302 et
1193 1272 1335 1302 omnes
1367 1256 1590 1315 optimates
1620 1257 1814 1313 Polonie,
1853 1258 1971 1314 quasi

424 1333 611 1377 ducentis
650 1334 841 1390 passibus
882 1334 933 1377 ab
970 1335 1072 1378 urbe
1107 1334 1279 1378 Gnezna
1315 1335 1437 1378 nudis
1477 1335 1650 1392 pedibus
1688 1331 1971 1392 procedentes,

423 1423 515 1453 cum
537 1424 690 1465 magna
711 1414 948 1467 susceptum
971 1412 1206 1455 reverentia
1233 1412 1507 1468 principalem
1530 1425 1660 1467 usque
1683 1411 1736 1455 ad
1757 1410 1970 1455 ecclesiam

424 1487 722 1530 conduxerunt.
770 1487 867 1530 Dux
900 1502 1010 1542 ergo,
1042 1488 1115 1531 tali
1147 1489 1310 1544 hospite
1338 1489 1566 1532 letissimus
1587 1492 1629 1532 et
1648 1487 1866 1543 gloriosuS,
1897 1501 1973 1544 per

425 1563 512 1606 dies
546 1566 704 1619 septem
738 1564 825 1607 eius
856 1565 998 1607 fruens
1029 1565 1258 1620 presentia,
1300 1565 1433 1607 multa
1462 1564 1581 1608 nobis
1613 1564 1799 1608 exhibita
1826 1564 1973 1607 huma-

424 1639 577 1693 nitate,
617 1640 758 1682 omnia
795 1641 920 1683 etiam
954 1641 1019 1684 vie
1057 1642 1292 1684 necessaria
1330 1641 1472 1684 solerti
1503 1654 1603 1684 cura
1633 1641 1786 1684 institit
1822 1653 1972 1697 prepa-

424 1729 530 1758 rare.
587 1715 795 1771 Deditque
834 1717 1001 1760 domino
1041 1731 1132 1760 meo
1166 1718 1216 1760 (16
1255 1721 1378 1772 gente
1408 1717 1482 1760 illa
1510 1721 1597 1760 tam
1630 1717 1816 1760 Sclavice
1847 1730 1971 1773 quam

425 1793 649 1835 Teutonice
678 1793 818 1847 lingue
850 1807 1000 1847 gnaros
1033 1794 1232 1837 satellites
1265 1794 1315 1837 ad
1348 1794 1512 1837 diversa
1533 1794 1621 1837 eius
1642 1793 1888 1848 ministeria,
1919 1806 1972 1836 ne

425 1869 524 1924 quid
564 1869 916 1912 incommoditatis
954 1884 1029 1926 per
1067 1871 1208 1925 lingue
1245 1871 1523 1925 ignorantiam
1563 1870 1608 1912 in
1647 1872 1770 1925 gente
1800 1872 1974 1912 externa

424 1949 651 2001 pateretur.
698 1946 805 1996 Quid
837 1947 997 1989 dicam?
1038 1947 1194 1990 Currus
1226 1950 1267 1990 et
1299 1947 1522 2003 quadrigas
1554 1946 1698 1989 ordine
1717 1946 1856 2001 longo,
1889 1945 1972 1989 vic-

424 2022 555 2064 tualia
592 2025 633 2065 61
673 2036 815 2066 01111168
857 2024 1040 2066 sarcinas
1080 2027 1245 2066 nostras
1282 2026 1515 2080 portantes,
1561 2026 1770 2066 monetam
1810 2035 1973 2078 quoque

424 2098 536 2141 illius
568 2102 678 2142 terre
709 2099 960 2143 liberalitate
991 2100 1167 2143 contulit
1196 2101 1396 2155 ingenua3
1429 2099 1544 2142 nulla
1573 2112 1649 2142 nos
1681 2098 1889 2142 sustinens
1908 2097 1971 2142 la-

426 2175 573 2218 borare
609 2175 752 2231 inopia
790 2176 862 2219 sed
901 2190 1035 2231 neque
1074 2176 1244 2232 propria
1282 2175 1535 2232 expendere,
1575 2175 1660 2218 acsi
1700 2187 1822 2218 omne
1860 2173 1972 2217 illius

425 2252 492 2294 vie
528 2252 723 2295 meritum
762 2252 846 2294 suis
886 2253 1088 2308 impensis
1121 2266 1256 2296 emere
1287 2252 1500 2307 cogitaret.
1549 2251 1650 2294 Tres
1682 2251 1806 2294 etiam
1838 2264 1973 2294 sacer-

426 2328 542 2370 dotes
581 2328 818 2383 capellanos
849 2329 899 2371 de
929 2328 1060 2372 latere
1092 2343 1165 2371 suo
1196 2329 1390 2384 princeps
1423 2327 1616 2383 episcopo
1647 2327 1821 2370 sociavit
1851 2327 1973 2370 coad-

424 2405 581 2447 iutores
603 2404 719 2447 verbi
750 2408 792 2447 et
821 2405 1104 2448 centurionem
1135 2405 1341 2460 quendam
1372 2404 1539 2447 nomine
1559 2402 1804 2458 Paulicium,
1835 2403 1973 2446 virum

427 2484 642 2523 strenuum
679 2484 720 2523 et
757 2480 1027 2535 catholicum,
1076 2482 1146 2536 qui
1186 2481 1311 2524 etiam
1352 2479 1531 2523 naturali
1570 2479 1764 2522 facundia
1800 2479 1973 2522 idoneus

427 2560 537 2600 esset
567 2557 804 2599 concionari
836 2557 888 2599 ad
918 2556 1131 2613 populum.

548 2634 614 2675 10.
663 2633 819 2676 Taliter
858 2647 882 2676 a
919 2633 1021 2675 duce
1052 2632 1222 2676 Polonie
1261 2632 1443 2685 dimissi,
1483 2644 1558 2687 per
1589 2630 1749 2674 Uzdam
1790 2634 1972 2675 castrum

426 2708 470 2750 in
510 2709 706 2751 extremis
737 2709 908 2752 Polonie
945 2709 1095 2752 finibus
1131 2711 1415 2762 transeuntes,
1456 2721 1602 2751 nemus
1642 2698 1894 2749 horrendum
1933 2709 1974 2749 et

523 2831 553 2864 1.
579 2829 727 2874 Miletin‚
754 2840 775 2865 a
791 2820 1015 2875 Konigg‘ratz
1041 2830 1088 2865 ad
1112 2829 1387 2876 septentriones.
1501 2829 1534 2863 2.
1560 2827 1712 2864 Wartha
1737 2828 1844 2871 (inter
1868 2826 1973 2863 Glatz

427 2890 465 2922 et
480 2887 769 2930 Frankenstein).
881 2889 914 2924 3.
941 2888 1140 2935 Nimptsch,
1165 2898 1186 2924 a
1202 2885 1453 2924 Reichenbach
1478 2885 1524 2921 ad
1550 2886 1735 2922 orientem.
1840 2885 1875 2921 4.
1900 2894 1973 2921 non

427 2944 496 2981 fuit
519 2945 751 2991 episcopatus
777 2945 1000 2982 Calissensis.
