2028 3438
418 242 503 284 638
755 253 918 284 Essoms
948 253 1054 283 vrrA
1085 252 1295 284 o'r‘roms.
1344 253 1430 282 LIB.
1453 251 1487 282 11
1521 247 1639 284 13.⁴14

298 369 391 404 1124
416 359 531 414 genti
560 358 607 401 in
635 359 826 402 foramen
855 359 1048 413 iactavit,
1083 362 1127 401 ut
1156 358 1298 401 sonitu
1327 356 1488 400 metalli
1518 355 1972 412 sacrificassefflutare·

416 438 498 479 tur.
548 435 629 478 Sed
661 436 859 489 concitus,
893 435 1003 491 quod
1031 435 1201 489 iecerat,
1232 434 1429 487 retraxitg
1463 436 1505 476 et
1535 446 1610 490 pro
1641 432 1802 477 honora
1823 433 1972 491 pontu-2-

415 512 585 556 meliam
610 512 862 567 TrigelaWO,
894 512 937 554 id
969 515 1036 555 est·
1064 510 1329 567 sputaculum
1358 511 1507 565 ingens
1537 523 1614 566 pro
1645 507 1972 563 sacrifiuime-

416 589 526 632 tulit.
575 589 738 633 Deinde
758 589 961 632 curiosius
982 588 1216 643 attendens,
1239 588 1274 631 si
1295 588 1402 631 forte
1422 587 1598 642 negocii,
1619 599 1703 643 pror
1717 584 1972 645 quo'imissus

417 669 520 722 erat,
554 666 785 722 exequendi
814 665 992 709 facultas
1023 665 1110 708 ulla
1136 669 1391 721 suppeteret,
1423 661 1974 716 animadvertitaimuginem

418 743 640 798 Trigelawi
670 747 788 786 tanta
819 742 981 786 cautela
1012 745 1054 785 et
1082 741 1280 786 firmitate
1311 745 1458 785 trunco
1488 742 1744 798 inpressam,
1770 737 1973 789 manullo

417 823 540 877 pacto
573 820 680 876 eripi
713 823 784 862 aut
813 819 960 862 saltem
992 819 1083 862 loco
1114 819 1274 862 moveri
1305 822 1458 875 posset.
1510 818 1630 862 Unde
1659 825 1744 862 non
1774 815 1974 861 mediocri

417 901 553 940 tactus
585 896 747 951 dolore,
787 896 987 952 quidnam
1018 899 1160 950 ageret
1190 896 1402 949 estuabat3
1443 895 1585 939 dicens
1615 895 1727 938 intra
1753 893 1971 946 ssezafleu,

419 977 532 1031 quod
561 983 722 1017 tantum
751 976 816 1016 vie
850 975 1024 1030 palaque
1055 976 1144 1016 sine
1171 975 1325 1030 fructu
1358 975 1599 1031 peraqravi.
1657 971 1772 1025 Quid
1792 985 1973 1028 ‘reapon-

418 1052 519 1094 debo
551 1053 719 1094 domino
751 1066 864 1101 κηιεο;
897 1052 967 1093 'vel
1007 1053 1100 1107 quia
1138 1067 1202 1093 me
1237 1052 1304 1093 laio
1328 1051 1470 1106 fuisse
1502 1052 1657 1103 credet,
1685 1063 1974 1093 vcunzmvaaeuta'o

417 1129 609 1171 rediero?
654 1127 711 1171 Et
741 1127 1036 1170 circumferens
1060 1128 1214 1182 oculos,
1246 1128 1353 1170 vidit
1383 1127 1530 1170 sellam
1551 1126 1777 1181 Trigelawi
1803 1124 1974 1170 commi-

417 1219 497 1248 nus
529 1205 682 1261 parieti
713 1204 902 1258 affixam3
936 1208 1027 1247 erat
1058 1208 1197 1248 autem
1228 1205 1356 1247 nimie
1380 1204 1646 1259 antiquitatis
1672 1206 1717 1246 et
1744 1201 1858 1246 nullo
1875 1201 1974 1247 ¹iam

418 1295 526 1339 pene
555 1282 651 1324 usui
683 1285 794 1338 apta.
844 1281 1078 1337 Statimque
1100 1281 1275 1325 exiliens
1301 1295 1392 1325 cum
1426 1281 1591 1336 gaudio,
1623 1280 1850 1323 infaustum
1883 1292 1975 1322 mu-

418 1373 497 1402 nus
537 1359 688 1416 parieti
729 1359 911 1402 detrahit
948 1362 990 1402 et
1028 1360 1256 1402 abscondit.
1318 1359 1543 1414 Primoque
1580 1357 1716 1402 noctis
1752 1355 1974 1400 conticinio

420 1449 632 1490 egressus,
679 1436 791 1478 omni
831 1436 1098 1479 festinatione
1136 1436 1351 1479 dominum
1392 1450 1512 1480 suum
1555 1435 1770 1491 sociosque
1808 1433 1974 1487 revisit3

419 1517 569 1556 cuncta
600 1526 679 1567 que
710 1517 854 1568 egerat
883 1513 1078 1568 replicat,
1119 1513 1265 1556 sellam
1297 1514 1424 1557 etiam
1456 1513 1678 1568 Trigelawi
1712 1513 1755 1555 in
1787 1510 1976 1555 testim&

419 1590 533 1632 nium
567 1589 664 1632 fidei
695 1603 768 1632 sue
800 1594 1073 1646 representat.
1196 1591 1424 1647 Apostolus
1461 1591 1604 1645 itaque
1634 1589 1975 1645 Pomeranorum,

419 1666 562 1709 habito
595 1680 690 1709 cum
722 1667 807 1709 suis
839 1667 1026 1722 consilio,
1059 1668 1138 1711 sibi
1161 1668 1327 1723 quidem
1361 1671 1403 1711 et
1423 1668 1509 1710 suis
1531 1667 1582 1710 ab
1604 1667 1682 1710 hac
1701 1665 1976 1721 requisicione

421 1744 703 1786 desistendum
738 1745 910 1798 censuit,
947 1758 1000 1787 ne
1031 1758 1115 1787 non
1146 1749 1231 1788 tam
1266 1745 1355 1788 zelo
1387 1745 1551 1788 iusticie
1581 1757 1720 1799 quam.
1738 1743 1833 1787 auri·
1860 1742 1976 1798 cupi·

421 1820 551 1863 ditate
582 1821 660 1863 hoc
692 1834 814 1874 agere
848 1821 1068 1865 videretur.
1125 1822 1319 1865 Collectis
1350 1826 1491 1865 tamen
1522 1825 1564 1864 et
1594 1821 1797 1868 adunatis
1820 1819 1976 1876 princi-

420 1898 543 1954 pibus
576 1910 623 1940 ac
654 1902 755 1940 natu
786 1898 1027 1953 maioribus,
1059 1899 1348 1942 iusiurandum
1381 1900 1435 1957 ab
1454 1900 1514 1942 eis
1546 1899 1706 1953 exegit:
1738 1900 1786 1940 ut
1815 1896 1977 1940 cultura

421 1974 643 2028 Trigelawi
664 1975 830 2030 penitus
854 1975 1116 2018 abdicaretur
1137 1979 1191 2031 et,
1225 1977 1436 2020 confracta
1456 1976 1653 2030 imagine,
1686 1988 1834 2019 aurum
1854 1987 1977 2017 omne

420 2052 465 2094 in
495 2051 826 2107 redemptionem
858 2052 1120 2108 captivorum
1154 2057 1407 2108 erogaretur.

543 2129 610 2171 14.
660 2128 743 2171 Sed
773 2128 872 2171 dum
902 2129 1053 2172 fortem
1086 2133 1293 2173 armatum
1307 2128 1330 2186 ¹,
1366 2131 1436 2186 qui
1467 2133 1637 2173 eatenus
1669 2129 1822 2172 atrium
1852 2141 1976 2172 suum

420 2205 713 2249 Pomeraniam
753 2206 911 2248 scilicet
954 2207 1217 2262 possederat,
1265 2208 1413 2250 fortior
1451 2207 1641 2250 Christus
1680 2205 1976 2262 superveniens

422 2285 676 2339 superasset,
709 2282 919 2337 armisque
941 2283 1029 2325 eius
1058 2297 1133 2339 per
1155 2284 1322 2327 beatum
1344 2284 1552 2340 presulem
1574 2283 1811 2338 confractis,
1842 2281 1977 2338 spolia
2004 2280 2013 2282 ‘

422 2360 727 2414 distribuisset,
767 2372 850 2401 non
887 2359 1025 2402 serens
1064 2360 1134 2403 ille
1165 2361 1391 2404 violentam
1431 2361 1482 2404 de
1520 2361 1687 2404 sedibus
1719 2360 1805 2403 suis
1837 2359 1976 2403 exclu-

423 2437 604 2491 sionem,
644 2440 858 2490 tamquam
896 2436 961 2478 leo
1001 2437 1169 2491 rugiens
1208 2437 1271 2480 vel
1310 2438 1516 2481 modicam
1555 2451 1674 2480 servo
1706 2437 1786 2480 Dei
1824 2436 1976 2479 inferre

421 2514 538 2556 nisus
571 2516 634 2556 est
662 2513 877 2556 lesionem.
999 2513 1055 2556 Et
1086 2514 1198 2556 aliud
1223 2515 1332 2570 quod
1356 2518 1498 2569 ageret
1518 2515 1699 2558 Domino
1732 2513 1976 2569 prohibente

421 2603 506 2632 non
536 2590 766 2645 inveniens,
798 2590 935 2633 locum
956 2590 1342 2645 Babenbergensem
1365 2591 1514 2633 maiori
1546 2605 1598 2634 ex
1619 2594 1738 2647 parte
1761 2591 1976 2647 inopinato

422 2666 604 2709 incendii
635 2667 874 2710 discrimine
907 2667 1162 2723 absumpsit3
1195 2671 1254 2722 ut,
1288 2668 1385 2710 dum
1418 2671 1561 2723 pastor
1583 2668 1774 2723 eximius,
1806 2670 1977 2723 peracta

422 2743 535 2798 apud
575 2746 797 2787 extraneos
832 2743 1138 2799 predicatione,
1179 2758 1375 2800 sponsam
1410 2758 1527 2786 suam
1560 2757 1655 2787 cum
1686 2744 1836 2799 gaudio
1867 2743 1976 2787 revi-

423 2823 552 2874 seret,
593 2833 677 2861 non
718 2834 792 2875 per
824 2820 965 2862 omnia
1001 2820 1208 2874 integram
1244 2821 1318 2864 sed
1349 2820 1655 2876 aliquantulum
1684 2821 1762 2863 hoc
1793 2821 1975 2876 dampno

422 2899 740 2951 conquassatam
775 2910 823 2940 ac
853 2911 1015 2940 merore
1046 2898 1276 2940 confectam
1307 2897 1525 2940 inveniret.
1576 2897 1706 2940 Nocte
1738 2897 1862 2952 enim,
1895 2910 1977 2951 qua

519 2985 550 3018 1.
583 2981 777 3018 diabolum.
822 2983 875 3018 Of.
903 2994 1014 3028 supra
1038 2985 1079 3019 T.
1098 2984 1132 3019 11
1158 2984 1227 3019 634
1250 2995 1285 3018 n.
1306 2985 1360 3019 12.
