2028 3438
599 217 822 250 UDALmol
851 217 1021 249 connx.
1070 214 1127 250 70.
1145 213 1188 249 71
1593 203 1680 247 143

105 323 499 375 diffiomoclosioe
518 322 938 382 coadunari-poterit
968 324 1059 367 sine
1089 326 1165 367 tua
1194 322 1383 366 maxima
1408 322 1618 379 sapientia
1637 325 1680 366 et

103 402 271 459 egi-effio
309 402 483 446 consilio
523 406 566 447 et
595 401 697 458 fide,
739 415 819 458 que
857 401 1059 445 hactenus
1097 399 1219 444 nobis
1257 400 1500 455 frequenter
1529 400 1575 442 in
1605 413 1679 443 ne-

102 477 370 526 cessitatibus
401 483 444 524 et
471 480 541 523 in·
571 478 813 525 huiusmodi
844 476 1142 524 controversiis
1173 477 1311 533 regni,
1339 479 1467 534 prout
1497 490 1573 520 nos
1606 491 1678 520 vo-

101 556 269 607 luimus
289 559 334 601 et
361 570 442 601 res·
461 561 672 613 exegerat,
704 560 875 615 praesto
904 555 999 599 fuit.

220 633 291 678 -Ad
321 634 434 691 quod
463 635 717 692 colloquium
749 647 893 678 omnes
926 632 1116 677 Saxones
1146 631 1283 676 nostri
1313 630 1457 674 fideles
1486 631 1677 685 venient3

101 715 301 768 rogantes
339 712 644 770 summopereb,
687 726 765 756 nos
803 712 849 755 in
888 711 1116 755 Saxoniam
1163 709 1307 753 venire
1345 711 1388 752 et
1433 708 1509 752 hos
1546 721 1679 752 novos

104 802 270 834 errores
298 803 563 848 componere.

118 916 125 923 ,
212 866 434 912 ¹Metenses
474 871 614 912 autem
658 881 680 911 e
712 867 922 911 contrario
954 865 1100 909 Metim
1139 864 1326 908 clamant
1361 876 1440 906 nos
1479 863 1676 918 transire,

104 945 303 1002 quatinus
332 945 622 990 illic—tandem
653 958 741 1002 pax
772 947 814 988 et
845 943 1050 987 securitas
1081 942 1282 986 reddatur
1313 940 1527 985 ecclesiae.

221 1022 309 1067 Nos
340 1036 518 1079 quoque,
557 1023 766 1067 invitante
798 1021 1113 1078 archiepiscopo
1126 1017 1151 1075 ¹,
1182 1019 1380 1063 Coloniae
1411 1018 1676 1062 nativitatem

103 1100 277 1145 Domini
314 1099 566 1145 celebraturi
604 1097 788 1143 sumus'.
841 1099 899 1142 Et
929 1098 1108 1142 idcireo⁶
1147 1098 1396 1152 statuimuS,
1434 1095 1513 1139 hoc
1551 1095 1678 1139 eollo-

105 1166 388 1235 quium‘ante
425 1176 537 1233 fieri;
577 1181 626 1221 ut
655 1176 897 1221 huiusmodi
928 1175 1211 1219 dissensiones
1248 1173 1368 1229 regni
1407 1173 1526 1230 prius
1565 1186 1678 1216 com-

102 1250 377 1313 poneremus,
417 1268 545 1312 quam
582 1269 660 1299 nos
691 1255 736 1299 in
765 1254 994 1298 remotiora
1032 1250 1309 1296 transiremus
1346 1251 1451 1294 loca.
1501 1249 1584 1294 Sed
1613 1250 1678 1293 id-

103 1333 215 1378 circo
253 1333 514 1391 praedictam
554 1332 865 1389 expeditionem
907 1331 1168 1386 distulimus,
1219 1329 1417 1386 quatinus
1465 1328 1678 1371 communi

104 1404 290 1455 omnium
338 1414 579 1455 nostrorum
618 1409 816 1466 consilio,
864 1423 971 1466 quae
1017 1408 1138 1452 nobis
1179 1407 1342 1463 agenda
1387 1406 1494 1461 sint,
1542 1405 1679 1449 consi-

103 1487 316 1534 cierentur.

138 1562 171 1599 ⁴22
221 1565 337 1622 Ergo
365 1574 564 1622 rogamus
594 1570 638 1610 te
668 1579 744 1623 per
775 1579 883 1621 eam,
916 1577 1000 1621 qua
1029 1566 1246 1620 compater
1266 1561 1389 1604 nobis
1411 1559 1583 1604 effectus
1615 1574 1674 1616 es,

103 1642 386 1700 dilectionem,
416 1657 472 1688 ne
501 1643 567 1687 te'¹
599 1643 786 1701 eorporis
819 1642 1011 1698 egritudo
1043 1641 1110 1684 vel
1143 1639 1353 1696 quaelibet
1384 1638 1468 1681 alia
1497 1651 1566 1681 res
1597 1638 1677 1681 im—

102 1721 262 1780 pediat,
293 1722 396 1778 quin
425 1721 480 1765 ad
510 1721 750 1778 praefatum
771 1720 1026 1776 colloquium
1055 1722 1248 1775 tempore
1279 1719 1437 1760 statuto
1458 1715 1604 1759 venias
1636 1719 1679 1759 et

103 1799 314 1846 ibi->iuxta
342 1813 542 1855 magnam
572 1799 823 1856 sapientiam
856 1801 899 1842 et
929 1797 1098 1842 solitam
1134 1795 1262 1839 fidem
1298 1798 1417 1837 tuam
1449 1793 1500 1836 de
1531 1796 1677 1837 nostra

104 1881 157 1923 et.
175 1878 296 1934 regni
325 1876 522 1932 utilitate,
555 1890 661 1933 quae
692 1876 931 1920 necessaria
961 1878 1074 1930 sunt,
1105 1874 1322 1918 nobiscum
1357 1871 1570 1928 disponas.

108 2019 190 2066 71.
225 2020 344 2076 Quae
377 2019 608 2077 Greqorius
638 2020 732 2064 VII
752 2034 873 2077 papa
902 2020 1084 2062 moriem
1117 2017 1276 2060 loeutus
1307 2012 1417 2080 δι’ύῖῧ.
1495 2015 1548 2068 (Ε
1574 2016 1675 2070 166)

222 2108 327 2153 Piae
356 2109 584 2153 memoriae
615 2108 794 2152 domnus
825 2106 1054 2163 Gregorius
1086 2119 1198 2163 papa
1218 2106 1423 2163 septimus
1446 2118 1541 2148 cum
1563 2103 1676 2161 apud

107 2185 328 2231 Salernum
348 2186 607 2242 infirmitate,
641 2199 724 2243 qua
750 2199 850 2229 mox
871 2185 989 2240 obiit,
1022 2186 1214 2239 egrotare
1235 2183 1428 2240 cepisset,
1451 2182 1678 2225 astiterunt

106 2265 146 2309 ei
175 2264 412 2309 cardinales
449 2264 629 2308 Romani
666 2263 927 2319 aliarumque
966 2262 1186 2306 civitatum
1218 2260 1426 2317 episcopi,
1467 2259 1548 2302 viri
1578 2258 1676 2302 reli-

105 2342 227 2398 giosi,
258 2341 520 2386 sciscitantes
553 2342 606 2386 ab
630 2354 692 2397 eo,
724 2340 802 2396 ιη’,
835 2353 959 2397 quem
991 2339 1073 2382 sibi
1102 2339 1147 2381 in
1179 2338 1424 2395 episcopatu
1457 2337 1678 2392 subrogari

106 2419 247 2475 vellet,
278 2419 364 2463 illis
393 2420 582 2464 indicare
614 2419 871 2474 dignaretur.
919 2417 979 2460 At
1008 2416 1101 2472 ille,
1134 2429 1276 2460 secum
1306 2428 1443 2472 pauca
1473 2414 1675 2470 cogitans,

105 2497 278 2542 tandem
307 2497 394 2541 illis
425 2497 503 2542 hec
532 2496 662 2542 verba
692 2496 827 2541 dedit:
863 2495 1159 2552 Quemcunque
1189 2495 1337 2537 horum
1369 2495 1498 2537 trium
1528 2493 1678 2537 habere

201 2619 229 2641 a.
259 2610 292 2641 in
313 2605 373 2641 om.
389 2610 420 2641 V.
525 2610 556 2641 b.
589 2619 749 2648 sumopere
767 2609 798 2639 V.
910 2617 936 2638 c.
968 2607 1079 2638 iccirco
1103 2606 1136 2636 Z.
1248 2606 1278 2637 d.
1310 2607 1341 2637 te
1363 2615 1419 2637 om.
1434 2606 1474 2636 B.
1579 2615 1606 2636 e.
1638 2615 1677 2636 eoe

113 2664 142 2695 V
159 2664 207 2701 ⁷4,
229 2664 398 2704 Zp.134.·
426 2663 476 2694 De
505 2663 612 2694 obitu
638 2661 895 2693 Hildebrandi
924 2669 1055 2699 papae.
1159 2660 1180 2689 f.
1214 2660 1247 2689 ut
1268 2669 1324 2689 om.
1343 2659 1375 2689 V.

205 2734 236 2769 1.
262 2732 456 2779 Sigewino.
553 2733 586 2769 2.
604 2733 651 2769 V.
669 2731 801 2767 Annal.
820 2729 904 2766 Sax.
920 2730 1013 2765 1085
1039 2729 1148 2773 (Mon.
1166 2727 1287 2764 Germ.
1306 2728 1432 2765 SS.VI
1450 2728 1554 2773 721):
1583 2727 1676 2774 „Na-

106 2791 289 2828 tivitatem
313 2791 531 2827 dominicam
551 2811 595 2817 -
613 2791 805 2827 Heinrieus
831 2790 1029 2835 imperator
1045 2787 1206 2834 Colonie‚
1233 2787 1499 2824 confluentibus
1525 2786 1572 2824 ad
1597 2787 1677 2822 eius

108 2850 245 2887 curiam
277 2851 440 2896 plurimis
470 2852 597 2896 utpote
630 2850 715 2886 novi
744 2848 894 2885 dominii
920 2846 1098 2893 eupidis“.
1218 2847 1251 2883 3.
1285 2846 1426 2883 Similia
1455 2847 1492 2882 in
1517 2845 1675 2892 quadam

107 2908 291 2946 UrbaniII
306 2919 426 2956 papae
444 2910 601 2955 epistola
614 2908 739 2955 fuisse,
757 2908 882 2944 retulit
897 2907 1006 2953 Hugo
1022 2906 1308 2943 Flaviniaeensis
1323 2906 1362 2942 in
1378 2905 1561 2952 chronico,
1579 2906 1676 2942 Mon.

108 2967 230 3006 Germ.
249 2968 313 3005 SS.
327 2969 415 3006 VIII
437 2969 519 3005 466.

1753 332 1847 368 1084

1698 382 1768 411 ante
1779 381 1856 412 Nov.
1865 381 1906 411 24

1715 2112 1808 2148 1085

1700 2161 1770 2191 Mai.
1783 2162 1822 2192 25
