2028 3438
519 253 772 286 nmswomm
802 251 1177 284 nannai-cennens.
1229 248 1272 282 13
1589 237 1674 282 507

108 361 323 420 ql’ueopis
348 361 581 420 episcopis·
611 360 787 405 ducibus
819 359 1043 403 comitibus
1081 358 1341 414 caeterisque
1371 357 1493 412 regni
1522 357 1679 414 princi·
1742 362 1834 398 1106

53 481 57 484 ,
109 439 238 498 pibus>
263 439 448 495 gratiam
474 442 521 482 et
550 436 835 493 dilectionem,
866 436 1138 492 dignantibus
1170 447 1263 479 eam
1293 435 1496 492 recipere.
1702 412 1871 491 IXssg‘ffi‘nss‘

120 525 157 557 λε’
227 515 483 572 Rogavimus
511 515 646 558 filium
676 518 867 559 nostrum
902 517 944 558 et
974 527 1069 569 vos,
1107 513 1177 557 et»
1207 512 1387 556 multum
1417 511 1580 568 precati
1610 524 1680 554 su-

101 607 227 639 ⁴musz
255 596 319 649 ut,
350 592 527 636 dimisso
548 594 750 648 exercitu,
783 591 1063 646 ordinaretur,
1095 590 1303 647 quomodo
1324 601 1545 646 possemus
1565 589 1680 645 paci-

109 669 212 716 fice*
240 670 487 725 convenir03
527 674 575 714 ut
609 659 661 714 de
698 670 856 713 iniuria
891 671 1039 711 nostra
1076 670 1120 711 et
1156 679 1261 724 pace
1298 666 1589 723 componenda
1627 665 1679 709 ad

108 748 319 793 honorem·
341 747 462 802 regni
491 751 636 805 posset
667 747 792 802 digne
823 750 866 790 et
896 746 1093 789 decenter
1123 743 1334 787 diffiniri⁰.

127 840 159 865 ἔπ’,
183 847 185 850 ·
229 823 397 870 Placuit
423 824 544 869 vobis
574 824 845 880 remandare,
877 823 989 867 unde
1018 821 1140 866 nobis
1170 821 1295 876 longe
1325 820 1518 875 gravior*
1549 820 1685 877 priori

111 903 249 948 oritur
266 902 549 959 querimonia:
581 902 707 959 quod,
739 901 917 945 dimissa
937 899 1154 944 obsidione
1174 898 1362 953 Colonie,
1393 897 1524 941 vultis
1555 910 1683 954 super

110 993 190 1024 nos
208 982 273 1024 fiet
301 986 450 1037 σαροῖ·
479 978 624 1023 fideles
654 982 822 1023 nostros
854 978 932 1021 sub
963 977 1104 1035 specie
1140 975 1338 1032 colloquii
1369 988 1464 1019 cum
1496 975 1683 1019 exercitu

111 1057 425 1113 venire,'·datis
453 1056 630 1100 indutiis
661 1059 755 1100 octo
787 1055 965 1099 dierum.
1017 1054 1133 1106 Quae
1162 1066 1398 1110 numquam
1429 1052 1554 1096 datae
1585 1054 1686 1095 sunt

112 1133 276 1180 homini
306 1134 482 1178 alicuius
514 1133 781 1189 conditionis,
812 1137 861 1177 ut
893 1133 998 1176 bene
1021 1131 1151 1187 scitiS,
1183 1143 1317 1187 usque
1349 1130 1403 1173 ad
1432 1130 1542 1173 hanc
1573 1129 1684 1173 diem

112 1222 210 1270 prov
230 1211 423 1267 legitima
467 1204 720 1255 diffinitione
759 1211 936 1254 alicuius
974 1209 1151 1252 minoris
1189 1208 1370 1263 negotii,
1413 1207 1571 1251 nedum
1608 1220 1685 1263 pro

113 1291 235 1334 tanta
254 1302 325 1345 re,
356 1289 585 1334 secundum
618 1289 805 1333 divinam
837 1287 975 1342 legem
1005 1286 1073 1331 vel
1104 1285 1333 1329 humanam
1361 1285 1431 1329 vel
1462 1285 1590 1329 etiam
1621 1297 1687 1328 se-

115 1366 301 1412 cundum
329 1366 718 1410 usumwhominum.
840 1365 1018 1422 Oportet
1048 1364 1159 1408 enim
1192 1377 1269 1407 nos
1300 1362 1469 1418 habere,
1502 1362 1539 1405 si
1566 1361 1687 1405 vobis

114 1444 323 1503 placeret,
363 1444 513 1488 saltem
543 1443 650 1487 tales
681 1442 889 1498 indutias,
928 1442 1040 1485 infra
1071 1454 1175 1497 quas
1206 1454 1426 1498 possemus
1458 1452 1688 1484 convocare

117 1525 161 1567 et
188 1521 383 1580 precibus
412 1522 608 1577 invitare,
641 1521 694 1564 ad
724 1521 833 1564 hanc
864 1518 1040 1564 eandem
1062 1531 1231 1562 causam
1259 1521 1308 1562 ut
1328 1518 1414 1561 sint
1435 1516 1687 1573 nobiscum‘,

115 1597 430 1656 Mogontinum¹
461 1602 527 1644 et⁸
556 1594 880 1643 Treverensem²
913 1600 980 1641 et⁸
1008 1592 1305 1640 Bremensem³
1328 1595 1687 1652 archiepiscopos3

115 1668 453 1733 Frisingensem‘
489 1680 557 1721 ets
592 1672 928 1732 Augustensem⁵
965 1670 1220 1719 Curensem⁶
1257 1669 1559 1717 Basiliensem⁷
1600 1673 1689 1729 epi-

117 1768 282 1812 scopos,
313 1754 462 1798 ducem
492 1751 719 1810 Magnum⁸
740 1766 836 1797 cum
867 1752 973 1796 duce
1003 1747 1298 1806 Theoderico⁹,
1336 1753 1378 1794 et
1406 1751 1553 1794 ducem
1584 1749 1690 1794 Boe-

117 1829 311 1877 micum*⁰
364 1835 408 1877 et
450 1832 649 1876 comitem
693 1828 1027 1875 Flandrensem¹¹
1081 1842 1176 1873 cum
1222 1828 1377 1872 comite
1421 1828 1692 1884 Burgundiae

117 1909 368 1973 W'lllelm9'’‚
400 1913 442 1953 et
473 1909 598 1965 alios,
631 1909 704 1966 qui
735 1909 788 1953 ad
819 1908 1031 1966 prefatum
1062 1907 1301 1962 negotium,
1342 1909 1392 1950 ut
1421 1906 1528 1950 bene
1559 1906 1690 1962 scitiS,

118 1987 243 2032 valde
273 1990 373 2031 sunt
400 1986 640 2031 necessarii.

239 2065 521 2123 Quapropter,
553 2064 662 2108 sicut
690 2064 810 2121 prius
841 2063 1096 2118 rogavimus,
1126 2062 1190 2105 ita
1220 2064 1263 2105 et
1282 2074 1394 2105 nunc
1415 2061 1571 2105 iterum
1596 2075 1693 2118 pre-

120 2143 282 2190 camur¹
312 2146 356 2187 et
385 2143 538 2187 obnixe
568 2141 811 2198 rogamus¹2
846 2141 1043 2197 quatinus
1067 2140 1152 2197 'pro
1182 2139 1273 2184 Deo
1305 2143 1348 2184 et
1379 2140 1522 2183 anima
1551 2143 1694 2183 vestra

122 2223 165 2266 et
191 2233 282 2279 pro
321 2219 610 2278 appellacione
641 2219 802 2264 domini
831 2218 1010 2262 Romani
1048 2217 1260 2276 pontificis
1290 2217 1507 2262 Paschalis
1539 2220 1582 2261 et
1610 2217 1693 2260 Ro-

122 2311 274 2346 manae
304 2298 531 2342 aecclesiae
564 2301 606 2342 et
635 2311 713 2355 pro
744 2297 903 2340 honore
925 2296 1045 2351 regni
1066 2296 1299 2351 dignemini
1321 2295 1434 2352 apud
1460 2294 1595 2338 filium
1617 2307 1693 2338 no-

123 2380 257 2422 strum
280 2375 457 2432 efficere,
487 2379 549 2431 ut,
581 2375 755 2419 dimisso
779 2374 979 2429 exercitu,
1012 2377 1148 2418 cesset
1167 2387 1244 2417 nos
1269 2372 1486 2430 persequi3
1519 2376 1562 2416 et
1582 2372 1694 2415 ordi-

122 2457 260 2511 netur,
292 2454 498 2510 quomodo
530 2467 676 2497 secure
706 2456 748 2497 et
769 2453 925 2509 absque
947 2452 1063 2495 omni
1088 2451 1363 2506 ambiguitate
1388 2450 1598 2507 possimus
1618 2463 1694 2493 vos

123 2544 219 2577 cum
249 2531 427 2576 caeteris
459 2545 589 2589 supra
609 2531 750 2575 dictis¹
778 2531 831 2574 ad
860 2529 1068 2586 agendum
1101 2529 1152 2573 de
1173 2528 1332 2572 iniuria
1351 2531 1498 2572 nostra
1519 2531 1561 2573 et
1590 2541 1696 2585 pace

123 2610 170 2654 in
199 2622 328 2665 regno
359 2609 636 2667 conponenda
666 2609 806 2666 quiete
838 2611 880 2652 et
910 2606 1085 2665 pacifice
1115 2606 1352 2650 convenire.

219 2725 247 2747 a.
278 2725 335 2746 om.
352 2717 391 2747 E.
495 2716 526 2746 b.
558 2725 615 2746 om.
631 2716 669 2746 E.
775 2724 800 2746 e.
833 2714 965 2745 diffinire
987 2715 1026 2744 E.
1127 2713 1158 2742 d.
1192 2713 1362 2751 graviorum
1384 2713 1423 2742 E.
1529 2721 1555 2742 e.
1588 2721 1644 2742 om.
1663 2711 1695 2742 T.

66 2788 68 2790 -
125 2769 146 2800 f.
173 2769 330 2800 vobiscum
351 2769 384 2800 T.
489 2778 518 2807 g.
549 2779 606 2800 om.
626 2769 657 2799 T.
763 2768 794 2799 h.
816 2768 864 2798 W.
880 2769 919 2805 E,
944 2767 1095 2798 willelmo
1115 2766 1147 2797 T.
1243 2766 1263 2796 i.
1294 2774 1454 2805 precamus
1476 2765 1508 2796 T.
1603 2765 1633 2796 k.
1666 2767 1696 2795 et

126 2822 235 2854 obnixe
255 2831 415 2862 precamur
436 2823 468 2853 E
485 2833 546 2862 pro
566 2823 610 2853 ita
632 2825 662 2852 et
681 2838 713 2842 -
732 2831 883 2860 rogamus.
1010 2821 1031 2850 l.
1063 2820 1102 2850 de
1123 2820 1235 2850 iniuria
1256 2819 1327 2850 add.
1347 2819 1379 2850 T.

222 2886 255 2922 1.
280 2885 521 2922 Ruthardum.
607 2886 641 2921 2.
666 2885 890 2921 Brunonem.
968 2885 1003 2920 3.
1028 2883 1254 2919 Fridericum
1271 2883 1300 2918 I.
1379 2883 1414 2918 4.
1439 2882 1650 2918 Heinricum
1668 2882 1695 2917 I.

126 2946 161 2982 5.
187 2945 447 2981 Hermannum.
533 2946 567 2981 6.
593 2944 799 2981 Widonem.
882 2945 914 2979 7.
941 2942 1205 2980 Burchardum.
1294 2943 1328 2978 8.
1354 2941 1535 2979 Saxoniae
1552 2941 1694 2978 ducem.

129 3005 163 3040 9.
189 3004 321 3041 ducem
347 3004 617 3050 Lotharingiae.
718 3005 772 3040 10.
798 3004 969 3050 Boriwoy
986 3003 1032 3038 11.
1132 3003 1188 3038 ll.
1214 3001 1414 3038 Robertum
1435 3001 1481 3037 11.
