2028 3438
617 225 839 260 unALmor
868 226 1038 259 oonnx.
1086 225 1120 260 s.
1137 226 1160 260 9
1294 263 1297 265 ,
1613 217 1668 260 31

93 328 295 375 dominus
325 335 470 376 noster
498 332 758 387 H(einrieus)
789 333 1118 389 gloriosissimus
1149 335 1192 377 et
1220 333 1549 378 invictissimus·
1578 348 1669 392 rex,

95 407 245 464 divina
270 406 357 454 ciffi
385 409 623 468 inspirante
653 410 814 467 gratia,
845 424 898 455 ex
929 410 1018 455 suis
1048 410 1236 468 praediis
1268 413 1310 454 et
1339 414 1520 468 paterna
1549 412 1669 457 here-

90 485 231 532 *ditato
265 486 313 531 in
342 486 460 544 loeo,
499 488 571 544 qui
609 488 764 533 dieitur
794 488 1059 544 Babenbere,
1098 489 1391 546 episcopatum
1427 489 1472 533 in
1511 489 1670 535 honore

95 562 332 612 tutissimi
359 564 477 609 Petri
508 554 798 623 apostolorum
827 566 1032 624 principis
1064 566 1304 610 construxit
1334 570 1398 622 et,
1436 571 1669 612 eommuta-

94 640 212 686 fione
229 641 345 686 faeta
363 642 490 698 digne
510 646 554 688 et
569 643 762 700 legaliter
782 657 878 688 eum
899 647 1042 688 vestra
1056 644 1246 700 ecelesia,
1270 647 1435 701 partem
1457 646 1669 701 quandam

91 729 150 763 ex
186 719 293 764 oiu—
316 719 473 765 diocesi
510 722 736 779 aequisivit
773 721 923 779 atque*
962 721 1042 766 hoe
1079 721 1371 766 concambium
1412 723 1669 780 apostolieae

92 796 208 842 sedis
242 797 467 856 privilegio
497 798 796 844 corroboravit.
845 798 966 851 Quod
1003 799 1172 856 quidem
1213 800 1417 844 eximium
1451 804 1494 845 et
1521 801 1669 845 lauda-

94 873 194 920 bile·
216 887 323 934 opus
354 879 398 921 et
433 876 524 921 eius
568 877 862 933 dignissimam
898 876 1222 921 liberalitatem⁰
1261 881 1304 922 et
1339 881 1524 922 vestram
1561 879 1669 923 cari-

94 955 227 998 ntem
273 954 379 999 satis
417 955 584 1011 egregie
614 954 966 1013 praedicabilem‘¹
1004 955 1290 1010 commendat3
1331 969 1427 1000 eum
1466 960 1510 1000 et
1544 970 1668 1001 suum

88 1033 163 1075 est
199 1040 279 1090 pm·
307 1033 598 1090 operationem
637 1037 694 1077 et.
715 1036 904 1077 vestrum
941 1031 1011 1076 fit⁰
1051 1046 1128 1090 per
1167 1033 1448 1078 dilectionem.
1496 1034 1544 1078 In
1586 1048 1667 1091 quo

93 1108 377 1167 omnipotenti
396 1109 489 1155 Deo
519 1111 733 1155 inmensas
765 1111 923 1167 gratias
953 1111 1191 1166 referimuS‚
1224 1111 1278 1154 ad
1307 1112 1427 1155 euius
1448 1112 1667 1156 inestima-

93 1184 224 1232 bilem
258 1187 441 1243 gioriam
478 1192 663 1246 spectat,
705 1189 817 1245 quod
853 1202 930 1246 per
965 1202 1107 1244 regem
1144 1192 1337 1232 nostrum
1368 1189 1665 1246 H(einrieum)‚

92 1263 250 1309 benum
281 1268 324 1309 et
352 1265 520 1311 fidelem
540 1267 783 1311 ministrum
815 1281 952 1322 suum,
982 1267 1323 1311 fundatissimam
1350 1281 1499 1325 paoem
1531 1268 1666 1312 omni-

92 1341 173 1386 bus
209 1343 396 1388 ecelesiis
433 1347 626 1402 praestat
662 1347 706 1388 et
733 1345 908 1402 insuper
937 1358 1092 1389 novam
1124 1345 1344 1389 eeclesiam
1374 1346 1551 1400 format3
1588 1360 1666 1403 per

1698 346 1790 382 1007

87 1427 222 1477 qum
250 1424 296 1466 at
323 1422 378 1466 de
406 1422 579 1467 inimico
601 1423 777 1467 humani
806 1423 973 1478 generis
1003 1423 1049 1466 in
1068 1423 1230 1466 vicinas
1252 1422 1499 1467 Selavorum
1518 1428 1666 1479 gentes
1695 1443 1737 1473 f

91 1497 184 1543 Deo
214 1496 451 1557 opitulante
490 1500 771 1558 triumphabit
802 1504 844 1545 et
871 1500 1223 1545 innumerabilem
1253 1501 1461 1544 familiam
1496 1516 1574 1559 per
1603 1502 1665 1546 la-

91 1572 265 1621 vacrum
285 1578 616 1634 regenerationis
637 1578 719 1622 sibi
739 1578 1052 1636 multiplicabit.
1084 1579 1172 1623 Nos
1194 1582 1336 1622 autem
1353 1592 1449 1623 eum
1469 1580 1664 1624 omnibus

90 1657 263 1699 nom-ae
292 1653 507 1700 dioceseos
538 1656 748 1713 episeopis
779 1656 859 1700 hoe
889 1656 1078 1700 divinum
1111 1670 1218 1714 opus
1248 1656 1294 1700 in
1322 1670 1545 1701 commune
1573 1657 1665 1701 lau-

88 1731 243 1776 damus
273 1736 422 1790 atque,
453 1734 500 1777 in
528 1746 579 1777 eo
610 1733 720 1778 iuste
750 1735 1059 1779 eonsentientes
1091 1738 1134 1778 et
1163 1734 1308 1778 subter
1337 1735 1663 1792 conscribentes,

89 1809 137 1854 in
165 1813 419 1869 perpetuum
449 1809 591 1855 valere
621 1810 931 1856 confirmamus.

95 1951 142 2000 9.
179 1954 434 2000 Benedictus
473 1955 592 1999 VIII
621 1971 742 2013 papa
776 1956 1081 2013 parthenonem
1123 1954 1369 2001 classensem
1407 1957 1660 2013 confirmat¹.

1514 2035 1566 2088 (E
1589 2036 1662 2090 89)

208 2120 461 2166 Benedictus
508 2122 731 2180 episeopus
776 2136 922 2166 servus
971 2136 1188 2167 servorum
1234 2123 1317 2167 Dei
1362 2123 1663 2180 Cuonigunde⁸

90 2198 322 2244 venerabili
366 2199 604 2244 abbatissae
649 2203 839 2244 eternam
884 2201 930 2243 in
975 2201 1158 2244 Domino
1205 2201 1398 2246 salutem.
1455 2202 1662 2247 Convenit

91 2276 321 2334 apostolico
358 2277 637 2322 moderamini
674 2278 748 2335 pia
783 2278 988 2334 religione
1023 2278 1280 2335 pollentibus
1316 2279 1512 2323 benivola
1547 2293 1661 2324 eom-

90 2354 288 2412 passione
317 2368 560 2399 succurrere
591 2359 634 2400 et
654 2357 918 2414 poscentium
950 2356 1102 2400 animis
1135 2356 1265 2400 alacri
1296 2357 1516 2401 devotione
1537 2372 1661 2415 prae-

86 2431 190 2476 bere
220 2445 452 2477 assensum.
497 2432 566 2476 Ex
594 2433 675 2477 hoe
705 2435 817 2478 enim
847 2434 954 2478 lueri
981 2434 1248 2492 potissimum
1280 2435 1516 2492 praemium
1548 2436 1661 2493 apud

89 2509 349 2554 conditorem
380 2510 569 2554 omnium
598 2511 830 2555 Dominum
861 2525 1176 2569 promeremur,
1212 2512 1248 2556 si
1280 2513 1539 2557 venerabilia
1568 2514 1661 2558 loca

88 2590 332 2632 sanctorum
368 2591 576 2645 oportune
606 2589 802 2635 ordinata
843 2589 897 2633 ad
927 2589 1147 2633 meliorem
1178 2590 1337 2634 fuerint
1374 2594 1532 2635 statum
1563 2605 1660 2649 per-

89 2663 228 2708 ducta.
275 2664 334 2709 Et
368 2665 486 2722 ideo,
529 2666 628 2722 quia
664 2666 913 2723 postulastis
946 2680 971 2710 a
1000 2667 1144 2723 nobis,
1186 2671 1393 2724 quatenus
1429 2669 1661 2726 apostoliea

90 2741 341 2786 auctoritate
359 2743 683 2788 concederemus
704 2748 747 2788 et
766 2743 1111 2789 confirmaremus
1132 2745 1252 2790 vobis
1277 2750 1321 2790 et
1341 2747 1415 2802 eis,
1439 2761 1519 2803 que
1539 2747 1659 2791 vobis

88 2817 135 2861 in
163 2822 416 2876 perpetuum
447 2821 669 2865 succedere
690 2821 858 2878 debent,
888 2823 1193 2867 monasterium
1223 2823 1269 2867 in
1299 2824 1457 2868 honore
1488 2827 1659 2868 sanetae

184 2941 211 2962 a.
242 2931 480 2964 invinctissimus
503 2934 537 2964 Z.
660 2934 691 2965 b.
707 2918 754 2965 'at
778 2933 809 2966 0.
941 2944 967 2965 c.
998 2934 1171 2966 libertatem
1196 2935 1227 2967 C.
1360 2937 1390 2967 d.
1422 2937 1604 2968 laudabilem
1628 2937 1659 2968 V.

90 2999 116 3020 e.
149 3000 206 3021 om.
224 2991 255 3021 V.
358 2991 379 3022 f.
411 3002 450 3023 ez
471 2993 499 3023 V
515 2995 594 3030 3511,
618 2993 647 3024 Z
660 3004 694 3033 p.
711 2995 903 3025 150—151.
1008 3004 1036 3033 g.
1070 2984 1267 3034 Ghb'nigunde
1290 2996 1325 3026 Z.

1689 2133 1782 2168 1020
