2028 3438
152 2011 349 2047 1099-1100

359 274 443 317 182
844 284 1064 318 uvantum
1094 284 1262 318 connx.
1308 283 1366 318 93.
1383 283 1431 317 94

357 407 503 438 vamus
534 392 637 437 Deo.
738 391 896 435 Tamen
927 404 1012 435 non
1042 394 1208 448 oportet
1227 401 1313 436 ‘nos
1344 392 1452 435 mori
1481 404 1559 436 nec
1588 390 1912 449 pugnares-mal}

357 474 469 524 tum3
509 469 619 525 quod
658 469 769 512 enim
809 469 978 523 gravius
1008 469 1109 524 fuit,
1148 476 1224 513 nos
1257 469 1544 512 sustinuimus.
1587 468 1914 514 ,Vemmeastra

359 548 632 602 civitatesque
667 545 911 590 retinendae
942 559 968 588 a
995 546 1116 590 nobis
1146 546 1326 589 multum
1354 532 1911 600 inminuer’untexereitnm.

359 624 509 667 Venite
546 636 667 678 ergo,
705 622 919 678 festinate,
962 623 1118 679 duplici
1148 623 1335 679 praemio
1366 623 1686 679 remunerandi,
1710 622 1916 679 Nidflllffll

359 704 474 743 terra
502 699 732 742 viventium
771 702 965 755 terraque
1002 699 1125 743 melle
1162 704 1204 742 et
1239 700 1347 743 lacte
1377 703 1575 743 manante
1606 699 1915 763 οῐῃῃὶςῃβπὶοτ

360 777 465 820 tuali
493 776 775 820 habundante.
821 775 943 830 Ecce,
976 776 1069 831 viri,
1102 777 1235 820 nostri
1266 777 1480 831 sanguinis
1503 775 1703 830 effusione
1726 776 1915 832 ,undique

360 856 508 911 patent
537 854 642 897 viae.
690 852 828 895 Nichil
858 852 1075 899 vobiscum
1105 852 1323 909 afferatis³,
1356 854 1438 897 nisi
1469 854 1581 909 quod
1606 852 1915 910 quoquqmdo

362 929 563 985 sufficiat,
603 943 818 986 quousque
858 930 911 973 ad
940 942 1016 972 nos
1048 931 1237 974 veniatis.
1290 931 1381 974 Viri
1411 931 1716 981 tantummodo
1731 930 1915 987 veniant,

361 1008 541 1052 feminae
582 1006 717 1050 adhuc
747 1007 860 1049 domi
891 1007 1168 1050 dimittantur.
1229 1008 1294 1051 De
1325 1008 1469 1062 dom0,
1505 1008 1549 1050 in
1580 1021 1662 1064 qua
1678 1007 1785 1060 duo„
1803 1010 1915 1064 sunt,

363 1084 469 1128 alter
499 1084 640 1127 veniat
677 1083 915 1140 expedicior
951 1083 1005 1126 ad
1035 1083 1201 1126 bellum.
1264 1083 1446 1128 Maxime
1478 1098 1575 1129 vero
1615 1084 1679 1141 hi,
1710 1084 1791 1142 qui
1812 1086 1918 1133 vota

362 1162 570 1214 fecerunt;
609 1161 681 1217 qui
718 1160 801 1203 nisi
839 1160 1010 1203 veniant
1046 1163 1088 1204 et
1118 1164 1215 1204 vota
1255 1162 1517 1218 persolvant,
1558 1175 1632 1217 ego
1665 1161 1918 1218 apostolicus

363 1237 604 1295 patriarcha
642 1241 683 1281 et
720 1238 907 1294 episcopi
942 1239 1160 1294 omnisque
1191 1238 1291 1281 ordo
1323 1239 1648 1283 orthodoxorum
1679 1251 1917 1294 excomm&

364 1315 553 1358 nicamus
584 1317 626 1357 et
657 1315 825 1357 omnino
857 1328 927 1358 eos
960 1328 986 1358 a
1006 1317 1295 1359 communione
1317 1315 1515 1359 ecclesiae
1542 1306 1817 1359 removemus.
1862 1314 1919 1358 Et

365 1406 440 1436 vos
470 1393 583 1436 idem
613 1378 753 1447 facite,
786 1392 897 1448 quod
927 1405 1004 1435 nec
1035 1393 1293 1449 sepulturam
1323 1394 1434 1437 inter
1457 1393 1704 1441 christianos
1723 1392 1918 1448 habeant,

365 1470 447 1513 nisi
480 1469 732 1526 competenti
762 1481 889 1512 causa
914 1473 1169 1513 remaneant.
1217 1470 1379 1525 Venite,
1412 1473 1454 1514 et
1472 1470 1690 1518 nobiscum
1710 1468 1919 1527 duplicem

366 1546 543 1602 gloriam
573 1546 790 1603 percipite.
842 1545 932 1589 Hoc
961 1547 1103 1602 itaque
1135 1550 1176 1590 et
1206 1560 1279 1590 vos
1312 1547 1493 1591 scribite.

372 1685 452 1732 94.
484 1687 710 1730 Heinrieus
736 1687 777 1731 V
797 1685 871 1741 rex
902 1687 1149 1731 Heinrieum
1171 1689 1200 1730 I
1205 1689 1244 1731 V
1264 1691 1557 1746 imperatorem
1587 1697 1721 1745 royat‚
1753 1689 1922 1731 mandet

485 1764 686 1807 Heinrieo
718 1763 866 1807 Crasso
899 1767 1051 1818 comiti,
1083 1774 1129 1808 ut
1159 1768 1240 1809 sibi
1260 1765 1498 1822 Saffeldam
1525 1766 1764 1822 profecturo
1789 1779 1919 1822 prae-

487 1843 643 1884 sidium
674 1843 751 1884 det.
799 1841 997 1884 Natalem
1018 1840 1173 1886 Christi
1201 1844 1309 1886 diem
1340 1845 1392 1887 ab
1422 1845 1671 1900 imperatore
1694 1857 1829 1885 secum
1849 1844 1924 1899 aqi

487 1917 637 1975 cupitb.
1743 1919 1794 1973 (E
1819 1918 1920 1980 183)

488 2006 668 2050 Domino
699 2006 813 2063 patri
834 2007 1071 2050 venerando
1093 2007 1361 2063 H(einricus),
1393 2007 1471 2051 Dei
1494 2008 1631 2063 gratia
1648 2008 1691 2051 id
1713 2007 1823 2064 quod
1843 2010 1920 2062 est,

371 2097 466 2127 cum
509 2083 624 2127 fideli
668 2083 902 2127 orationum
939 2084 1143 2127 instantia
1180 2085 1450 2129 devotissima
1488 2099 1536 2129 ac
1573 2098 1738 2142 semper
1772 2087 1923 2142 parata

370 2161 559 2204 servicia.

489 2237 679 2292 Diligens
710 2237 864 2280 caritas
896 2240 938 2280 et
968 2236 1192 2281 affectuosa
1222 2238 1487 2294 paternitatis
1517 2242 1682 2282 vestrae
1705 2238 1921 2293 serenitas,

373 2328 477 2371 quae
507 2315 552 2357 in
582 2313 773 2368 gerendis
803 2313 926 2357 rebus
959 2315 1062 2357 meis
1095 2315 1316 2358 sollicitam
1340 2329 1506 2371 semper
1527 2315 1695 2361 exhibet
1714 2314 1922 2359 consulta-

372 2392 542 2446 tionem,
573 2391 651 2434 hoc
680 2390 804 2447 plane
834 2391 1026 2434 hortatur
1058 2395 1099 2434 et
1129 2392 1296 2434 suadet:
1329 2395 1375 2434 ut
1404 2392 1624 2436 universae
1656 2392 1819 2435 consilii
1839 2391 1924 2435 mei

372 2469 624 2511 intentiones
662 2481 736 2511 vos
777 2468 1001 2524 praecipue
1039 2469 1266 2524 respiciant
1303 2472 1345 2512 et
1383 2469 1436 2512 ad
1474 2469 1716 2524 exequenda
1751 2468 1924 2523 negocia

374 2558 488 2600 mea,
529 2547 655 2601 prout
690 2547 855 2601 tempus
887 2548 929 2588 et
958 2545 1184 2588 necessitas
1216 2546 1422 2601 exposcit,
1461 2546 1726 2589 familiariter
1755 2558 1829 2589 vos
1859 2545 1923 2588 in-

374 2622 518 2665 vitent.
630 2620 834 2672 Quoniam
864 2621 1005 2677 igitur,
1038 2636 1090 2664 ex
1121 2622 1305 2664 consiliis
1335 2635 1522 2664 meorum
1552 2635 1685 2678 nuper
1714 2622 1922 2675 inductus,

374 2698 595 2740 inchoante
626 2698 832 2740 dominico
866 2698 1047 2741 adventu
1070 2697 1252 2741 Salevelt
1281 2699 1342 2742 ire
1373 2699 1537 2742 decrevi
1568 2722 1623 2728 -—
1647 2699 1757 2754 quod
1788 2701 1830 2742 et
1858 2698 1923 2740 in-

377 2774 537 2817 dustria
566 2777 705 2816 vestra
736 2787 834 2829 sepe
863 2774 1029 2829 litteris,
1062 2789 1159 2831 sepe
1180 2775 1287 2818 vivis
1318 2775 1486 2818 vocibus
1518 2779 1691 2831 paterne
1714 2789 1781 2818 me
1811 2788 1925 2818 com-

376 2851 539 2893 monuit
571 2874 624 2879 -—
658 2850 920 2892 commodum
953 2863 1077 2906 quam
1108 2852 1291 2894 maxime
1321 2851 1435 2906 duxi,
1466 2855 1513 2894 ut
1542 2852 1620 2894 hoc
1649 2852 1731 2896 iter
1761 2855 1803 2895 et
1830 2851 1924 2893 uni-

377 2941 517 2982 versa,
555 2940 659 2982 quae
690 2926 837 2969 honori
868 2930 910 2969 et
938 2927 1112 2970 utilitati
1141 2932 1304 2971 vestrae
1334 2929 1605 2983 conveniunt,
1635 2928 1755 2972 iuxta
1782 2927 1924 2971 mode-

469 3030 496 3050 a.
528 3030 584 3051 om.
599 3021 638 3050 B.
761 3020 790 3050 b.
822 3029 861 3050 ew
878 3019 906 3050 V
923 3021 1094 3058 8411—85,
1117 3021 1144 3052 Z
1159 3031 1191 3060 p.
1203 3022 1384 3052 177-178,
