2028 3438
470 269 711 301 umanum
742 266 984 299 mALOGUS.
1034 267 1120 296 Lm.
1143 266 1177 296 11
1208 263 1254 296 26
1564 251 1647 295 771

4 360 6 362 Ι
77 390 163 435 ρον
182 376 478 434 cmpueculum
508 376 659 432 noctis,
682 374 952 432 *applicantes
983 371 1160 426 civitati,
1193 371 1353 426 egressi
1381 385 1525 427 naves,
1558 384 1652 415 cur·
1680 380 1773 417 1124

5 454 7 457 ’
77 454 161 502 tim
180 453 305 501 nucis
321 454 600 500 intravimus.
647 452 772 497 Mane
802 452 936 508 facto,
971 449 1184 495 Paulicius
1216 451 1260 493 et
1288 448 1418 504 legati
1448 449 1653 505 primates

78 531 273 588 adeunt,
288 545 344 576 ex
372 534 497 590 parte
514 531 667 576 ducum
701 543 756 575 se·
777 543 874 574 cum
901 529 1098 586 episcopo
1130 527 1282 581 missos
1314 526 1522 570 referunt:
1556 540 1653 570 cau-

78 622 169 655 sam
200 609 268 654 vie
299 612 463 667 ponunt
493 608 781 664 euangelium3
822 608 925 651 dant
955 605 1177 651 consilium
1210 604 1465 662 promittunt
1496 607 1538 648 et
1568 607 1653 648 ter-

77 691 197 737 reni-s
231 686 293 733 At
319 686 405 735 illi:
434 687 585 731 Nichil
614 687 811 743 inquiunt
840 687 960 730 nobis
993 694 1031 730 et
1059 685 1188 728 vobis.
1241 684 1417 727 Patriae
1440 683 1546 740 leqes
1568 698 1654 725 non

79 767 355 818 damnemus&
400 751 582 810 contenti
622 781 765 808 sumus
811 765 1034 822 reliqione,
1083 777 1210 820 quam
1248 762 1457 805 habemus.
1522 760 1657 817 Apud

79 845 332 905 chriam&
363 843 484 891 aiunt
507 844 636 900 fures
667 852 782 897 sunt,
817 843 999 886 latrones
1030 850 1147 895 sunt,
1181 848 1432 884 truncantur
1459 839 1653 896 pedibus,

77 922 475 981 mammaeam,
508 930 546 965 et
576 923 719 965 omnia
747 936 904 978 yenera
935 920 1134 963 sceletum
1163 927 1202 962 et
1229 933 1438 975 penarum
1460 918 1655 961 christia-

80 1015 160 1046 κω
198 1009 357 1048 emmer
389 1002 438 1044 in
469 1001 767 1050 christianum,-
807 1000 916 1042 absit
946 1015 973 1042 a
1003 999 1124 1042 nobis
1155 997 1304 1054 reliyio
1337 997 1447 1040 talis.
1494 994 1585 1038 Hec
1616 997 1658 1038 et

79 1077 149 1124 his
177 1077 336 1134 similia
365 1080 670 1135 protestantes,
711 1076 1037 1121 obturaverunt*
1069 1089 1192 1119 aures
1225 1088 1344 1130 suas,
1378 1087 1431 1117 ne
1464 1073 1659 1116 audirent

81 1155 270 1205 uerbum.
327 1154 533 1200 Omnibus
574 1155 704 1211 igitur
742 1154 987 1210 obstinatis,
1029 1167 1105 1211 per
1147 1153 1251 1196 duos
1291 1165 1457 1196 menses
1490 1154 1533 1195 et
1562 1150 1658 1208 plus

80 1233 147 1280 ibi
171 1236 411 1289 morantes,
441 1233 571 1278 nichil
603 1247 711 1290 pene
742 1232 1011 1290 profecimus.
1134 1230 1246 1274 Dum
1282 1243 1381 1285 ergo
1413 1233 1500 1273 tam
1532 1229 1659 1285 longa

82 1315 137 1359 et'
153 1311 318 1360 inutilis
349 1324 470 1356 mora
496 1311 618 1355 nobis
639 1310 872 1355 turbationi
894 1312 1019 1365 esset,
1051 1308 1273 1353 consilium
1295 1307 1464 1351 incidit:
1498 1307 1658 1363 legatos

82 1389 252 1444 mittere
273 1389 327 1435 ad
348 1389 497 1434 ducem
517 1388 705 1445 Polonie,
728 1387 948 1443 sciscitari,
972 1386 1073 1443 quid
1094 1387 1146 1431 de
1167 1386 1288 1430 nobis
1310 1386 1487 1441 iuberet,
1517 1389 1659 1429 utrum

82 1481 256 1515 manere
293 1467 383 1512 illic
419 1482 473 1513 au
511 1466 672 1521 redire3
713 1469 755 1510 et
785 1466 837 1510 de
868 1465 1200 1510 contradictione
1231 1464 1451 1508 civitatum
1484 1463 1585 1520 quid
1622 1463 1661 1508 ei

82 1545 311 1593 videretur.
357 1545 477 1597 Quod
508 1545 731 1589 consilium
764 1544 836 1608 ubi
865 1544 1028 1588 civibus
1056 1546 1306 1600 conpertum
1325 1542 1420 1598 fuit,
1452 1541 1661 1586 timebant

84 1623 276 1682 quidem3
316 1626 460 1668 tamen
490 1622 717 1678 rogabant,
754 1626 803 1666 ut
832 1622 1102 1666 mitterentur
1132 1620 1283 1676 legati,
1317 1634 1414 1664 suos
1447 1634 1543 1664 cum
1574 1620 1660 1663 illis

83 1701 170 1750 hac
199 1701 363 1746 ratione
405 1701 667 1759 profecturos
699 1701 909 1755 dicentes,
952 1702 1018 1755 ut,
1060 1699 1096 1743 si
1128 1698 1242 1755 apud
1273 1698 1424 1742 ducem
1455 1701 1660 1755 perpetue

84 1780 201 1838 pacis
231 1778 506 1824 stabilitatem
538 1778 729 1823 obtinere
758 1778 1047 1833 tributumque
1079 1776 1278 1820 alleviare
1311 1780 1480 1833 queant,
1514 1776 1578 1820 his
1601 1776 1661 1820 ibi

83 1871 228 1903 coram
265 1857 353 1902 suis
389 1860 432 1902 et
461 1857 617 1901 nostris
647 1856 799 1911 legatis
831 1870 883 1899 ex
915 1855 1072 1912 scripto
1105 1854 1304 1911 firmatis,
1343 1854 1584 1898 christianis
1616 1867 1661 1897 se

83 1935 247 1991 legibus
278 1938 430 1992 sponte
459 1934 724 1978 inclinarent.
847 1933 1114 1977 Abeuntibus
1138 1947 1237 1988 ergo
1259 1947 1354 1977 cum
1375 1932 1564 1976 Paulicio
1587 1946 1661 1975 no-

85 2013 187 2062 stris
218 2016 260 2058 et
290 2026 432 2059 eorum
465 2011 640 2068 legatis,
678 2026 754 2056 nos
786 2011 954 2056 interim
987 2010 1052 2054 bis
1084 2011 1127 2054 in
1160 2010 1406 2066 ebdomada,
1439 2010 1483 2053 in
1515 2010 1662 2054 diebus

85 2091 249 2140 scilicet
277 2093 509 2146 mercatuS,
550 2103 626 2147 per
663 2090 848 2134 medium
884 2089 988 2145 fori,
1027 2088 1183 2146 populo
1216 2102 1267 2132 ex
1299 2088 1416 2132 omni
1446 2088 1664 2144 provincia

86 2169 375 2225 conveniente,
407 2167 737 2213 sacerdotalibus
764 2167 916 2223 induti,
948 2180 1114 2211 crucem
1135 2166 1398 2224 portavimus
1421 2169 1476 2222 et,
1509 2165 1560 2209 de
1580 2164 1663 2209 fide

86 2250 214 2304 atque
244 2246 458 2302 agnitione
483 2246 565 2290 Dei
595 2246 798 2303 populum
831 2244 1094 2290 incredulum
1126 2247 1333 2301 oportune
1365 2246 1407 2287 et
1437 2244 1664 2300 inportune

74 2315 359 2381 alloquendo,
389 2323 580 2380 iugulum
611 2324 705 2368 neci
737 2322 1046 2380 quodammodo
1078 2322 1249 2366 cottidie
1281 2321 1558 2379 aptavimusb,
1589 2321 1663 2365 sed

86 2402 179 2448 Deo
211 2404 458 2460 protegente
489 2415 566 2446 nos
596 2401 675 2445 lesi
706 2414 791 2444 non
822 2414 978 2444 sumus.
1027 2399 1152 2444 Plebs
1185 2404 1340 2455 autem,
1374 2413 1454 2455 que
1485 2399 1538 2442 de
1566 2412 1664 2443 rure

87 2480 189 2536 fuit,
228 2483 271 2525 et
301 2479 573 2537 simplicitate
604 2493 682 2523 sua
712 2482 755 2523 et
783 2492 926 2522 rerum
957 2478 1145 2522 novitate
1176 2481 1321 2535 capta,
1358 2476 1544 2532 negociis
1576 2477 1663 2520 suis

88 2558 350 2615 postpositis,
384 2557 714 2615 predicationem
744 2555 1024 2600 libentissime
1056 2556 1231 2612 accepit,
1265 2555 1458 2611 quamvis
1490 2554 1662 2598 credere

89 2648 174 2681 non
204 2635 391 2685 auderet.
438 2635 496 2679 Et
528 2635 627 2691 quia
657 2634 783 2678 certis
815 2633 962 2677 diebus
985 2646 1088 2676 crux
1111 2633 1362 2689 portabatur
1384 2636 1426 2676 et
1447 2646 1662 2676 sermones

89 2711 267 2768 fiebant,
306 2712 440 2768 magis
481 2715 655 2769 propter
687 2711 860 2755 verbum
904 2724 1030 2767 quam
1070 2713 1246 2767 propter
1283 2710 1421 2753 forum
1460 2710 1661 2754 ruricole⁰

90 2788 366 2833 confluebant.
489 2790 580 2845 Ego
611 2790 656 2832 in
687 2788 771 2832 illis
794 2788 940 2832 diebus
973 2801 1139 2831 crucem
1162 2801 1258 2831 cum
1282 2785 1489 2845 Symone¹
1521 2787 1565 2830 in
1588 2801 1661 2830 an-

90 2867 210 2922 garia
247 2867 426 2924 portavi.
483 2867 591 2910 Nam
625 2866 775 2910 vellem
808 2865 984 2920 nollem,
1024 2879 1099 2921 per
1130 2865 1290 2910 medios
1323 2865 1547 2920 barbaros,
1589 2878 1664 2921 per

189 2995 216 3016 a.
248 2985 472 3016 obduraverunt
487 2985 558 3022 NB,
583 2985 820 3016 obthuraverunt
842 2984 879 3014 R.
1017 2984 1046 3014 b.
1079 2985 1249 3024 aptavimus
1273 2994 1355 3015 corr.
1379 2983 1413 3014 in
1435 2983 1606 3023 optavimus
1624 2983 1664 3014 N.

92 3048 119 3069 c.
149 3038 279 3070 ruricule
302 3038 342 3068 N.
597 3038 629 3073 l.
655 3037 765 3072 Marc.
786 3036 841 3081 15,
867 3037 925 3071 21.

1299 3088 1379 3124 49³*
