2028 3438
394 246 478 288 768
782 257 1021 288 maumam
1050 257 1290 288 DIALOGUS.
1338 258 1424 287 Lm.
1447 257 1480 287 11
1511 255 1557 288 24

276 373 368 410 1124
392 376 467 406 nos
499 361 792 419 conpellentes.
848 362 930 406 Sed
963 376 1123 406 moram
1154 363 1275 406 nobis
1305 362 1568 418 facientibus,
1599 361 1719 418 quasi
1749 374 1777 405 a.
1796 361 1944 409 ,furore

392 439 454 482 illi
486 443 625 482 essent
655 440 894 495 cessaturi⁸,
926 440 1059 494 magis
1091 453 1234 482 eorum
1267 439 1425 482 exarsit
1444 438 1621 492 insania,
1651 437 1849 494 factoque
1864 437 1945 487 im-

392 520 492 572 petu
525 519 691 573 stupam
724 517 1020 571 aggrediuntur
1052 519 1093 559 et
1124 516 1344 572 dissipant,
1377 519 1484 559 tect-o
1514 515 1711 572 primum,
1744 514 1840 559 dein
1867 527 1945 571 pa-

391 593 566 637 rietibus
599 593 782 636 disiectis
815 596 857 636 et
887 593 1050 636 excisis.
1107 593 1222 640 Tunc
1254 606 1350 636 vero
1385 592 1626 649 episcopus,
1666 591 1720 634 ad
1749 603 1943 635 coronam

392 670 600 727 passionis
632 684 676 713 se
707 670 877 712 invitari
909 683 1105 725 sperans,
1138 668 1257 712 nobis
1291 669 1383 712 aliis
1413 668 1744 726 trepidantibus,
1774 666 1944 727 quibus-

393 747 488 790 dam
522 747 646 790 etiam
670 760 746 803 pre
767 760 920 803 pavore
940 746 1269 801 lacrimantibus,
1300 746 1371 789 ille
1392 746 1542 803 spiritu
1562 732 1739 789 iocando
1761 747 1803 788 et
1821 743 1945 794 hilari

394 823 511 867 vultu
542 823 682 866 stabat
710 823 965 879 intrepidus,
999 826 1148 879 optans
1181 827 1222 866 et
1252 823 1450 878 gliscens,
1483 826 1530 865 ut
1560 822 1626 866 vel
1656 835 1784 867 unum
1815 821 1944 864 ictum

395 904 467 943 aut
487 901 636 943 vulnus
661 900 704 943 in
726 901 892 943 nomine
913 900 1005 943 Iesu
1037 900 1224 957 accipere
1245 900 1394 954 dignus
1416 899 1629 943 habeatur.
1735 897 1945 945 Paulicius

394 991 491 1020 vero
525 981 566 1020 et
594 977 735 1031 legati,
767 977 971 1032 videntes,
1004 977 1102 1032 quia
1121 991 1218 1020 vere
1249 977 1464 1020 insaniunt
1495 989 1638 1019 omnes
1671 979 1713 1019 et
1733 975 1831 1032 quia
1859 974 1946 1020 illic

394 1067 555 1096 moram
595 1054 732 1097 facere
771 1054 953 1097 deterius
995 1057 1059 1097 est
1096 1057 1219 1110 atque
1260 1054 1461 1109 deterius,
1500 1054 1542 1096 in
1582 1053 1766 1096 medium
1801 1050 1951 1108 populi»

394 1130 632 1186 exilientes,
671 1130 928 1174 validissimo
968 1131 1170 1186 clamore,
1212 1131 1297 1174 acsi
1336 1135 1378 1174 et
1407 1131 1490 1187 ipsi
1519 1131 1726 1185 furerent,
1766 1128 1946 1175 extentis

394 1208 586 1251 manibus
620 1208 830 1251 silentium
852 1207 942 1251 fieri
964 1207 1243 1264 postulabant.
1291 1208 1448 1259 Quibus
1470 1208 1522 1251 ad
1543 1207 1754 1250 modicum
1775 1205 1945 1261 sedatis,

395 1285 456 1327 illi
488 1285 684 1328 continuo
716 1285 947 1341 prosecuti:
984 1286 1099 1339 Quict
1128 1294 1186 1328 est
1215 1287 1317 1328 hoe?
1348 1285 1553 1340 inquiunt.
1597 1284 1654 1327 Et
1684 1296 1852 1327 causam
1882 1286 1947 1326 to-

394 1366 480 1405 tam
513 1362 557 1404 in
588 1365 720 1405 semet
750 1362 864 1418 ipsos
894 1362 1213 1405 transferentes:
1249 1363 1303 1406 Si
1331 1378 1405 1405 nos
1437 1362 1556 1405 aiunt
1578 1363 1644 1405 hie
1663 1364 1710 1405 in
1731 1362 1850 1405 curia
1870 1362 1946 1404 do-

394 1442 502 1482 mini
537 1441 672 1482 nostri
701 1441 817 1481 ducis
846 1440 1018 1496 pacifice
1049 1442 1267 1483 consistere
1298 1456 1381 1483 non
1411 1442 1571 1493 sinitis,
1609 1439 1748 1482 saltim
1776 1438 1948 1495 pacifice

395 1518 491 1558 hine
530 1519 641 1559 exire
676 1518 910 1572 permittite.
971 1516 1085 1570 Quid
1110 1518 1265 1572 fui-itis
1302 1520 1347 1559 iu
1385 1517 1487 1559 nos?
1541 1516 1671 1570 Quem
1702 1516 1866 1559 teximus
1898 1530 1948 1570 eei·

395 1594 537 1636 vobis?
591 1592 650 1635 At
679 1592 760 1635 illi:
797 1594 1055 1649 Inpostorem
1085 1593 1280 1649 inquiunt
1310 1595 1429 1637 illum
1461 1596 1699 1651 episcopum
1731 1601 1768 1636 et
1797 1601 1947 1636 ceteros

396 1686 487 1712 eum
520 1685 564 1712 eo
597 1670 858 1722 christianos,
893 1672 988 1712 deos
1019 1679 1181 1713 nostros
1213 1672 1554 1727 blasphemantes,
1586 1670 1811 1725 interficere
1832 1671 1947 1712 veni-

395 1762 499 1789 mus.
550 1746 636 1790 Sed
665 1749 705 1788 si
733 1762 799 1789 eos
821 1747 983 1789 salvare
1004 1748 1141 1800 vultis,
1176 1763 1263 1790 eece
1284 1750 1431 1790 damus
1455 1748 1609 1797 locum3
1642 1749 1720 1790 cito
1743 1762 1809 1789 eos
1831 1755 1948 1789 extra

397 1826 602 1866 civitatem
633 1825 829 1866 deducite.
877 1822 1019 1866 Platee
1052 1827 1190 1867 autem
1223 1825 1404 1867 civitatis
1436 1824 1643 1880 palustres
1675 1826 1794 1866 erant
1823 1826 1865 1866 et
1883 1821 1948 1865 lu-

396 1904 499 1954 tose,
532 1903 573 1943 et
602 1903 752 1956 pontes
785 1901 986 1943 exstructi
1017 1904 1058 1943 et
1086 1901 1225 1944 tabule
1247 1901 1429 1956 undique
1451 1901 1585 1957 posite
1606 1903 1778 1957 propter
1797 1899 1945 1942 lutum.

397 1977 617 2034 Arripiens
659 1990 756 2031 ergo
787 1977 996 2020 Paulicius
1035 1991 1110 2033 per
1147 1991 1316 2021 manum
1357 1978 1522 2021 trahere
1562 1977 1672 2034 cepit
1708 1977 1946 2034 episcopum

399 2058 440 2097 et
471 2054 695 2107 deducere;
729 2053 954 2097 adhortans
976 2055 1175 2109 modeste,
1207 2058 1265 2109 ut,
1298 2055 1333 2098 si
1354 2058 1508 2111 posset,
1541 2053 1832 2111 properantius
1853 2054 1945 2097 iret.

397 2131 454 2174 Ut
485 2134 624 2174 autem
656 2144 731 2187 per
760 2131 943 2174 medium
974 2131 1095 2175 turbe
1126 2146 1200 2174 nos
1233 2146 1377 2175 omnes
1406 2145 1489 2174 non
1520 2130 1820 2188 inperturbatis
1851 2143 1948 2187 pas-

399 2208 512 2250 sibus
545 2211 664 2250 extra
695 2208 844 2251 curtim
876 2221 1006 2263 usque
1038 2209 1091 2251 ad
1122 2212 1269 2264 pontes
1300 2209 1556 2262 devenimus,
1589 2221 1682 2251 ecce
1706 2207 1875 2263 quidam
1896 2207 1947 2250 de

398 2284 521 2327 turba
542 2285 606 2327 vir
637 2285 837 2327 barbarus
869 2288 910 2329 et
939 2285 1072 2339 fortis,
1104 2285 1257 2329 librata
1288 2299 1410 2341 quam
1443 2285 1634 2340 gestabat
1654 2283 1814 2338 ingenti
1844 2283 1947 2340 pha-

398 2361 535 2416 langa,
568 2364 685 2404 vasto
717 2362 803 2404 ictu
831 2365 956 2417 caput
975 2362 1099 2404 ferire
1121 2363 1236 2405 nisus
1259 2365 1322 2406 est
1342 2362 1596 2405 transeuntis
1619 2360 1816 2417 episcopi.
1866 2359 1947 2403 Sed

398 2438 482 2493 ille,
506 2441 696 2481 avertens
717 2441 855 2493 caput,
886 2438 1056 2481 humero
1079 2439 1203 2481 ictum
1228 2439 1430 2495 suscepit3
1464 2438 1690 2493 eodemque
1711 2436 1947 2491 geminante

400 2515 664 2558 commissum
700 2518 741 2557 et
771 2514 851 2556 alio
884 2515 1045 2557 eminus
1076 2515 1120 2558 in
1145 2529 1239 2559 eum
1260 2516 1436 2559 iaciente
1458 2518 1638 2568 contum,
1670 2514 1779 2556 inter
1799 2526 1946 2555 manus

399 2591 573 2634 Paulicii
605 2604 653 2633 ac
673 2591 833 2634 Hiltani
859 2592 1099 2646 sacerdotis,
1132 2592 1369 2635 ducentium
1391 2591 1524 2646 illum,
1557 2605 1581 2633 a
1602 2594 1728 2647 ponte
1748 2590 1792 2632 in
1813 2589 1946 2632 lutum

399 2668 677 2725 prosternitur
708 2667 805 2710 Otto
844 2671 997 2711 noster.
1059 2668 1268 2712 Paulicius
1298 2682 1419 2722 vero,
1461 2671 1502 2711 et
1533 2668 1670 2710 animo
1703 2670 1745 2710 et
1774 2679 1947 2722 corpore

399 2745 457 2787 ibi
497 2758 540 2787 se
570 2744 707 2786 virum
741 2744 960 2799 exhibens,
1000 2746 1204 2789 iacentem
1237 2745 1475 2801 episcopum
1509 2757 1585 2787 nec
1622 2746 1794 2800 propter
1823 2742 1947 2785 inmi-

400 2821 544 2863 nentia
573 2819 657 2862 tela
688 2820 892 2874 deseruit3
926 2822 1021 2876 sed,
1054 2822 1213 2878 proprii
1245 2821 1430 2878 corporis
1462 2821 1624 2863 obiectu
1655 2820 1820 2862 crebras
1851 2832 1946 2875 per-

400 2898 611 2940 cussiones
643 2896 854 2952 excipiens
885 2898 1010 2953 inque
1041 2911 1187 2942 cenum
1210 2911 1235 2942 a
1256 2901 1382 2954 ponte
1412 2898 1657 2951 inguetenus
1679 2895 1945 2948 descendenS,

497 3002 523 3022 a.
555 2990 701 3021 cassaturi
723 2990 762 3025 N,
787 2992 933 3021 cessaturi
954 2992 1023 3022 BR.
