<?xml version="1.0" encoding="UTF-8"?>
<!DOCTYPE html PUBLIC "-//W3C//DTD XHTML 1.0 Transitional//EN"
    "http://www.w3.org/TR/xhtml1/DTD/xhtml1-transitional.dtd">
<html xmlns="http://www.w3.org/1999/xhtml" xml:lang="en" lang="en">
 <head>
  <title>
</title>
<meta http-equiv="Content-Type" content="text/html;charset=utf-8" />
  <meta name='ocr-system' content='tesseract 3.04.00' />
  <meta name='ocr-capabilities' content='ocr_page ocr_carea ocr_par ocr_line ocrx_word'/>
</head>
<body>
  <div class='ocr_page' id='page_1' title='image "bibliothecarerum05wattuoft_0390.png"; bbox 0 0 2028 3438; ppageno 0'>
   <div class='ocr_carea' id='block_1_1' title="bbox 387 275 1482 318">
    <p class='ocr_par' dir='ltr' id='par_1_1' title="bbox 387 275 1482 318">
     <span class='ocr_line' id='line_1_1' title="bbox 387 275 1482 318; baseline -0.005 0"><span class='ocrx_word' id='word_1_1' title='bbox 387 275 474 318; x_wconf 83' lang='lat'><em>374</em></span> <span class='ocrx_word' id='word_1_2' title='bbox 897 283 1116 316; x_wconf 71' lang='lat' dir='ltr'><em>nmmum</em></span> <span class='ocrx_word' id='word_1_3' title='bbox 1146 283 1315 315; x_wconf 75' lang='lat' dir='ltr'><em>oonnx.</em></span> <span class='ocrx_word' id='word_1_4' title='bbox 1355 279 1433 313; x_wconf 61' lang='lat'><em>,206</em></span> <span class='ocrx_word' id='word_1_5' title='bbox 1479 296 1482 299; x_wconf 92' lang='lat'><em>-</em></span> 
     </span>
    </p>
   </div>
   <div class='ocr_carea' id='block_1_2' title="bbox 166 387 1961 2913">
    <p class='ocr_par' dir='ltr' id='par_1_2' title="bbox 166 387 1952 1757">
     <span class='ocr_line' id='line_1_2' title="bbox 166 387 1944 447; baseline -0.004 -9"><span class='ocrx_word' id='word_1_6' title='bbox 166 406 369 444; x_wconf 82' lang='lat'>1111—1120</span> <span class='ocrx_word' id='word_1_7' title='bbox 387 408 483 437; x_wconf 86' lang='lat' dir='ltr'><em>vero</em></span> <span class='ocrx_word' id='word_1_8' title='bbox 506 409 676 446; x_wconf 88' lang='lat' dir='ltr'><em>annum,</em></span> <span class='ocrx_word' id='word_1_9' title='bbox 708 406 791 435; x_wconf 89' lang='lat' dir='ltr'><em>non</em></span> <span class='ocrx_word' id='word_1_10' title='bbox 812 392 923 435; x_wconf 88' lang='lat' dir='ltr'><em>bona</em></span> <span class='ocrx_word' id='word_1_11' title='bbox 943 393 1087 435; x_wconf 85' lang='lat' dir='ltr'><em>ductus</em></span> <span class='ocrx_word' id='word_1_12' title='bbox 1115 391 1344 447; x_wconf 72' lang='lat' dir='ltr'><em>penitentia</em></span> <span class='ocrx_word' id='word_1_13' title='bbox 1370 388 1802 439; x_wconf 68' lang='lat' dir='ltr'><em>Trateommredim,</em></span> <span class='ocrx_word' id='word_1_14' title='bbox 1830 387 1944 444; x_wconf 63' lang='lat' dir='ltr'><em>pepit.</em></span> 
     </span>
     <span class='ocr_line' id='line_1_3' title="bbox 387 465 1946 527; baseline -0.005 -13"><span class='ocrx_word' id='word_1_15' title='bbox 387 473 631 514; x_wconf 82' lang='lat' dir='ltr'><em>monasterii</em></span> <span class='ocrx_word' id='word_1_16' title='bbox 649 473 718 512; x_wconf 89' lang='lat' dir='ltr'><em>sui</em></span> <span class='ocrx_word' id='word_1_17' title='bbox 743 475 1046 527; x_wconf 73' lang='lat' dir='ltr'><strong><em>paupertatem,</em></strong></span> <span class='ocrx_word' id='word_1_18' title='bbox 1081 467 1164 510; x_wconf 87' lang='lat' dir='ltr'><em>cibi</em></span> <span class='ocrx_word' id='word_1_19' title='bbox 1182 475 1220 510; x_wconf 89' lang='lat' dir='ltr'><em>et</em></span> <span class='ocrx_word' id='word_1_20' title='bbox 1242 474 1368 523; x_wconf 86' lang='lat' dir='ltr'><em>potus</em></span> <span class='ocrx_word' id='word_1_21' title='bbox 1387 467 1624 522; x_wconf 80' lang='lat' dir='ltr'><em>penuriam,</em></span> <span class='ocrx_word' id='word_1_22' title='bbox 1654 465 1834 521; x_wconf 64' lang='lat' dir='ltr'><em>dantque</em></span> <span class='ocrx_word' id='word_1_23' title='bbox 1849 477 1946 511; x_wconf 61' lang='lat' dir='ltr'><em>cons-z</em></span> 
     </span>
     <span class='ocr_line' id='line_1_4' title="bbox 388 541 1944 605; baseline -0.003 -14"><span class='ocrx_word' id='word_1_24' title='bbox 388 550 507 605; x_wconf 87' lang='lat' dir='ltr'><em>poris</em></span> <span class='ocrx_word' id='word_1_25' title='bbox 545 549 614 590; x_wconf 91' lang='lat' dir='ltr'><em>sui</em></span> <span class='ocrx_word' id='word_1_26' title='bbox 648 548 930 602; x_wconf 85' lang='lat' dir='ltr'><em>infirmitatem</em></span> <span class='ocrx_word' id='word_1_27' title='bbox 967 546 1157 594; x_wconf 87' lang='lat' dir='ltr'><em>causari;</em></span> <span class='ocrx_word' id='word_1_28' title='bbox 1201 545 1417 588; x_wconf 83' lang='lat' dir='ltr'><em>misericor</em></span> <span class='ocrx_word' id='word_1_29' title='bbox 1417 544 1534 587; x_wconf 83' lang='lat' dir='ltr'><em>diam</em></span> <span class='ocrx_word' id='word_1_30' title='bbox 1573 550 1621 586; x_wconf 80' lang='lat' dir='ltr'><em>et</em></span> <span class='ocrx_word' id='word_1_31' title='bbox 1648 541 1944 587; x_wconf 58' lang='lat' dir='ltr'><em>mmmm</em></span> 
     </span>
     <span class='ocr_line' id='line_1_5' title="bbox 384 619 1944 682; baseline -0.004 -14"><span class='ocrx_word' id='word_1_32' title='bbox 384 625 617 682; x_wconf 83' lang='lat' dir='ltr'><em>postulare,</em></span> <span class='ocrx_word' id='word_1_33' title='bbox 649 633 695 667; x_wconf 85' lang='lat' dir='ltr'><em>ut</em></span> <span class='ocrx_word' id='word_1_34' title='bbox 723 626 770 666; x_wconf 90' lang='lat' dir='ltr'><em>in</em></span> <span class='ocrx_word' id='word_1_35' title='bbox 801 624 1051 666; x_wconf 71' lang='lat' dir='ltr'><em>consortium</em></span> <span class='ocrx_word' id='word_1_36' title='bbox 1081 629 1261 663; x_wconf 80' lang='lat' dir='ltr'><em>vestrum</em></span> <span class='ocrx_word' id='word_1_37' title='bbox 1293 628 1329 662; x_wconf 91' lang='lat' dir='ltr'><em>et</em></span> <span class='ocrx_word' id='word_1_38' title='bbox 1356 619 1638 676; x_wconf 83' lang='lat' dir='ltr'><em>praebendam</em></span> <span class='ocrx_word' id='word_1_39' title='bbox 1668 619 1944 682; x_wconf 38' lang='lat' dir='ltr'><em>&#39;&#39;dm’‘</em></span> 
     </span>
     <span class='ocr_line' id='line_1_6' title="bbox 389 694 1948 757; baseline -0.006 -12"><span class='ocrx_word' id='word_1_40' title='bbox 389 703 618 745; x_wconf 71' lang='lat' dir='ltr'><em>inconsulte</em></span> <span class='ocrx_word' id='word_1_41' title='bbox 647 715 689 743; x_wconf 91' lang='lat' dir='ltr'><em>se</em></span> <span class='ocrx_word' id='word_1_42' title='bbox 713 702 981 757; x_wconf 80' lang='lat' dir='ltr'><em>propositum</em></span> <span class='ocrx_word' id='word_1_43' title='bbox 1011 699 1120 740; x_wconf 88' lang='lat' dir='ltr'><em>illud</em></span> <span class='ocrx_word' id='word_1_44' title='bbox 1150 698 1394 753; x_wconf 84' lang='lat' dir='ltr'><em>arripuisse,</em></span> <span class='ocrx_word' id='word_1_45' title='bbox 1426 710 1500 737; x_wconf 89' lang='lat' dir='ltr'><em>nec</em></span> <span class='ocrx_word' id='word_1_46' title='bbox 1530 696 1743 741; x_wconf 74' lang='lat' dir='ltr'><em>licentiam</em></span> <span class='ocrx_word' id='word_1_47' title='bbox 1758 694 1948 755; x_wconf 67' lang='lat' dir='ltr'><em>epn&#39;qcopi</em></span> 
     </span>
     <span class='ocr_line' id='line_1_7' title="bbox 391 772 1946 833; baseline -0.005 -11"><span class='ocrx_word' id='word_1_48' title='bbox 391 795 433 822; x_wconf 87' lang='lat' dir='ltr'><em>se</em></span> <span class='ocrx_word' id='word_1_49' title='bbox 462 779 654 821; x_wconf 74' lang='lat' dir='ltr'><em>habuisse</em></span> <span class='ocrx_word' id='word_1_50' title='bbox 676 804 730 809; x_wconf 94' lang='lat'>—</span> <span class='ocrx_word' id='word_1_51' title='bbox 756 778 870 833; x_wconf 81' lang='lat' dir='ltr'><em>quod</em></span> <span class='ocrx_word' id='word_1_52' title='bbox 900 785 936 819; x_wconf 89' lang='lat' dir='ltr'><em>et</em></span> <span class='ocrx_word' id='word_1_53' title='bbox 967 777 1057 832; x_wconf 91' lang='lat' dir='ltr'><em>ipse</em></span> <span class='ocrx_word' id='word_1_54' title='bbox 1088 776 1304 831; x_wconf 87' lang='lat' dir='ltr'><em>episcopus</em></span> <span class='ocrx_word' id='word_1_55' title='bbox 1323 773 1490 829; x_wconf 85' lang='lat' dir='ltr'><em>fatetur</em></span> <span class='ocrx_word' id='word_1_56' title='bbox 1511 798 1565 803; x_wconf 88' lang='lat'><em>--</em></span> <span class='ocrx_word' id='word_1_57' title='bbox 1589 780 1626 815; x_wconf 90' lang='lat' dir='ltr'><em>et</em></span> <span class='ocrx_word' id='word_1_58' title='bbox 1654 772 1747 814; x_wconf 87' lang='lat' dir='ltr'><em>ideo</em></span> <span class='ocrx_word' id='word_1_59' title='bbox 1777 772 1946 815; x_wconf 73' lang='lat' dir='ltr'><em>imtum</em></span> 
     </span>
     <span class='ocr_line' id='line_1_8' title="bbox 392 842 1945 909; baseline -0.006 -10"><span class='ocrx_word' id='word_1_60' title='bbox 392 857 536 898; x_wconf 89' lang='lat' dir='ltr'><em>debere</em></span> <span class='ocrx_word' id='word_1_61' title='bbox 564 857 742 898; x_wconf 83' lang='lat' dir='ltr'><em>censeri.</em></span> <span class='ocrx_word' id='word_1_62' title='bbox 797 854 867 896; x_wconf 72' lang='lat' dir='ltr'><em>Ex</em></span> <span class='ocrx_word' id='word_1_63' title='bbox 906 867 990 909; x_wconf 80' lang='lat' dir='ltr'><em>qua</em></span> <span class='ocrx_word' id='word_1_64' title='bbox 1034 848 1345 894; x_wconf 71' lang='lat' dir='ltr'><em>misericordiae</em></span> <span class='ocrx_word' id='word_1_65' title='bbox 1381 846 1734 906; x_wconf 58' lang='lat' dir='ltr'><em>&#39;postulationem</em></span> <span class='ocrx_word' id='word_1_66' title='bbox 1766 842 1945 891; x_wconf 51' lang='lat' dir='ltr'><em>ructon&amp;</em></span> 
     </span>
     <span class='ocr_line' id='line_1_9' title="bbox 393 920 1945 988; baseline -0.006 -12"><span class='ocrx_word' id='word_1_67' title='bbox 393 933 615 976; x_wconf 88' lang='lat' dir='ltr'><em>obiectione</em></span> <span class='ocrx_word' id='word_1_68' title='bbox 644 933 830 988; x_wconf 85' lang='lat' dir='ltr'><em>partium</em></span> <span class='ocrx_word' id='word_1_69' title='bbox 860 932 968 972; x_wconf 90' lang='lat' dir='ltr'><em>inter</em></span> <span class='ocrx_word' id='word_1_70' title='bbox 997 943 1070 971; x_wconf 85' lang='lat' dir='ltr'><em>vos</em></span> <span class='ocrx_word' id='word_1_71' title='bbox 1088 929 1217 984; x_wconf 86' lang='lat' dir='ltr'><em>facta</em></span> <span class='ocrx_word' id='word_1_72' title='bbox 1247 935 1304 970; x_wconf 89' lang='lat' dir='ltr'><em>est</em></span> <span class='ocrx_word' id='word_1_73' title='bbox 1335 927 1550 979; x_wconf 85' lang='lat' dir='ltr'><em>dissensio,</em></span> <span class='ocrx_word' id='word_1_74' title='bbox 1586 920 1850 983; x_wconf 62' lang='lat' dir='ltr'><em>quorundam</em></span> <span class='ocrx_word' id='word_1_75' title='bbox 1878 939 1945 967; x_wconf 87' lang='lat' dir='ltr'><em>re-</em></span> 
     </span>
     <span class='ocr_line' id='line_1_10' title="bbox 393 1001 1948 1068; baseline -0.006 -15"><span class='ocrx_word' id='word_1_76' title='bbox 393 1011 631 1068; x_wconf 86' lang='lat' dir='ltr'><em>cipiendum</em></span> <span class='ocrx_word' id='word_1_77' title='bbox 653 1023 736 1051; x_wconf 86' lang='lat' dir='ltr'><em>esse</em></span> <span class='ocrx_word' id='word_1_78' title='bbox 765 1008 1056 1058; x_wconf 90' lang='lat' dir='ltr'><em>iudicantium,</em></span> <span class='ocrx_word' id='word_1_79' title='bbox 1090 1006 1272 1048; x_wconf 86' lang='lat' dir='ltr'><em>aliorum</em></span> <span class='ocrx_word' id='word_1_80' title='bbox 1292 1019 1387 1046; x_wconf 86' lang='lat' dir='ltr'><em>vero</em></span> <span class='ocrx_word' id='word_1_81' title='bbox 1411 1004 1791 1046; x_wconf 78' lang='lat' dir='ltr'><em>contradicentium.</em></span> <span class='ocrx_word' id='word_1_82' title='bbox 1841 1001 1948 1044; x_wconf 86' lang='lat' dir='ltr'><em>Post</em></span> 
     </span>
     <span class='ocr_line' id='line_1_11' title="bbox 394 1080 1945 1144; baseline -0.005 -14"><span class='ocrx_word' id='word_1_83' title='bbox 394 1087 703 1144; x_wconf 82' lang='lat' dir='ltr'><em>aliquantulum</em></span> <span class='ocrx_word' id='word_1_84' title='bbox 724 1086 921 1141; x_wconf 85' lang='lat' dir='ltr'><em>temporis</em></span> <span class='ocrx_word' id='word_1_85' title='bbox 953 1098 1046 1126; x_wconf 87' lang='lat' dir='ltr'><em>cum</em></span> <span class='ocrx_word' id='word_1_86' title='bbox 1063 1082 1208 1138; x_wconf 87' lang='lat' dir='ltr'><em>frater</em></span> <span class='ocrx_word' id='word_1_87' title='bbox 1223 1082 1466 1138; x_wconf 76' lang='lat' dir='ltr'><em>praedietus</em></span> <span class='ocrx_word' id='word_1_88' title='bbox 1489 1080 1744 1125; x_wconf 65' lang='lat' dir='ltr'><em>vehementem</em></span> <span class='ocrx_word' id='word_1_89' title='bbox 1758 1081 1945 1131; x_wconf 62' lang='lat' dir='ltr'><em>nutaret,</em></span> 
     </span>
     <span class='ocr_line' id='line_1_12' title="bbox 395 1156 1948 1221; baseline -0.003 -15"><span class='ocrx_word' id='word_1_90' title='bbox 395 1166 612 1221; x_wconf 85' lang='lat' dir='ltr'><em>episcopus</em></span> <span class='ocrx_word' id='word_1_91' title='bbox 642 1170 773 1205; x_wconf 86' lang='lat' dir='ltr'><em>vester</em></span> <span class='ocrx_word' id='word_1_92' title='bbox 803 1162 1036 1204; x_wconf 86' lang='lat' dir='ltr'><em>convocatis</em></span> <span class='ocrx_word' id='word_1_93' title='bbox 1069 1159 1260 1202; x_wconf 87' lang='lat' dir='ltr'><em>ecclesiae</em></span> <span class='ocrx_word' id='word_1_94' title='bbox 1296 1158 1511 1215; x_wconf 71' lang='lat' dir='ltr'><em>prioribus</em></span> <span class='ocrx_word' id='word_1_95' title='bbox 1547 1157 1709 1202; x_wconf 84' lang='lat' dir='ltr'><em>litteras.</em></span> <span class='ocrx_word' id='word_1_96' title='bbox 1731 1156 1948 1215; x_wconf 59' lang='lat' dir='ltr'><em>‹quasdam</em></span> 
     </span>
     <span class='ocr_line' id='line_1_13' title="bbox 392 1224 1949 1298; baseline -0.004 -15"><span class='ocrx_word' id='word_1_97' title='bbox 392 1241 686 1298; x_wconf 70' lang='lat' dir='ltr'><em>praesentavit,</em></span> <span class='ocrx_word' id='word_1_98' title='bbox 712 1224 921 1295; x_wconf 73' lang='lat' dir='ltr'><em>quaesibi</em></span> <span class='ocrx_word' id='word_1_99' title='bbox 940 1238 991 1280; x_wconf 93' lang='lat' dir='ltr'><em>ab</em></span> <span class='ocrx_word' id='word_1_100' title='bbox 1014 1237 1328 1293; x_wconf 69' lang='lat' dir='ltr'><em>archiepiscopo</em></span> <span class='ocrx_word' id='word_1_101' title='bbox 1354 1234 1599 1285; x_wconf 84' lang='lat' dir='ltr'><em>Treverensi</em></span> <span class='ocrx_word' id='word_1_102' title='bbox 1616 1233 1949 1278; x_wconf 49' lang='lat' dir='ltr'><em>directuram-</em></span> 
     </span>
     <span class='ocr_line' id='line_1_14' title="bbox 396 1309 1948 1374; baseline -0.006 -13"><span class='ocrx_word' id='word_1_103' title='bbox 396 1319 466 1361; x_wconf 88' lang='lat' dir='ltr'><em>bat</em></span> <span class='ocrx_word' id='word_1_104' title='bbox 473 1334 487 1368; x_wconf 80' lang='lat'><em>,-</em></span> <span class='ocrx_word' id='word_1_105' title='bbox 520 1318 669 1374; x_wconf 82' lang='lat' dir='ltr'><em>quibus</em></span> <span class='ocrx_word' id='word_1_106' title='bbox 701 1331 750 1358; x_wconf 85' lang='lat' dir='ltr'><em>ea</em></span> <span class='ocrx_word' id='word_1_107' title='bbox 779 1316 978 1358; x_wconf 88' lang='lat' dir='ltr'><em>sententia</em></span> <span class='ocrx_word' id='word_1_108' title='bbox 1010 1322 1047 1357; x_wconf 88' lang='lat' dir='ltr'><em>et</em></span> <span class='ocrx_word' id='word_1_109' title='bbox 1076 1314 1266 1356; x_wconf 82' lang='lat' dir='ltr'><em>voluntas</em></span> <span class='ocrx_word' id='word_1_110' title='bbox 1288 1312 1596 1368; x_wconf 72' lang='lat' dir='ltr'><em>archiepiscopi</em></span> <span class='ocrx_word' id='word_1_111' title='bbox 1613 1309 1948 1367; x_wconf 62' lang='lat' dir='ltr'><em>siqnificabatm‘.⁶</em></span> 
     </span>
     <span class='ocr_line' id='line_1_15' title="bbox 395 1386 1948 1450; baseline -0.005 -13"><span class='ocrx_word' id='word_1_112' title='bbox 395 1404 441 1438; x_wconf 88' lang='lat' dir='ltr'><em>ut</em></span> <span class='ocrx_word' id='word_1_113' title='bbox 466 1395 611 1450; x_wconf 87' lang='lat' dir='ltr'><em>frater</em></span> <span class='ocrx_word' id='word_1_114' title='bbox 639 1394 711 1436; x_wconf 87' lang='lat' dir='ltr'><em>ille</em></span> <span class='ocrx_word' id='word_1_115' title='bbox 741 1395 787 1435; x_wconf 90' lang='lat' dir='ltr'><em>in</em></span> <span class='ocrx_word' id='word_1_116' title='bbox 818 1393 1068 1435; x_wconf 84' lang='lat' dir='ltr'><em>consortium</em></span> <span class='ocrx_word' id='word_1_117' title='bbox 1088 1399 1268 1433; x_wconf 80' lang='lat' dir='ltr'><em>vestrum</em></span> <span class='ocrx_word' id='word_1_118' title='bbox 1286 1391 1550 1446; x_wconf 82' lang='lat' dir='ltr'><em>reciperetur.</em></span> <span class='ocrx_word' id='word_1_119' title='bbox 1595 1387 1665 1431; x_wconf 91' lang='lat' dir='ltr'><em>De</em></span> <span class='ocrx_word' id='word_1_120' title='bbox 1695 1386 1948 1444; x_wconf 70' lang='lat' dir='ltr'><em>qus-mohi-</em></span> 
     </span>
     <span class='ocr_line' id='line_1_16' title="bbox 397 1465 1950 1529; baseline -0.005 -14"><span class='ocrx_word' id='word_1_121' title='bbox 397 1473 585 1529; x_wconf 87' lang='lat' dir='ltr'><em>episcopi</em></span> <span class='ocrx_word' id='word_1_122' title='bbox 612 1471 821 1513; x_wconf 85' lang='lat' dir='ltr'><em>voluntate</em></span> <span class='ocrx_word' id='word_1_123' title='bbox 847 1484 939 1512; x_wconf 87' lang='lat' dir='ltr'><em>cum</em></span> <span class='ocrx_word' id='word_1_124' title='bbox 960 1470 1132 1511; x_wconf 85' lang='lat' dir='ltr'><em>dissona</em></span> <span class='ocrx_word' id='word_1_125' title='bbox 1160 1469 1269 1509; x_wconf 88' lang='lat' dir='ltr'><em>inter</em></span> <span class='ocrx_word' id='word_1_126' title='bbox 1287 1481 1358 1508; x_wconf 83' lang='lat' dir='ltr'><em>vos</em></span> <span class='ocrx_word' id='word_1_127' title='bbox 1379 1466 1597 1509; x_wconf 76' lang='lat' dir='ltr'><em>haberetur</em></span> <span class='ocrx_word' id='word_1_128' title='bbox 1615 1466 1830 1517; x_wconf 77' lang='lat' dir='ltr'><em>sententia,</em></span> <span class='ocrx_word' id='word_1_129' title='bbox 1861 1465 1950 1507; x_wconf 81' lang='lat' dir='ltr'><em>ius-</em></span> 
     </span>
     <span class='ocr_line' id='line_1_17' title="bbox 397 1541 1951 1604; baseline -0.005 -12"><span class='ocrx_word' id='word_1_130' title='bbox 397 1551 452 1592; x_wconf 86' lang='lat' dir='ltr'><em>sit</em></span> <span class='ocrx_word' id='word_1_131' title='bbox 487 1550 679 1592; x_wconf 86' lang='lat' dir='ltr'><em>dominus</em></span> <span class='ocrx_word' id='word_1_132' title='bbox 717 1549 956 1604; x_wconf 86' lang='lat' dir='ltr'><em>episcopus·</em></span> <span class='ocrx_word' id='word_1_133' title='bbox 993 1560 1065 1588; x_wconf 83' lang='lat' dir='ltr'><em>vos</em></span> <span class='ocrx_word' id='word_1_134' title='bbox 1103 1545 1251 1588; x_wconf 76' lang='lat' dir='ltr'><em>habere</em></span> <span class='ocrx_word' id='word_1_135' title='bbox 1287 1550 1550 1595; x_wconf 85' lang='lat' dir='ltr'><em>conventum,</em></span> <span class='ocrx_word' id='word_1_136' title='bbox 1595 1550 1661 1596; x_wconf 90' lang='lat' dir='ltr'><em>ut,</em></span> <span class='ocrx_word' id='word_1_137' title='bbox 1706 1541 1867 1585; x_wconf 74' lang='lat' dir='ltr'><em>collatis</em></span> <span class='ocrx_word' id='word_1_138' title='bbox 1904 1542 1951 1584; x_wconf 80' lang='lat' dir='ltr'><em>in</em></span> 
     </span>
     <span class='ocr_line' id='line_1_18' title="bbox 398 1619 1952 1679; baseline -0.005 -10"><span class='ocrx_word' id='word_1_139' title='bbox 398 1641 610 1669; x_wconf 84' lang='lat' dir='ltr'><em>commune</em></span> <span class='ocrx_word' id='word_1_140' title='bbox 648 1625 879 1676; x_wconf 84' lang='lat' dir='ltr'><em>sententiis,</em></span> <span class='ocrx_word' id='word_1_141' title='bbox 919 1623 1095 1679; x_wconf 80' lang='lat' dir='ltr'><em>aliquod</em></span> <span class='ocrx_word' id='word_1_142' title='bbox 1130 1621 1381 1664; x_wconf 87' lang='lat' dir='ltr'><em>rationabile</em></span> <span class='ocrx_word' id='word_1_143' title='bbox 1418 1620 1637 1663; x_wconf 84' lang='lat' dir='ltr'><em>consilium</em></span> <span class='ocrx_word' id='word_1_144' title='bbox 1666 1620 1862 1665; x_wconf 76' lang='lat' dir='ltr'><em>unanimi</em></span> <span class='ocrx_word' id='word_1_145' title='bbox 1893 1619 1952 1661; x_wconf 82' lang='lat' dir='ltr'><em>ad</em></span> 
     </span>
     <span class='ocr_line' id='line_1_19' title="bbox 399 1702 1694 1757; baseline -0.007 -11"><span class='ocrx_word' id='word_1_146' title='bbox 399 1719 490 1746; x_wconf 87' lang='lat' dir='ltr'><em>eum</em></span> <span class='ocrx_word' id='word_1_147' title='bbox 521 1704 680 1746; x_wconf 87' lang='lat' dir='ltr'><em>decreto</em></span> <span class='ocrx_word' id='word_1_148' title='bbox 712 1702 1694 1757; x_wconf 73' lang='lat' dir='ltr'><em>referretis..</em></span> 
     </span>
    </p>

    <p class='ocr_par' dir='ltr' id='par_1_3' title="bbox 399 1771 1961 2913">
     <span class='ocr_line' id='line_1_20' title="bbox 517 1771 1952 1830; baseline -0.006 -8"><span class='ocrx_word' id='word_1_149' title='bbox 517 1779 630 1822; x_wconf 88' lang='lat' dir='ltr'><em>Talis</em></span> <span class='ocrx_word' id='word_1_150' title='bbox 652 1781 716 1822; x_wconf 85' lang='lat' dir='ltr'><em>est</em></span> <span class='ocrx_word' id='word_1_151' title='bbox 736 1781 969 1821; x_wconf 85' lang='lat' dir='ltr'><em>vestrarum</em></span> <span class='ocrx_word' id='word_1_152' title='bbox 990 1776 1091 1819; x_wconf 90' lang='lat' dir='ltr'><em>ordo</em></span> <span class='ocrx_word' id='word_1_153' title='bbox 1119 1775 1374 1827; x_wconf 81' lang='lat' dir='ltr'><em>litterarum3</em></span> <span class='ocrx_word' id='word_1_154' title='bbox 1407 1777 1450 1817; x_wconf 87' lang='lat' dir='ltr'><em>et</em></span> <span class='ocrx_word' id='word_1_155' title='bbox 1469 1773 1570 1829; x_wconf 88' lang='lat' dir='ltr'><em>quid</em></span> <span class='ocrx_word' id='word_1_156' title='bbox 1590 1786 1716 1830; x_wconf 85' lang='lat' dir='ltr'><em>super</em></span> <span class='ocrx_word' id='word_1_157' title='bbox 1735 1771 1814 1818; x_wconf 87' lang='lat' dir='ltr'><em>hoc</em></span> <span class='ocrx_word' id='word_1_158' title='bbox 1833 1771 1952 1816; x_wconf 87' lang='lat' dir='ltr'><em>nobis</em></span> 
     </span>
     <span class='ocr_line' id='line_1_21' title="bbox 399 1849 1954 1911; baseline -0.006 -10"><span class='ocrx_word' id='word_1_159' title='bbox 399 1857 614 1911; x_wconf 84' lang='lat' dir='ltr'><em>videatur,</em></span> <span class='ocrx_word' id='word_1_160' title='bbox 651 1856 835 1898; x_wconf 78' lang='lat' dir='ltr'><em>fraterne</em></span> <span class='ocrx_word' id='word_1_161' title='bbox 866 1852 1076 1910; x_wconf 68' lang='lat' dir='ltr'><em>queritisb.</em></span> <span class='ocrx_word' id='word_1_162' title='bbox 1198 1851 1338 1896; x_wconf 88' lang='lat' dir='ltr'><em>Primo</em></span> <span class='ocrx_word' id='word_1_163' title='bbox 1370 1851 1547 1894; x_wconf 81' lang='lat' dir='ltr'><em>dicimus</em></span> <span class='ocrx_word' id='word_1_164' title='bbox 1585 1849 1638 1894; x_wconf 82' lang='lat' dir='ltr'><em>ad</em></span> <span class='ocrx_word' id='word_1_165' title='bbox 1674 1849 1954 1895; x_wconf 78' lang='lat' dir='ltr'><em>reverentiam</em></span> 
     </span>
     <span class='ocr_line' id='line_1_22' title="bbox 401 1926 1955 1988; baseline -0.005 -11"><span class='ocrx_word' id='word_1_166' title='bbox 401 1934 533 1977; x_wconf 89' lang='lat' dir='ltr'><em>divini</em></span> <span class='ocrx_word' id='word_1_167' title='bbox 563 1934 721 1988; x_wconf 82' lang='lat' dir='ltr'><em>cultus,</em></span> <span class='ocrx_word' id='word_1_168' title='bbox 761 1932 892 1987; x_wconf 86' lang='lat' dir='ltr'><em>quod,</em></span> <span class='ocrx_word' id='word_1_169' title='bbox 929 1931 965 1973; x_wconf 90' lang='lat' dir='ltr'><em>si</em></span> <span class='ocrx_word' id='word_1_170' title='bbox 996 1933 1093 1987; x_wconf 85' lang='lat' dir='ltr'><em>post</em></span> <span class='ocrx_word' id='word_1_171' title='bbox 1123 1932 1317 1986; x_wconf 86' lang='lat' dir='ltr'><em>suscepta</em></span> <span class='ocrx_word' id='word_1_172' title='bbox 1347 1928 1514 1972; x_wconf 86' lang='lat' dir='ltr'><em>artioris</em></span> <span class='ocrx_word' id='word_1_173' title='bbox 1544 1926 1656 1971; x_wconf 83' lang='lat' dir='ltr'><em>vitae</em></span> <span class='ocrx_word' id='word_1_174' title='bbox 1694 1929 1955 1973; x_wconf 78' lang='lat' dir='ltr'><em>sacramenta</em></span> 
     </span>
     <span class='ocr_line' id='line_1_23' title="bbox 401 2002 1955 2066; baseline -0.006 -11"><span class='ocrx_word' id='word_1_175' title='bbox 401 2012 481 2055; x_wconf 88' lang='lat' dir='ltr'><em>viri</em></span> <span class='ocrx_word' id='word_1_176' title='bbox 501 2011 568 2054; x_wconf 89' lang='lat' dir='ltr'><em>vel</em></span> <span class='ocrx_word' id='word_1_177' title='bbox 597 2010 779 2066; x_wconf 86' lang='lat' dir='ltr'><em>feminae</em></span> <span class='ocrx_word' id='word_1_178' title='bbox 799 2008 1038 2062; x_wconf 79' lang='lat' dir='ltr'><em>resilierint,</em></span> <span class='ocrx_word' id='word_1_179' title='bbox 1069 2007 1211 2061; x_wconf 88' lang='lat' dir='ltr'><em>vigore</em></span> <span class='ocrx_word' id='word_1_180' title='bbox 1233 2005 1511 2049; x_wconf 84' lang='lat' dir='ltr'><em>ecclesiastico</em></span> <span class='ocrx_word' id='word_1_181' title='bbox 1533 2004 1708 2060; x_wconf 85' lang='lat' dir='ltr'><em>cogendi</em></span> <span class='ocrx_word' id='word_1_182' title='bbox 1728 2006 1825 2050; x_wconf 81' lang='lat' dir='ltr'><em>sunt</em></span> <span class='ocrx_word' id='word_1_183' title='bbox 1846 2002 1955 2047; x_wconf 64' lang='lat' dir='ltr'><em>illuc</em></span> 
     </span>
     <span class='ocr_line' id='line_1_24' title="bbox 402 2081 1956 2143; baseline -0.005 -11"><span class='ocrx_word' id='word_1_184' title='bbox 402 2089 538 2133; x_wconf 87' lang='lat' dir='ltr'><em>redire</em></span> <span class='ocrx_word' id='word_1_185' title='bbox 573 2087 718 2143; x_wconf 83' lang='lat' dir='ltr'><em>ibique</em></span> <span class='ocrx_word' id='word_1_186' title='bbox 756 2098 1022 2143; x_wconf 84' lang='lat' dir='ltr'><em>permanere3</em></span> <span class='ocrx_word' id='word_1_187' title='bbox 1065 2097 1118 2127; x_wconf 87' lang='lat' dir='ltr'><em>ne</em></span> <span class='ocrx_word' id='word_1_188' title='bbox 1155 2083 1297 2126; x_wconf 84' lang='lat' dir='ltr'><em>divina</em></span> <span class='ocrx_word' id='word_1_189' title='bbox 1335 2082 1514 2126; x_wconf 86' lang='lat' dir='ltr'><em>servitus</em></span> <span class='ocrx_word' id='word_1_190' title='bbox 1553 2082 1672 2138; x_wconf 83' lang='lat' dir='ltr'><em>quasi</em></span> <span class='ocrx_word' id='word_1_191' title='bbox 1708 2081 1814 2125; x_wconf 84' lang='lat' dir='ltr'><em>levis</em></span> <span class='ocrx_word' id='word_1_192' title='bbox 1853 2093 1956 2125; x_wconf 74' lang='lat' dir='ltr'><em>aura</em></span> 
     </span>
     <span class='ocr_line' id='line_1_25' title="bbox 402 2156 1955 2218; baseline -0.005 -9"><span class='ocrx_word' id='word_1_193' title='bbox 402 2165 720 2209; x_wconf 73' lang='lat' dir='ltr'><em>circumferatur</em></span> <span class='ocrx_word' id='word_1_194' title='bbox 757 2166 799 2206; x_wconf 87' lang='lat' dir='ltr'><em>et</em></span> <span class='ocrx_word' id='word_1_195' title='bbox 835 2162 954 2218; x_wconf 86' lang='lat' dir='ltr'><em>quasi</em></span> <span class='ocrx_word' id='word_1_196' title='bbox 984 2160 1173 2205; x_wconf 84' lang='lat' dir='ltr'><em>harundo</em></span> <span class='ocrx_word' id='word_1_197' title='bbox 1203 2163 1326 2203; x_wconf 84' lang='lat' dir='ltr'><em>vento</em></span> <span class='ocrx_word' id='word_1_198' title='bbox 1359 2160 1538 2214; x_wconf 82' lang='lat' dir='ltr'><em>agitetur</em></span> <span class='ocrx_word' id='word_1_199' title='bbox 1549 2156 1573 2202; x_wconf 89' lang='lat'><em>¹.</em></span> <span class='ocrx_word' id='word_1_200' title='bbox 1626 2158 1744 2217; x_wconf 81' lang='lat' dir='ltr'><em>Papa</em></span> <span class='ocrx_word' id='word_1_201' title='bbox 1771 2156 1858 2211; x_wconf 69' lang='lat' dir='ltr'><em>Leo</em></span> <span class='ocrx_word' id='word_1_202' title='bbox 1886 2168 1955 2202; x_wconf 80' lang='lat' dir='ltr'><em>&#39;ca-</em></span> 
     </span>
     <span class='ocr_line' id='line_1_26' title="bbox 403 2236 1958 2300; baseline -0.005 -14"><span class='ocrx_word' id='word_1_203' title='bbox 403 2243 536 2300; x_wconf 82' lang='lat' dir='ltr'><em>pitulo</em></span> <span class='ocrx_word' id='word_1_204' title='bbox 559 2243 633 2285; x_wconf 78' lang='lat'><em>26:</em></span> <span class='ocrx_word' id='word_1_205' title='bbox 666 2242 938 2298; x_wconf 85' lang='lat' dir='ltr'><em>Propositum</em></span> <span class='ocrx_word' id='word_1_206' title='bbox 970 2239 1111 2282; x_wconf 75' lang='lat' dir='ltr'><em>clerici</em></span> <span class='ocrx_word' id='word_1_207' title='bbox 1139 2239 1203 2280; x_wconf 84' lang='lat' dir='ltr'><em>vel</em></span> <span class='ocrx_word' id='word_1_208' title='bbox 1232 2238 1437 2289; x_wconf 74' lang='lat' dir='ltr'><em>monachi,</em></span> <span class='ocrx_word' id='word_1_209' title='bbox 1464 2239 1646 2294; x_wconf 85' lang='lat' dir='ltr'><em>proprio</em></span> <span class='ocrx_word' id='word_1_210' title='bbox 1678 2236 1853 2280; x_wconf 74' lang='lat' dir='ltr'><em>arbitrio</em></span> <span class='ocrx_word' id='word_1_211' title='bbox 1884 2243 1958 2281; x_wconf 84' lang='lat' dir='ltr'><em>aut</em></span> 
     </span>
     <span class='ocr_line' id='line_1_27' title="bbox 403 2311 1958 2374; baseline -0.006 -11"><span class='ocrx_word' id='word_1_212' title='bbox 403 2322 613 2364; x_wconf 81' lang='lat' dir='ltr'><em>voluntate</em></span> <span class='ocrx_word' id='word_1_213' title='bbox 648 2326 902 2374; x_wconf 88' lang='lat' dir='ltr'><em>susceptum,</em></span> <span class='ocrx_word' id='word_1_214' title='bbox 944 2318 1079 2359; x_wconf 86' lang='lat' dir='ltr'><em>deseri</em></span> <span class='ocrx_word' id='word_1_215' title='bbox 1112 2330 1198 2358; x_wconf 90' lang='lat' dir='ltr'><em>non</em></span> <span class='ocrx_word' id='word_1_216' title='bbox 1231 2323 1369 2372; x_wconf 88' lang='lat' dir='ltr'><em>potest</em></span> <span class='ocrx_word' id='word_1_217' title='bbox 1408 2314 1562 2370; x_wconf 81' lang='lat' dir='ltr'><em>absque</em></span> <span class='ocrx_word' id='word_1_218' title='bbox 1597 2321 1777 2370; x_wconf 87' lang='lat' dir='ltr'><em>peccato.</em></span> <span class='ocrx_word' id='word_1_219' title='bbox 1833 2311 1958 2367; x_wconf 81' lang='lat' dir='ltr'><em>Quod</em></span> 
     </span>
     <span class='ocr_line' id='line_1_28' title="bbox 406 2387 1956 2453; baseline -0.006 -13"><span class='ocrx_word' id='word_1_220' title='bbox 406 2400 514 2441; x_wconf 85' lang='lat' dir='ltr'><em>enim</em></span> <span class='ocrx_word' id='word_1_221' title='bbox 546 2399 740 2453; x_wconf 80' lang='lat' dir='ltr'><em>quisque⁰</em></span> <span class='ocrx_word' id='word_1_222' title='bbox 771 2396 884 2437; x_wconf 83' lang='lat' dir='ltr'><em>vovit</em></span> <span class='ocrx_word' id='word_1_223' title='bbox 911 2394 1020 2445; x_wconf 88' lang='lat' dir='ltr'><em>Deo,</em></span> <span class='ocrx_word' id='word_1_224' title='bbox 1054 2393 1168 2435; x_wconf 87' lang='lat' dir='ltr'><em>debet</em></span> <span class='ocrx_word' id='word_1_225' title='bbox 1198 2400 1236 2435; x_wconf 90' lang='lat' dir='ltr'><em>et</em></span> <span class='ocrx_word' id='word_1_226' title='bbox 1263 2387 1468 2434; x_wconf 77' lang='lat' dir='ltr'><em>reddere².</em></span> <span class='ocrx_word' id='word_1_227' title='bbox 1523 2389 1718 2433; x_wconf 84' lang='lat' dir='ltr'><em>Nicolaus</em></span> <span class='ocrx_word' id='word_1_228' title='bbox 1747 2402 1956 2446; x_wconf 58' lang='lat' dir='ltr'><em>papa&#39;ca-</em></span> 
     </span>
     <span class='ocr_line' id='line_1_29' title="bbox 406 2467 1960 2530; baseline -0.005 -13"><span class='ocrx_word' id='word_1_229' title='bbox 406 2474 539 2530; x_wconf 85' lang='lat' dir='ltr'><em>pitulo</em></span> <span class='ocrx_word' id='word_1_230' title='bbox 561 2473 588 2515; x_wconf 78' lang='lat'>5</span> <span class='ocrx_word' id='word_1_231' title='bbox 619 2473 679 2515; x_wconf 87' lang='lat' dir='ltr'><em>ita</em></span> <span class='ocrx_word' id='word_1_232' title='bbox 702 2471 895 2515; x_wconf 79' lang='lat' dir='ltr'><em>rescribit</em></span> <span class='ocrx_word' id='word_1_233' title='bbox 914 2468 1147 2512; x_wconf 82' lang='lat' dir='ltr'><em>Albuvinod</em></span> <span class='ocrx_word' id='word_1_234' title='bbox 1170 2467 1500 2524; x_wconf 84' lang='lat' dir='ltr'><em>archiepiscopo:</em></span> <span class='ocrx_word' id='word_1_235' title='bbox 1536 2467 1660 2521; x_wconf 82' lang='lat' dir='ltr'><em>Quod</em></span> <span class='ocrx_word' id='word_1_236' title='bbox 1689 2468 1960 2523; x_wconf 69' lang='lat' dir='ltr'><em>interroyasti</em></span> 
     </span>
     <span class='ocr_line' id='line_1_30' title="bbox 406 2544 1959 2606; baseline -0.005 -13"><span class='ocrx_word' id='word_1_237' title='bbox 406 2554 457 2593; x_wconf 88' lang='lat' dir='ltr'><em>de</em></span> <span class='ocrx_word' id='word_1_238' title='bbox 482 2552 674 2606; x_wconf 86' lang='lat' dir='ltr'><em>femina,</em></span> <span class='ocrx_word' id='word_1_239' title='bbox 713 2564 819 2606; x_wconf 87' lang='lat' dir='ltr'><em>quae</em></span> <span class='ocrx_word' id='word_1_240' title='bbox 848 2557 944 2606; x_wconf 88' lang='lat' dir='ltr'><em>post</em></span> <span class='ocrx_word' id='word_1_241' title='bbox 975 2548 1130 2590; x_wconf 90' lang='lat' dir='ltr'><em>obitum</em></span> <span class='ocrx_word' id='word_1_242' title='bbox 1158 2548 1322 2588; x_wconf 81' lang='lat' dir='ltr'><em>mariti⁰</em></span> <span class='ocrx_word' id='word_1_243' title='bbox 1352 2547 1422 2587; x_wconf 88' lang='lat' dir='ltr'><em>sui</em></span> <span class='ocrx_word' id='word_1_244' title='bbox 1457 2544 1642 2586; x_wconf 84' lang='lat' dir='ltr'><em>velamen</em></span> <span class='ocrx_word' id='word_1_245' title='bbox 1678 2558 1804 2601; x_wconf 71' lang='lat' dir='ltr'><em>super</em></span> <span class='ocrx_word' id='word_1_246' title='bbox 1834 2551 1959 2601; x_wconf 87' lang='lat' dir='ltr'><em>caput</em></span> 
     </span>
     <span class='ocr_line' id='line_1_31' title="bbox 407 2614 1955 2684; baseline -0.006 -13"><span class='ocrx_word' id='word_1_247' title='bbox 407 2630 625 2684; x_wconf 84' lang='lat' dir='ltr'><em>imposuit,</em></span> <span class='ocrx_word' id='word_1_248' title='bbox 665 2636 702 2669; x_wconf 86' lang='lat' dir='ltr'><em>et</em></span> <span class='ocrx_word' id='word_1_249' title='bbox 728 2627 859 2680; x_wconf 66' lang='lat' dir='ltr'><em>finxit</em></span> <span class='ocrx_word' id='word_1_250' title='bbox 887 2640 929 2667; x_wconf 90' lang='lat' dir='ltr'><em>se</em></span> <span class='ocrx_word' id='word_1_251' title='bbox 960 2614 1033 2667; x_wconf 66' lang='lat' dir='ltr'><em>§ab</em></span> <span class='ocrx_word' id='word_1_252' title='bbox 1066 2625 1205 2666; x_wconf 88' lang='lat' dir='ltr'><em>eodem</em></span> <span class='ocrx_word' id='word_1_253' title='bbox 1234 2623 1436 2665; x_wconf 88' lang='lat' dir='ltr'><em>velamine</em></span> <span class='ocrx_word' id='word_1_254' title='bbox 1473 2621 1828 2664; x_wconf 85' lang='lat' dir='ltr'><em>sanctimonialem</em></span> <span class='ocrx_word' id='word_1_255' title='bbox 1858 2635 1955 2680; x_wconf 86' lang='lat' dir='ltr'><em>esse,</em></span> 
     </span>
     <span class='ocr_line' id='line_1_32' title="bbox 406 2697 1955 2761; baseline -0.006 -14"><span class='ocrx_word' id='word_1_256' title='bbox 406 2714 549 2761; x_wconf 89' lang='lat' dir='ltr'><em>postea</em></span> <span class='ocrx_word' id='word_1_257' title='bbox 579 2719 673 2746; x_wconf 75' lang='lat' dir='ltr'><em>vero</em></span> <span class='ocrx_word' id='word_1_258' title='bbox 705 2705 762 2746; x_wconf 86' lang='lat' dir='ltr'><em>ad</em></span> <span class='ocrx_word' id='word_1_259' title='bbox 785 2704 954 2759; x_wconf 87' lang='lat' dir='ltr'><em>nuptias</em></span> <span class='ocrx_word' id='word_1_260' title='bbox 975 2703 1113 2753; x_wconf 83' lang='lat' dir='ltr'><em>rediit,</em></span> <span class='ocrx_word' id='word_1_261' title='bbox 1147 2701 1297 2743; x_wconf 89' lang='lat' dir='ltr'><em>bonum</em></span> <span class='ocrx_word' id='word_1_262' title='bbox 1321 2707 1358 2741; x_wconf 90' lang='lat' dir='ltr'><em>et</em></span> <span class='ocrx_word' id='word_1_263' title='bbox 1377 2699 1623 2740; x_wconf 85' lang='lat' dir='ltr'><em>canonicum</em></span> <span class='ocrx_word' id='word_1_264' title='bbox 1642 2697 1760 2740; x_wconf 82' lang='lat' dir='ltr'><em>nobis</em></span> <span class='ocrx_word' id='word_1_265' title='bbox 1780 2697 1955 2749; x_wconf 80' lang='lat' dir='ltr'><em>videtur,</em></span> 
     </span>
     <span class='ocr_line' id='line_1_33' title="bbox 409 2774 1961 2838; baseline -0.006 -14"><span class='ocrx_word' id='word_1_266' title='bbox 409 2783 512 2838; x_wconf 80' lang='lat' dir='ltr'><em>quia</em></span> <span class='ocrx_word' id='word_1_267' title='bbox 547 2796 624 2837; x_wconf 86' lang='lat' dir='ltr'><em>per</em></span> <span class='ocrx_word' id='word_1_268' title='bbox 653 2782 883 2837; x_wconf 61' lang='lat' dir='ltr'><em>ypocrisim</em></span> <span class='ocrx_word' id='word_1_269' title='bbox 922 2779 1237 2821; x_wconf 86' lang='lat' dir='ltr'><em>ecclesiasticam</em></span> <span class='ocrx_word' id='word_1_270' title='bbox 1266 2776 1454 2832; x_wconf 75' lang='lat' dir='ltr'><em>reyulam</em></span> <span class='ocrx_word' id='word_1_271' title='bbox 1485 2775 1729 2817; x_wconf 87' lang='lat' dir='ltr'><em>conturbare</em></span> <span class='ocrx_word' id='word_1_272' title='bbox 1764 2774 1895 2816; x_wconf 86' lang='lat' dir='ltr'><em>voluit</em></span> <span class='ocrx_word' id='word_1_273' title='bbox 1923 2781 1961 2816; x_wconf 88' lang='lat' dir='ltr'><em>et</em></span> 
     </span>
     <span class='ocr_line' id='line_1_34' title="bbox 409 2851 1960 2913; baseline -0.005 -13"><span class='ocrx_word' id='word_1_274' title='bbox 409 2874 494 2901; x_wconf 91' lang='lat' dir='ltr'><em>non</em></span> <span class='ocrx_word' id='word_1_275' title='bbox 526 2858 704 2913; x_wconf 70' lang='lat' dir='ltr'><em>leyitime</em></span> <span class='ocrx_word' id='word_1_276' title='bbox 733 2859 779 2899; x_wconf 88' lang='lat' dir='ltr'><em>in</em></span> <span class='ocrx_word' id='word_1_277' title='bbox 809 2865 902 2899; x_wconf 83' lang='lat' dir='ltr'><em>voto</em></span> <span class='ocrx_word' id='word_1_278' title='bbox 933 2870 1006 2898; x_wconf 89' lang='lat' dir='ltr'><em>suo</em></span> <span class='ocrx_word' id='word_1_279' title='bbox 1036 2855 1286 2912; x_wconf 86' lang='lat' dir='ltr'><em>permansit:</em></span> <span class='ocrx_word' id='word_1_280' title='bbox 1317 2861 1364 2895; x_wconf 89' lang='lat' dir='ltr'><em>ut</em></span> <span class='ocrx_word' id='word_1_281' title='bbox 1389 2853 1659 2909; x_wconf 88' lang='lat' dir='ltr'><em>penitentiam</em></span> <span class='ocrx_word' id='word_1_282' title='bbox 1688 2852 1739 2893; x_wconf 88' lang='lat' dir='ltr'><em>de</em></span> <span class='ocrx_word' id='word_1_283' title='bbox 1767 2851 1960 2894; x_wconf 83' lang='lat' dir='ltr'><em>illusione</em></span> 
     </span>
    </p>
   </div>
   <div class='ocr_carea' id='block_1_3' title="bbox 506 2947 1959 3064">
    <p class='ocr_par' dir='ltr' id='par_1_4' title="bbox 506 2947 1959 3064">
     <span class='ocr_line' id='line_1_35' title="bbox 506 2947 1959 2994; baseline -0.006 -8"><span class='ocrx_word' id='word_1_284' title='bbox 506 2967 533 2986; x_wconf 91' lang='lat' dir='ltr'><em>a.</em></span> <span class='ocrx_word' id='word_1_285' title='bbox 565 2966 621 2986; x_wconf 87' lang='lat' dir='ltr'><em>om.</em></span> <span class='ocrx_word' id='word_1_286' title='bbox 636 2956 666 2986; x_wconf 91' lang='lat' dir='ltr'><em>V.</em></span> <span class='ocrx_word' id='word_1_287' title='bbox 780 2956 809 2985; x_wconf 90' lang='lat' dir='ltr'><em>b.</em></span> <span class='ocrx_word' id='word_1_288' title='bbox 838 2954 992 2994; x_wconf 82' lang='lat' dir='ltr'><em>requiritis</em></span> <span class='ocrx_word' id='word_1_289' title='bbox 1007 2954 1046 2984; x_wconf 91' lang='lat' dir='ltr'><em>B.</em></span> <span class='ocrx_word' id='word_1_290' title='bbox 1161 2962 1186 2983; x_wconf 88' lang='lat' dir='ltr'><em>c.</em></span> <span class='ocrx_word' id='word_1_291' title='bbox 1215 2952 1282 2991; x_wconf 79' lang='lat' dir='ltr'><em>quis</em></span> <span class='ocrx_word' id='word_1_292' title='bbox 1297 2952 1336 2982; x_wconf 93' lang='lat' dir='ltr'><em>B.</em></span> <span class='ocrx_word' id='word_1_293' title='bbox 1452 2950 1480 2980; x_wconf 89' lang='lat' dir='ltr'><em>d.</em></span> <span class='ocrx_word' id='word_1_294' title='bbox 1507 2949 1637 2980; x_wconf 82' lang='lat' dir='ltr'><em>Albuino</em></span> <span class='ocrx_word' id='word_1_295' title='bbox 1655 2950 1686 2980; x_wconf 90' lang='lat' dir='ltr'><em>V.</em></span> <span class='ocrx_word' id='word_1_296' title='bbox 1800 2958 1826 2979; x_wconf 86' lang='lat' dir='ltr'><em>e.</em></span> <span class='ocrx_word' id='word_1_297' title='bbox 1854 2948 1911 2980; x_wconf 75' lang='lat' dir='ltr'><em>viri</em></span> <span class='ocrx_word' id='word_1_298' title='bbox 1928 2947 1959 2979; x_wconf 84' lang='lat' dir='ltr'><em>V.</em></span> 
     </span>
     <span class='ocr_line' id='line_1_36' title="bbox 507 3013 1500 3064; baseline -0.006 -9"><span class='ocrx_word' id='word_1_299' title='bbox 507 3021 539 3057; x_wconf 86' lang='lat'><em>1.</em></span> <span class='ocrx_word' id='word_1_300' title='bbox 565 3018 690 3056; x_wconf 85' lang='lat' dir='ltr'><em>Matth.</em></span> <span class='ocrx_word' id='word_1_301' title='bbox 712 3019 766 3064; x_wconf 87' lang='lat'><em>11,</em></span> <span class='ocrx_word' id='word_1_302' title='bbox 787 3019 819 3054; x_wconf 83' lang='lat'><em>7.</em></span> <span class='ocrx_word' id='word_1_303' title='bbox 963 3018 996 3054; x_wconf 81' lang='lat'><em>2.</em></span> <span class='ocrx_word' id='word_1_304' title='bbox 1027 3015 1226 3052; x_wconf 83' lang='lat' dir='ltr'><em>Burchardi</em></span> <span class='ocrx_word' id='word_1_305' title='bbox 1250 3015 1346 3051; x_wconf 86' lang='lat' dir='ltr'><em>decr.</em></span> <span class='ocrx_word' id='word_1_306' title='bbox 1356 3013 1443 3051; x_wconf 90' lang='lat' dir='ltr'>VIII</span> <span class='ocrx_word' id='word_1_307' title='bbox 1466 3014 1500 3050; x_wconf 88' lang='lat'><em>8.</em></span> 
     </span>
    </p>
   </div>
  </div>
 </body>
</html>
