2028 3438
282 343 372 379 1118

175 738 377 774 1081-1085

247 2144 290 2149 —
305 2125 376 2160 314

399 216 487 259 330
835 257 838 259 Α
910 230 1130 262 UDAmer
1159 231 1328 262 conax.
1379 229 1446 263 190

399 333 663 378 discretionis
693 335 827 379 mitto.
883 335 997 387 Quae
1035 337 1122 380 sive
1152 337 1270 381 vobis
1307 337 1542 394 placuerint
1581 338 1669 382 sive
1703 343 1829 394 non,
1850 352 1950 395 erga

398 424 471 454 vos
502 425 610 468 pura
641 425 807 469 semper
836 426 931 457 mea
959 413 1063 456 mihi
1093 414 1228 498 prosit
1257 414 1436 458 devotio,
1483 414 1643 459 Valetc.
1703 450 1705 453 .
1747 433 1762 453 ε’
1794 420 1915 459 0511.st
1942 439 1944 442 -

401 499 506 555 „De
545 514 602 544 eo
649 501 780 556 quod
813 500 1100 558 Wipertus⁸
1110 536 1122 558 ,
1164 503 1255 558 qui
1293 506 1342 547 et
1381 502 1640 559 Clemens,
1684 497 1950 548 inssc'ilem

399 577 747 633 apostolicam
790 577 1034 633 legitime
1080 579 1247 623 fuerit
1288 580 1650 623 intronizatus
1694 575 1950 625 et'Hilte-

447 653 697 710 brandus,
729 656 814 711 qui
846 659 894 699 et
925 655 1203 710 Gregorius
1222 656 1318 712 VH,
1350 657 1488 700 iuste
1520 650 1903 713 reprobatusffl.

520 730 652 786 „Cum
682 732 825 787 multi,
859 735 932 775 aut
960 733 1222 787 ignorantiae
1250 733 1360 776 nube
1391 733 1549 777 detenti
1579 737 1652 777 aut
1678 727 1950 778 veterisiirae

396 807 488 851 face
509 809 709 864 succensi,
740 809 991 853 venerabilis
1013 807 1260 853 Clementis²
1284 823 1419 867 papae
1448 811 1682 865 ingressum
1710 809 1950 868 improbare

398 885 652 928 contendant
682 889 725 929 et
753 900 884 942 usque
916 899 1079 942 quaque
1108 887 1314 930 infamare
1344 900 1427 930 non
1452 887 1712 942 erubescant,
1742 882 1795 931 ut'
1813 882 1950 931 sacer-

398 961 511 1004 dotio
533 965 575 1005 et
594 976 723 1017 regno
743 976 875 1018 usque
893 977 1056 1019 quaque
1077 963 1360 1007 confusionem
1379 964 1592 1020 inducant,
1616 968 1666 1008 ut
1685 959 1950 1009 concordiam

398 1042 440 1082 et
469 1052 616 1096 pacem
647 1041 911 1084 contentione
940 1040 1185 1097 impediant,
1216 1054 1292 1084 nos
1314 1065 1369 1071 —
1394 1042 1465 1097 qui
1494 1041 1616 1084 huius
1645 1041 1708 1085 rei
1728 1036 1950 1085 veritatem

397 1116 653 1171 incognitam
684 1130 768 1160 non
798 1117 1012 1172 habemus,
1045 1118 1116 1173 qui
1147 1118 1286 1161 ovium
1308 1117 1464 1162 Christi
1490 1119 1673 1174 quietem
1694 1117 1887 1162 volumus
1908 1121 1951 1163 et

397 1207 602 1249 amamus,
635 1195 705 1249 qui
736 1194 1015 1237 sacerdotium
1047 1198 1089 1238 et
1117 1208 1292 1250 regnum
1313 1195 1477 1238 vinculo
1506 1195 1622 1251 pacis
1644 1197 1686 1239 et
1705 1189 1949 1240 concordiae

398 1272 575 1326 astringi
621 1271 906 1314 desideramus
955 1275 996 1315 et
1041 1273 1255 1327 querimus
1283 1296 1339 1302 -
1375 1285 1460 1315 non
1496 1272 1644 1316 inutile
1686 1273 1816 1316 immo
1853 1285 1950 1330 per-

396 1348 679 1391 necessarium
713 1361 803 1391 esse
834 1348 1142 1392 existimamus:
1175 1350 1371 1404 quatinus
1401 1349 1446 1392 in
1478 1349 1732 1393 audientiam
1763 1349 1948 1392 omnium

396 1425 641 1469 festinemus
671 1425 813 1481 ibique
844 1426 1140 1482 omnipotentis
1171 1425 1251 1469 Dei
1283 1426 1452 1482 auxilio,
1488 1429 1782 1483 praenotatum
1811 1426 1950 1482 ponti-

397 1501 518 1545 ficem
548 1503 665 1558 pacis
697 1505 739 1545 et
777 1503 968 1546 iusticiae
1009 1506 1255 1558 sectatorem
1286 1507 1397 1547 recte
1428 1507 1470 1547 et
1500 1503 1645 1547 ordine
1674 1497 1720 1547 in
1750 1503 1949 1560 apostoli-

398 1592 490 1622 cam
529 1582 571 1623 et
608 1583 796 1622 sanctam
842 1580 984 1623 sedem
1022 1580 1205 1635 venisse,
1252 1580 1557 1624 rationabiliter
1602 1580 1947 1625 demonstremus.

397 1654 455 1699 Ut
475 1659 614 1699 autem
634 1656 737 1699 haec
760 1656 1058 1700 demonstratio
1084 1658 1302 1714 perspicue
1322 1656 1409 1712 fiat,
1440 1657 1794 1713 consuetudinem,
1823 1670 1950 1714 quam

397 1732 609 1776 Romana¹>
641 1733 815 1777 ecclesia
843 1735 888 1777 in
920 1734 1121 1788 eligendis
1157 1738 1199 1778 et
1234 1734 1524 1778 consecrandis
1562 1735 1648 1777 suis
1687 1734 1949 1791 praesulibus

399 1810 628 1865 antiquitus
659 1824 720 1853 ex
743 1811 898 1874 scripto
929 1812 1192 1865 cognoscitur
1221 1811 1429 1866 habuisse,
1460 1825 1545 1854 non
1564 1812 1839 1867 incongruum
1858 1824 1950 1856 esse

399 1887 587 1930 ducimus
610 1888 822 1931 succinctu
842 1888 1059 1931 brevitatis
1081 1892 1377 1932 transcurrere.
1421 1888 1488 1931 Ex
1508 1888 1596 1932 his⁰
1613 1889 1724 1932 enim
1745 1888 1949 1944 congrue*¹

398 1964 588 2007 convinci
619 1965 787 2021 poterit,
818 1965 956 2008 verius
987 1966 1032 2008 in
1063 1963 1217 2008 altero³
1249 1953 1540 2022 praecessisse,
1577 1965 1687 2022 quod
1718 1966 1770 2010 ab
1801 1966 1949 2011 emulis

398 2041 521 2084 modo
552 2042 870 2098 reprehenditur
900 2042 945 2085 in
975 2041 1230 2086 Clemente“.

519 2118 587 2174 „A
615 2119 731 2162 Petri
767 2133 899 2175 usque
935 2120 987 2162 ad
1020 2119 1211 2163 Silvestri
1249 2122 1460 2177 tempora,
1498 2133 1594 2163 cum
1631 2119 1805 2164 ecclesia
1839 2120 1950 2165 inter

398 2195 586 2239 turbines
619 2199 661 2239 et
691 2197 866 2240 adversa
895 2197 1041 2240 mundi
1062 2201 1351 2251 succresceret,
1382 2197 1718 2254 persecutionum
1739 2197 1950 2253 angustia-

399 2287 576 2329 rumque
607 2273 715 2316 mole
748 2287 973 2330 suppressa
1002 2274 1212 2329 variisque
1248 2277 1550 2317 tormentorum
1581 2274 1800 2328 generibus
1831 2288 1950 2331 sepe-

399 2364 572 2394 numero
603 2351 814 2406 fatigata⁰,
846 2351 979 2405 magis
1011 2351 1202 2394 estuabat
1232 2351 1458 2394 eminentia
1486 2351 1693 2407 passionis
1725 2364 1848 2407 quam
1877 2365 1949 2395 va-

400 2431 515 2471 caret
550 2428 688 2471 studio
735 2428 980 2471 ambitiosae
1025 2427 1312 2471 contentionis.
1374 2427 1566 2470 Nondum
1607 2428 1719 2471 enim
1763 2432 1951 2472 creverat

494 2543 520 2563 a.
551 2533 597 2563 De
608 2534 744 2572 Wiperto
763 2534 793 2565 V.
867 2534 896 2564 b.
918 2534 1101 2564 Romamana
1118 2534 1149 2564 V.
1220 2542 1245 2563 c.
1266 2533 1324 2563 hoc
1339 2533 1373 2563 Z.
1442 2533 1471 2563 d.
1494 2541 1621 2571 congroe
1636 2533 1667 2564 V.
1736 2543 1762 2564 e.
1782 2533 1900 2572 fatigati
1917 2535 1949 2566 V.

399 2600 533 2637 tificis“
560 2602 597 2637 in
615 2602 779 2638 Widonis
804 2603 978 2648 opusculo
1009 2603 1219 2647 reperisset,
1252 2602 1300 2637 ad
1327 2604 1580 2647 „praesentem
1606 2602 1780 2638 ecclesiae
1809 2607 1949 2649 pertur-

399 2660 581 2696 batiOnem
607 2662 856 2706 aliquatenus“
881 2662 1062 2707 pertinere
1085 2661 1285 2707 protulerit,
1310 2661 1396 2697 nihil
1413 2664 1469 2696 est
1485 2660 1732 2708 dubitationis,
1757 2662 1844 2708 quin
1859 2663 1949 2698 Bur-

400 2719 545 2755 diniano
571 2720 764 2756 schismate
789 2720 837 2756 ad
860 2721 1086 2765 corroganda
1109 2720 1199 2756 haec
1223 2720 1402 2756 adductus
1426 2720 1484 2755 sit.

495 2785 527 2819 1.
561 2784 784 2830 Conscripsit
808 2785 917 2821 Wido
952 2785 1018 2829 (de
1050 2796 1121 2830 quo
1153 2797 1188 2822 v.
1214 2796 1250 2831 p.
1274 2786 1342 2820 329
1373 2787 1447 2820 not.
1472 2784 1514 2827 5)
1551 2783 1710 2820 libellum
1742 2784 1838 2821 hunc
1868 2795 1948 2830 spa-

400 2843 451 2878 tio
477 2853 650 2878 annorum
678 2844 921 2889 1081—1085,
947 2855 1162 2889 oppugnans
1188 2844 1353 2889 Gregorii
1364 2844 1435 2880 VII
1459 2843 1506 2878 ad
1529 2843 1787 2879 Herimannum
1811 2844 1949 2889 episco-

399 2911 486 2947 pum
511 2902 725 2937 Mettensem
751 2903 940 2947 epistolam
974 2903 1032 2939 die
1058 2904 1102 2939 15
1127 2903 1230 2938 Mart.
1252 2904 1342 2938 1081
1368 2903 1491 2938 datam
1523 2904 1572 2944 (v.
1596 2900 1716 2945 infra).
1833 2903 1866 2938 2.
1897 2902 1950 2937 III

401 2961 595 3007 antipapae
622 2960 803 3005 (Wiberti)
830 2963 920 2998 1080
945 2962 1022 2998 Iun.
1041 2963 1086 2998 25
1105 2981 1146 2987 —
1167 2963 1259 2998 1100
1284 2961 1383 3007 Sept.
1494 2961 1527 2997 3.
1562 2960 1736 3006 Gregorio
1749 2961 1819 2998 VII
1841 2971 1949 3007 papa.
