2028 3438
196 428 285 463 1081
301 437 403 463 ex.-

220 475 311 510 1082
334 475 382 509 in.

283 1120 372 1155 1087

418 299 504 342 502
799 311 1047 342 EPISTOLAE
1077 298 1448 342 BAMBERGENSES.
1495 307 1528 342 9.
1548 306 1591 340 10

416 417 525 460 iuste
568 429 767 473 possessa
809 417 1024 471 dignitate.
1078 415 1218 458 Nichil
1263 416 1352 457 sine
1389 412 1527 468 vobis,
1575 413 1715 457 omnia
1756 407 1969 458 vobiscum

419 507 542 548 agere
571 493 710 550 parati
741 506 899 548 sumus,
936 493 972 535 si
1002 505 1076 535 vos
1106 495 1270 534 tantum
1300 490 1454 534 nostris
1487 489 1697 534 beneficiis
1727 489 1970 534 resistentes

417 583 502 612 non
532 569 826 612 invenerimus,
1622 562 1625 566 “

536 646 605 688 Ad
636 645 831 688 ultimum
861 644 990 687 nichil
1022 643 1233 698 querimus
1263 643 1347 686 nisi
1373 643 1578 686 iustitiam
1607 643 1652 685 in
1671 642 1744 686 illo
1763 641 1869 697 loco,
1899 642 1971 686 ubi

419 722 602 765 maxime
633 722 752 765 decet
782 734 872 764 esse
912 720 1089 764 iusticia.
1145 719 1278 771 Quam
1309 720 1354 762 in
1384 719 1502 762 vobis
1539 719 1727 762 invenire
1763 715 1971 775 optamus,

419 798 631 842 inventam
663 811 932 841 remunerare
962 797 1051 840 Deo
1085 796 1270 853 propitio
1302 795 1575 839 decernimus.
1623 793 1781 839 Valete.
1810 807 1813 818 *

426 1014 506 1060 10.
540 1015 609 1058 De
639 1015 798 1071 synodo
830 1014 1168 1069 Bamberqen8i⁶.

539 1102 664 1145 Anno
696 1101 927 1144 dominicae
956 1099 1257 1143 incarnationis
1288 1098 1586 1154 MLXXXVII,
1620 1097 1855 1142 indictione
1879 1095 1974 1153 ΧΓ,

260 1169 399 1199 Mamm
421 1180 481 1223 XI
512 1178 604 1222 Kal.
634 1169 1036 1234 Aprilis'celebrata
1066 1180 1131 1219 est
1161 1175 1342 1232 synodus
1373 1176 1417 1218 in
1448 1175 1526 1218 hac
1544 1174 1879 1230 Babenbergensi
1910 1186 1977 1218 ec-

423 1256 550 1299 clesia
582 1254 658 1298 sub
690 1254 841 1297 domno
872 1253 1082 1296 Ruoberto
1115 1253 1292 1308 septimo
1330 1252 1453 1294 huius
1484 1252 1595 1295 sedis
1631 1248 1859 1308 episcopo?
1894 1249 1977 1293 Ubi

422 1333 533 1375 inter
570 1334 709 1374 cetera
748 1329 1028 1373 ecclesiastica
1064 1330 1237 1383 negocia
1275 1328 1481 1383 universi,
1529 1328 1601 1383 qui
1639 1327 1821 1384 synodos·
1832 1327 1978 1369 domni

425 1404 670 1451 Guntharii²
701 1407 954 1461 intererant,
992 1406 1132 1449 clerici
1163 1405 1330 1460 quidem
1362 1419 1437 1461 per
1467 1407 1654 1447 sanctam
1686 1403 1977 1458 obedientiam,

424 1485 581 1529 iudices
613 1497 711 1527 vero
751 1484 959 1538 ceterique
994 1482 1091 1525 laici
1123 1482 1394 1525 sacramentis
1431 1481 1612 1536 astricti,
1651 1493 1734 1528 uno
1772 1493 1843 1523 ore
1880 1478 1980 1536 pro-

425 1561 570 1604 testati
601 1563 718 1603 sunt:
759 1559 1109 1614 quemadmodum
1138 1558 1351 1601 novalium
1390 1557 1709 1612 decimationes,
1749 1557 1799 1600 de
1830 1554 1979 1613 quibus

426 1638 536 1680 inter
566 1639 754 1679 nostram
787 1640 828 1679 et
847 1635 1238 1689 Wirzeburgensem
1270 1634 1479 1678 contentio
1501 1637 1591 1678 erat
1621 1633 1850 1688 ecclesiam,
1882 1646 1980 1690 syn-

429 1713 542 1757 odali
572 1713 726 1755 iudicio
758 1712 833 1755 sub
868 1713 1019 1755 domno
1050 1711 1281 1755 Gunthario
1314 1711 1457 1767 quinto
1489 1710 1611 1754 huius
1643 1710 1753 1754 sedis
1784 1711 1979 1767 episcopo

427 1793 596 1834 nostrae
628 1789 890 1832 adiudicatae
921 1791 1018 1831 sunt
1049 1788 1258 1831 ecclesiae.

544 1866 602 1909 Et
632 1866 708 1909 hec
746 1865 917 1908 nomina
954 1865 1146 1919 testium,
1191 1864 1261 1919 qui
1300 1864 1353 1907 ad
1389 1863 1635 1907 memoriam
1672 1863 1980 1919 modernorum,

400 1931 407 1937 ’
429 1944 529 1999 quid
561 1943 637 1986 sub
669 1943 821 1985 domno
843 1941 1074 1984 Gunthario
1096 1941 1278 1983 viderint
1299 1944 1340 1984 et
1372 1941 1591 1995 audierint,
1623 1941 1843 1997 protestati
1864 1944 1980 1984 sunt:

429 2020 637 2064 Adelbero
661 2019 855 2073 decanuS,
887 2018 1091 2073 Nencher,
1112 2018 1265 2073 Ecch0‚
1287 2017 1500 2072 Adelbert,
1533 2017 1684 2072 Sigele,
1710 2003 1812 2072 620,
1844 2016 1981 2072 Huno,

429 2096 646 2140 Ruothart.
695 2095 767 2139 Hii
798 2098 895 2137 sunt
920 2095 1080 2138 clerici:
1110 2094 1237 2150 Erbo,
1260 2094 1455 2149 Aescuin,
1472 2093 1631 2149 Volrat,
1651 2093 1879 2149 Friderich,
1900 2092 1983 2137 Ar-

429 2172 533 2228 nolt,
565 2172 731 2227 Arnolt,
763 2171 927 2215 Debolt.
1855 2179 1863 2183 '⁴

549 2249 620 2292 Hii
651 2262 749 2292 vero
782 2248 940 2304 synodo
972 2247 1130 2290 domini
1161 2248 1294 2290 nostri
1324 2247 1579 2300 R(uoberti):
1619 2245 1829 2290 Gebehart
1862 2259 1984 2304 prae-

431 2327 607 2383 positus,
639 2325 784 2381 Poppo
816 2324 1010 2379 decanus,
1044 2324 1186 2367 Tiemo
1220 2324 1361 2379 abbas,
1394 2322 1579 2378 Kezelin,
1610 2323 1831 2378 Eberhart,
1862 2322 1984 2366 Heri-

432 2416 544 2458 man,
575 2402 796 2456 Eberhart,
826 2401 1051 2455 Adalbero,
1083 2401 1238 2456 Bruno,
1268 2400 1428 2456 Poppo,
1466 2399 1620 2455 Bruno,
1651 2399 1818 2454 Ernest,
1854 2399 1984 2443 Adal-

432 2480 531 2523 bero
564 2479 759 2533 decanus,
797 2477 936 2532 Huno,
967 2477 1173 2532 Meingoz,
1207 2477 1431 2531 Gunthere,
1462 2476 1646 2531 Rabodo,
1684 2475 1984 2531 Erchenbreht,

433 2555 606 2609 Arnolt3
654 2555 830 2598 domnus
869 2553 1006 2609 Bodo,
1054 2553 1227 2597 Gozwin
1266 2567 1426 2608 comes,
1472 2552 1695 2596 Frederich
1741 2553 1792 2596 de
1831 2551 1985 2607 Castel,

435 2631 609 2675 Gozwin
654 2632 705 2676 de
747 2631 961 2687 Ansperc,
1008 2629 1196 2685 Adelolt,
1242 2629 1470 2686 Walpodo,
1515 2628 1787 2685 Lamprehct,
1829 2627 1984 2683 Bruno,

434 2708 652 2751 Eberhart.

531 2833 557 2854 a.
590 2824 754 2863 Descripsi
775 2834 812 2855 em
835 2823 899 2855 cod.
915 2823 1068 2864 quondam
1081 2822 1313 2864 Bamberyensi,
1335 2832 1418 2853 nunc
1437 2821 1619 2852 Monacensz·
1641 2820 1763 2859 (Cimel.
1781 2820 1842 2860 60)
1864 2821 1988 2853 membr.

439 2886 519 2908 saec.
534 2877 587 2906 XI
599 2875 663 2915 fol.
677 2879 707 2908 3.
739 2876 849 2908 Edidit
870 2876 1038 2907 Harzheim
1063 2876 1152 2907 Cone.
1169 2875 1270 2906 Germ.
1284 2875 1338 2905 III
1353 2875 1432 2905 206.

534 2947 567 2982 1.
593 2946 703 2981 immo
728 2946 775 2982 X.
896 2947 928 2982 2.
962 2946 1021 2981 die
1047 2946 1091 2981 13
1115 2945 1203 2991 Apr.
1222 2944 1314 2980 1059
1338 2942 1504 2990 habitae3
1527 2954 1563 2979 v.
1587 2953 1698 2990 supra
1719 2954 1754 2989 p.
1772 2943 1854 2978 497.
