<?xml version="1.0" encoding="UTF-8"?>
<!DOCTYPE html PUBLIC "-//W3C//DTD XHTML 1.0 Transitional//EN"
    "http://www.w3.org/TR/xhtml1/DTD/xhtml1-transitional.dtd">
<html xmlns="http://www.w3.org/1999/xhtml" xml:lang="en" lang="en">
 <head>
  <title>
</title>
<meta http-equiv="Content-Type" content="text/html;charset=utf-8" />
  <meta name='ocr-system' content='tesseract 3.04.00' />
  <meta name='ocr-capabilities' content='ocr_page ocr_carea ocr_par ocr_line ocrx_word'/>
</head>
<body>
  <div class='ocr_page' id='page_1' title='image "bibliothecarerum05wattuoft_0237.png"; bbox 0 0 2028 3438; ppageno 0'>
   <div class='ocr_carea' id='block_1_1' title="bbox 604 234 1662 278">
    <p class='ocr_par' dir='ltr' id='par_1_1' title="bbox 604 234 1662 278">
     <span class='ocr_line' id='line_1_1' title="bbox 604 234 1662 278; baseline -0.001 -1"><span class='ocrx_word' id='word_1_1' title='bbox 604 245 828 277; x_wconf 74' lang='lat' dir='ltr'>nmmum</span> <span class='ocrx_word' id='word_1_2' title='bbox 857 245 1029 278; x_wconf 66' lang='lat' dir='ltr'>cona-x.</span> <span class='ocrx_word' id='word_1_3' title='bbox 1080 244 1146 278; x_wconf 84' lang='lat'>113</span> <span class='ocrx_word' id='word_1_4' title='bbox 1578 234 1662 277; x_wconf 80' lang='lat'>221</span> 
     </span>
    </p>
   </div>
   <div class='ocr_carea' id='block_1_2' title="bbox 85 351 1885 1504">
    <p class='ocr_par' dir='ltr' id='par_1_2' title="bbox 86 351 1885 721">
     <span class='ocr_line' id='line_1_2' title="bbox 89 351 1832 411; baseline 0.002 -15"><span class='ocrx_word' id='word_1_5' title='bbox 89 351 252 405; x_wconf 40' lang='lat' dir='ltr'>&amp;Dabo</span> <span class='ocrx_word' id='word_1_6' title='bbox 270 353 362 396; x_wconf 62' lang='lat' dir='ltr'>aba·</span> <span class='ocrx_word' id='word_1_7' title='bbox 356 368 496 411; x_wconf 59' lang='lat' dir='ltr'>*reyes</span> <span class='ocrx_word' id='word_1_8' title='bbox 522 355 570 396; x_wconf 71' lang='lat' dir='ltr'>m</span> <span class='ocrx_word' id='word_1_9' title='bbox 589 353 748 410; x_wconf 76' lang='lat' dir='ltr'>furore</span> <span class='ocrx_word' id='word_1_10' title='bbox 765 353 887 396; x_wconf 59' lang='lat' dir='ltr'>‘&#39;neo“</span> <span class='ocrx_word' id='word_1_11' title='bbox 890 352 1068 407; x_wconf 77' lang='lat' dir='ltr'>.-·Quid</span> <span class='ocrx_word' id='word_1_12' title='bbox 1089 368 1186 410; x_wconf 73' lang='lat' dir='ltr'>erqo</span> <span class='ocrx_word' id='word_1_13' title='bbox 1207 354 1304 396; x_wconf 73' lang='lat' dir='ltr'>illos</span> <span class='ocrx_word' id='word_1_14' title='bbox 1324 354 1444 396; x_wconf 79' lang='lat' dir='ltr'>nobis</span> <span class='ocrx_word' id='word_1_15' title='bbox 1474 368 1667 410; x_wconf 74' lang='lat' dir='ltr'>praeesse</span> <span class='ocrx_word' id='word_1_16' title='bbox 1739 363 1832 399; x_wconf 85' lang='lat'>1103</span> 
     </span>
     <span class='ocr_line' id='line_1_3' title="bbox 90 412 1885 488; baseline -0.001 -15"><span class='ocrx_word' id='word_1_17' title='bbox 90 430 363 488; x_wconf 56' lang='lat' dir='ltr'>mesinae,</span> <span class='ocrx_word' id='word_1_18' title='bbox 393 444 573 488; x_wconf 67' lang='lat' dir='ltr'>quorum</span> <span class='ocrx_word' id='word_1_19' title='bbox 599 446 731 488; x_wconf 73' lang='lat' dir='ltr'>super</span> <span class='ocrx_word' id='word_1_20' title='bbox 749 446 826 473; x_wconf 75' lang='lat' dir='ltr'>noa</span> <span class='ocrx_word' id='word_1_21' title='bbox 850 432 1060 488; x_wconf 71' lang='lat' dir='ltr'>reqimina</span> <span class='ocrx_word' id='word_1_22' title='bbox 1081 446 1131 473; x_wconf 72' lang='lat' dir='ltr'>ea:</span> <span class='ocrx_word' id='word_1_23' title='bbox 1151 431 1334 473; x_wconf 77' lang='lat' dir='ltr'><em>Domini</em></span> <span class='ocrx_word' id='word_1_24' title='bbox 1349 430 1509 486; x_wconf 80' lang='lat' dir='ltr'>furore</span> <span class='ocrx_word' id='word_1_25' title='bbox 1528 445 1664 473; x_wconf 74' lang='lat' dir='ltr'>susce·</span> <span class='ocrx_word' id='word_1_26' title='bbox 1685 413 1726 443; x_wconf 77' lang='lat' dir='ltr'>Fe</span> <span class='ocrx_word' id='word_1_27' title='bbox 1729 412 1885 443; x_wconf 81' lang='lat' dir='ltr'>br.—[un.</span> 
     </span>
     <span class='ocr_line' id='line_1_4' title="bbox 88 507 1666 566; baseline -0.001 -14"><span class='ocrx_word' id='word_1_28' title='bbox 88 507 278 566; x_wconf 66' lang='lat' dir='ltr'>pinu-⁸?</span> <span class='ocrx_word' id='word_1_29' title='bbox 289 541 299 551; x_wconf 95' lang='lat'><strong>.</strong></span> <span class='ocrx_word' id='word_1_30' title='bbox 318 540 331 551; x_wconf 81' lang='grc'>.</span> <span class='ocrx_word' id='word_1_31' title='bbox 438 507 515 552; x_wconf 71' lang='lat' dir='ltr'>Sic</span> <span class='ocrx_word' id='word_1_32' title='bbox 553 523 651 566; x_wconf 72' lang='lat' dir='ltr'>erqo</span> <span class='ocrx_word' id='word_1_33' title='bbox 690 509 917 551; x_wconf 77' lang='lat' dir='ltr'>secundum</span> <span class='ocrx_word' id='word_1_34' title='bbox 947 510 1097 551; x_wconf 78' lang='lat' dir='ltr'>merita</span> <span class='ocrx_word' id='word_1_35' title='bbox 1128 508 1391 550; x_wconf 66' lang='lat' dir='ltr'>subditorum</span> <span class='ocrx_word' id='word_1_36' title='bbox 1422 508 1666 552; x_wconf 73' lang='lat' dir='ltr'>tribuuntur</span> 
     </span>
     <span class='ocr_line' id='line_1_5' title="bbox 87 586 1664 644; baseline -0.001 -15"><span class='ocrx_word' id='word_1_37' title='bbox 87 595 296 643; x_wconf 63' lang='lat' dir='ltr'>personae</span> <span class='ocrx_word' id='word_1_38' title='bbox 321 587 568 644; x_wconf 62' lang='lat' dir='ltr'>ment-ium,</span> <span class='ocrx_word' id='word_1_39' title='bbox 602 594 649 629; x_wconf 77' lang='lat' dir='ltr'>ut</span> <span class='ocrx_word' id='word_1_40' title='bbox 677 601 787 644; x_wconf 72' lang='lat' dir='ltr'>sepe,</span> <span class='ocrx_word' id='word_1_41' title='bbox 822 588 899 643; x_wconf 79' lang='lat' dir='ltr'>qui</span> <span class='ocrx_word' id='word_1_42' title='bbox 918 587 1113 629; x_wconf 74' lang='lat' dir='ltr'>videntur</span> <span class='ocrx_word' id='word_1_43' title='bbox 1137 586 1249 638; x_wconf 80' lang='lat' dir='ltr'>boni,</span> <span class='ocrx_word' id='word_1_44' title='bbox 1283 593 1451 642; x_wconf 77' lang='lat' dir='ltr'>accepto</span> <span class='ocrx_word' id='word_1_45' title='bbox 1478 600 1577 628; x_wconf 68' lang='lat' dir='ltr'>mox</span> <span class='ocrx_word' id='word_1_46' title='bbox 1596 601 1664 627; x_wconf 82' lang='lat' dir='ltr'>re·</span> 
     </span>
     <span class='ocr_line' id='line_1_6' title="bbox 86 663 1664 721; baseline -0.001 -14"><span class='ocrx_word' id='word_1_47' title='bbox 86 665 247 721; x_wconf 65' lang='lat' dir='ltr'>grimm</span> <span class='ocrx_word' id='word_1_48' title='bbox 281 672 593 721; x_wconf 73' lang='lat' dir='ltr'>permutentur,</span> <span class='ocrx_word' id='word_1_49' title='bbox 632 666 740 707; x_wconf 69' lang='lat' dir='ltr'>sicut</span> <span class='ocrx_word' id='word_1_50' title='bbox 771 663 903 717; x_wconf 76' lang='lat' dir='ltr'>Saul,</span> <span class='ocrx_word' id='word_1_51' title='bbox 947 665 1025 721; x_wconf 77' lang='lat' dir='ltr'>qui</span> <span class='ocrx_word' id='word_1_52' title='bbox 1053 678 1126 706; x_wconf 79' lang='lat' dir='ltr'>cor</span> <span class='ocrx_word' id='word_1_53' title='bbox 1162 678 1254 705; x_wconf 83' lang='lat' dir='ltr'>cum</span> <span class='ocrx_word' id='word_1_54' title='bbox 1291 664 1497 720; x_wconf 73' lang='lat' dir='ltr'>diynitate</span> <span class='ocrx_word' id='word_1_55' title='bbox 1526 672 1664 706; x_wconf 78' lang='lat' dir='ltr'>muta-</span> 
     </span>
    </p>

    <p class='ocr_par' dir='ltr' id='par_1_3' title="bbox 87 741 1666 1111">
     <span class='ocr_line' id='line_1_7' title="bbox 89 741 1665 799; baseline -0.001 -14"><span class='ocrx_word' id='word_1_56' title='bbox 89 742 153 785; x_wconf 68' lang='lat' dir='ltr'>vit</span> <span class='ocrx_word' id='word_1_57' title='bbox 170 773 180 784; x_wconf 94' lang='lat'><strong>.</strong></span> <span class='ocrx_word' id='word_1_58' title='bbox 260 773 271 785; x_wconf 89' lang='lat'><strong>.</strong></span> <span class='ocrx_word' id='word_1_59' title='bbox 321 741 397 786; x_wconf 74' lang='lat' dir='ltr'>Sic</span> <span class='ocrx_word' id='word_1_60' title='bbox 427 756 525 798; x_wconf 72' lang='lat' dir='ltr'>erqo</span> <span class='ocrx_word' id='word_1_61' title='bbox 552 756 636 799; x_wconf 78' lang='lat' dir='ltr'>pro</span> <span class='ocrx_word' id='word_1_62' title='bbox 669 741 942 798; x_wconf 72' lang='lat' dir='ltr'>qualitatibus</span> <span class='ocrx_word' id='word_1_63' title='bbox 973 741 1235 784; x_wconf 71' lang='lat' dir='ltr'>subditorum</span> <span class='ocrx_word' id='word_1_64' title='bbox 1256 742 1539 798; x_wconf 71' lang='lat' dir='ltr'>disponuntur</span> <span class='ocrx_word' id='word_1_65' title='bbox 1570 749 1665 784; x_wconf 78' lang='lat' dir='ltr'>acta</span> 
     </span>
     <span class='ocr_line' id='line_1_8' title="bbox 88 819 1666 877; baseline 0.001 -16"><span class='ocrx_word' id='word_1_66' title='bbox 88 821 334 876; x_wconf 68' lang='lat' dir='ltr'>reyentium,</span> <span class='ocrx_word' id='word_1_67' title='bbox 366 828 414 863; x_wconf 77' lang='lat' dir='ltr'>ut</span> <span class='ocrx_word' id='word_1_68' title='bbox 442 834 538 877; x_wconf 78' lang='lat' dir='ltr'>sepe</span> <span class='ocrx_word' id='word_1_69' title='bbox 565 834 646 877; x_wconf 83' lang='lat' dir='ltr'>pro</span> <span class='ocrx_word' id='word_1_70' title='bbox 679 820 790 862; x_wconf 83' lang='lat' dir='ltr'>malo</span> <span class='ocrx_word' id='word_1_71' title='bbox 819 821 961 876; x_wconf 69' lang='lat' dir='ltr'>yreqis</span> <span class='ocrx_word' id='word_1_72' title='bbox 994 821 1119 862; x_wconf 76' lang='lat' dir='ltr'>etiam</span> <span class='ocrx_word' id='word_1_73' title='bbox 1139 834 1238 861; x_wconf 79' lang='lat' dir='ltr'>vera</span> <span class='ocrx_word' id='word_1_74' title='bbox 1260 819 1361 862; x_wconf 76' lang='lat' dir='ltr'>boni</span> <span class='ocrx_word' id='word_1_75' title='bbox 1380 820 1554 862; x_wconf 69' lang='lat' dir='ltr'>rectoris</span> <span class='ocrx_word' id='word_1_76' title='bbox 1577 820 1666 862; x_wconf 73' lang='lat' dir='ltr'>vita</span> 
     </span>
     <span class='ocr_line' id='line_1_9' title="bbox 89 895 1663 955; baseline -0.001 -15"><span class='ocrx_word' id='word_1_77' title='bbox 89 895 406 955; x_wconf 47' lang='lat' dir='ltr'>delinquat...</span> <span class='ocrx_word' id='word_1_78' title='bbox 425 929 436 940; x_wconf 90' lang='lat'><strong>.</strong></span> <span class='ocrx_word' id='word_1_79' title='bbox 488 896 653 941; x_wconf 79' lang='lat' dir='ltr'><strong><em>Certum</em></strong></span> <span class='ocrx_word' id='word_1_80' title='bbox 683 912 780 940; x_wconf 79' lang='lat' dir='ltr'>vero</span> <span class='ocrx_word' id='word_1_81' title='bbox 821 906 898 950; x_wconf 73' lang='lat' dir='ltr'>eet,</span> <span class='ocrx_word' id='word_1_82' title='bbox 941 899 1055 954; x_wconf 81' lang='lat' dir='ltr'>quod</span> <span class='ocrx_word' id='word_1_83' title='bbox 1091 899 1151 939; x_wconf 78' lang='lat' dir='ltr'>ita</span> <span class='ocrx_word' id='word_1_84' title='bbox 1187 898 1271 940; x_wconf 72' lang='lat' dir='ltr'>sibi</span> <span class='ocrx_word' id='word_1_85' title='bbox 1299 899 1477 940; x_wconf 78' lang='lat' dir='ltr'>invicem</span> <span class='ocrx_word' id='word_1_86' title='bbox 1508 905 1546 940; x_wconf 80' lang='lat' dir='ltr'>et</span> <span class='ocrx_word' id='word_1_87' title='bbox 1574 911 1663 939; x_wconf 79' lang='lat' dir='ltr'>rec—</span> 
     </span>
     <span class='ocr_line' id='line_1_10' title="bbox 87 974 1662 1033; baseline -0.001 -15"><span class='ocrx_word' id='word_1_88' title='bbox 87 983 228 1019; x_wconf 69' lang='lat' dir='ltr'>torum</span> <span class='ocrx_word' id='word_1_89' title='bbox 257 974 526 1033; x_wconf 65' lang='lat' dir='ltr'>·et⁵&#39;plebium</span> <span class='ocrx_word' id='word_1_90' title='bbox 566 976 714 1019; x_wconf 76' lang='lat' dir='ltr'>merita</span> <span class='ocrx_word' id='word_1_91' title='bbox 753 983 1070 1027; x_wconf 73' lang='lat' dir='ltr'>connectantur,</span> <span class='ocrx_word' id='word_1_92' title='bbox 1114 984 1161 1018; x_wconf 74' lang='lat' dir='ltr'>ut</span> <span class='ocrx_word' id='word_1_93' title='bbox 1196 990 1296 1033; x_wconf 74' lang='lat' dir='ltr'>sepe-</span> <span class='ocrx_word' id='word_1_94' title='bbox 1330 991 1380 1018; x_wconf 71' lang='lat' dir='ltr'>ew</span> <span class='ocrx_word' id='word_1_95' title='bbox 1417 975 1543 1032; x_wconf 78' lang='lat' dir='ltr'>culpa</span> <span class='ocrx_word' id='word_1_96' title='bbox 1574 990 1662 1017; x_wconf 75' lang='lat' dir='ltr'>reo·</span> 
     </span>
     <span class='ocr_line' id='line_1_11' title="bbox 89 1053 1662 1111; baseline -0.001 -15"><span class='ocrx_word' id='word_1_97' title='bbox 89 1061 228 1096; x_wconf 68' lang='lat' dir='ltr'>torum</span> <span class='ocrx_word' id='word_1_98' title='bbox 248 1054 431 1097; x_wconf 69' lang='lat' dir='ltr'>deterior</span> <span class='ocrx_word' id='word_1_99' title='bbox 448 1053 533 1109; x_wconf 77' lang='lat' dir='ltr'>fiat</span> <span class='ocrx_word' id='word_1_100' title='bbox 562 1055 649 1096; x_wconf 71' lang='lat' dir='ltr'>vita</span> <span class='ocrx_word' id='word_1_101' title='bbox 674 1054 878 1110; x_wconf 80' lang='lat' dir='ltr'><em>plebium,</em></span> <span class='ocrx_word' id='word_1_102' title='bbox 913 1062 951 1097; x_wconf 77' lang='lat' dir='ltr'>et</span> <span class='ocrx_word' id='word_1_103' title='bbox 980 1068 1075 1111; x_wconf 79' lang='lat' dir='ltr'>sepe</span> <span class='ocrx_word' id='word_1_104' title='bbox 1108 1068 1157 1096; x_wconf 72' lang='lat' dir='ltr'>ex</span> <span class='ocrx_word' id='word_1_105' title='bbox 1177 1055 1324 1096; x_wconf 70' lang='lat' dir='ltr'>merito</span> <span class='ocrx_word' id='word_1_106' title='bbox 1352 1053 1541 1110; x_wconf 83' lang='lat' dir='ltr'><em>plebium</em></span> <span class='ocrx_word' id='word_1_107' title='bbox 1570 1068 1662 1095; x_wconf 83' lang='lat' dir='ltr'>mu-</span> 
     </span>
    </p>

    <p class='ocr_par' dir='ltr' id='par_1_4' title="bbox 85 1130 1759 1504">
     <span class='ocr_line' id='line_1_12' title="bbox 89 1130 1661 1188; baseline -0.002 -13"><span class='ocrx_word' id='word_1_108' title='bbox 89 1138 198 1175; x_wconf 77' lang='lat' dir='ltr'>tetm·</span> <span class='ocrx_word' id='word_1_109' title='bbox 234 1133 323 1174; x_wconf 76' lang='lat' dir='ltr'>vita</span> <span class='ocrx_word' id='word_1_110' title='bbox 358 1139 577 1174; x_wconf 75' lang='lat' dir='ltr'>rectorum.</span> <span class='ocrx_word' id='word_1_111' title='bbox 634 1130 722 1175; x_wconf 77' lang='lat' dir='ltr'>Sed</span> <span class='ocrx_word' id='word_1_112' title='bbox 753 1133 856 1188; x_wconf 78' lang='lat' dir='ltr'>quia</span> <span class='ocrx_word' id='word_1_113' title='bbox 886 1140 1064 1175; x_wconf 72' lang='lat' dir='ltr'>rectores</span> <span class='ocrx_word' id='word_1_114' title='bbox 1104 1131 1256 1174; x_wconf 73' lang='lat' dir='ltr'>habent</span> <span class='ocrx_word' id='word_1_115' title='bbox 1293 1132 1475 1174; x_wconf 78' lang='lat' dir='ltr'>iudicem</span> <span class='ocrx_word' id='word_1_116' title='bbox 1506 1131 1661 1183; x_wconf 81' lang='lat' dir='ltr'>Deum,</span> 
     </span>
     <span class='ocr_line' id='line_1_13' title="bbox 87 1209 1662 1266; baseline -0.001 -14"><span class='ocrx_word' id='word_1_117' title='bbox 87 1216 246 1266; x_wconf 72' lang='lat' dir='ltr'>maqna</span> <span class='ocrx_word' id='word_1_118' title='bbox 260 1209 438 1252; x_wconf 70' lang='lat' dir='ltr'>-oautela</span> <span class='ocrx_word' id='word_1_119' title='bbox 469 1209 734 1252; x_wconf 73' lang='lat' dir='ltr'>subditorum</span> <span class='ocrx_word' id='word_1_120' title='bbox 772 1218 851 1252; x_wconf 74' lang='lat' dir='ltr'>est:</span> <span class='ocrx_word' id='word_1_121' title='bbox 890 1224 975 1252; x_wconf 77' lang='lat' dir='ltr'>non</span> <span class='ocrx_word' id='word_1_122' title='bbox 1014 1218 1163 1252; x_wconf 75' lang='lat' dir='ltr'>temere</span> <span class='ocrx_word' id='word_1_123' title='bbox 1199 1210 1391 1252; x_wconf 76' lang='lat' dir='ltr'>iudicare</span> <span class='ocrx_word' id='word_1_124' title='bbox 1429 1210 1559 1251; x_wconf 76' lang='lat' dir='ltr'>vitam</span> <span class='ocrx_word' id='word_1_125' title='bbox 1595 1223 1662 1250; x_wconf 79' lang='lat' dir='ltr'>re-</span> 
     </span>
     <span class='ocr_line' id='line_1_14' title="bbox 85 1282 1759 1344; baseline -0.001 -15"><span class='ocrx_word' id='word_1_126' title='bbox 85 1282 309 1343; x_wconf 54' lang='lat' dir='ltr'>ymciumfi</span> <span class='ocrx_word' id='word_1_127' title='bbox 360 1285 450 1330; x_wconf 83' lang='lat' dir='ltr'>Hec</span> <span class='ocrx_word' id='word_1_128' title='bbox 480 1284 674 1341; x_wconf 82' lang='lat' dir='ltr'>Gregorii</span> <span class='ocrx_word' id='word_1_129' title='bbox 707 1285 835 1329; x_wconf 85' lang='lat' dir='ltr'>verba</span> <span class='ocrx_word' id='word_1_130' title='bbox 865 1289 997 1342; x_wconf 85' lang='lat' dir='ltr'>agunt</span> <span class='ocrx_word' id='word_1_131' title='bbox 1031 1300 1108 1344; x_wconf 93' lang='lat' dir='ltr'>pro</span> <span class='ocrx_word' id='word_1_132' title='bbox 1139 1285 1282 1330; x_wconf 87' lang='lat' dir='ltr'>nobis:</span> <span class='ocrx_word' id='word_1_133' title='bbox 1324 1286 1436 1341; x_wconf 89' lang='lat' dir='ltr'>quod</span> <span class='ocrx_word' id='word_1_134' title='bbox 1466 1299 1540 1328; x_wconf 87' lang='lat' dir='ltr'>vos</span> <span class='ocrx_word' id='word_1_135' title='bbox 1572 1285 1662 1328; x_wconf 93' lang='lat' dir='ltr'>Deo</span> <span class='ocrx_word' id='word_1_136' title='bbox 1708 1306 1730 1327; x_wconf 74' lang='grc' dir='ltr'><strong><em>ο</em></strong></span> <span class='ocrx_word' id='word_1_137' title='bbox 1755 1317 1759 1322; x_wconf 91' lang='grc'><em>.</em></span> 
     </span>
     <span class='ocr_line' id='line_1_15' title="bbox 87 1362 1664 1420; baseline 0 -14"><span class='ocrx_word' id='word_1_138' title='bbox 87 1362 289 1407; x_wconf 79' lang='lat' dir='ltr'>iudicium</span> <span class='ocrx_word' id='word_1_139' title='bbox 326 1375 449 1407; x_wconf 82' lang='lat' dir='ltr'>suum</span> <span class='ocrx_word' id='word_1_140' title='bbox 489 1362 671 1417; x_wconf 87' lang='lat' dir='ltr'>tollatis;</span> <span class='ocrx_word' id='word_1_141' title='bbox 713 1377 791 1407; x_wconf 92' lang='lat' dir='ltr'>nec</span> <span class='ocrx_word' id='word_1_142' title='bbox 821 1364 1082 1420; x_wconf 84' lang='lat' dir='ltr'>adtendatis,</span> <span class='ocrx_word' id='word_1_143' title='bbox 1119 1364 1230 1420; x_wconf 88' lang='lat' dir='ltr'>quod</span> <span class='ocrx_word' id='word_1_144' title='bbox 1262 1364 1366 1408; x_wconf 88' lang='lat' dir='ltr'>dicit</span> <span class='ocrx_word' id='word_1_145' title='bbox 1394 1363 1527 1406; x_wconf 89' lang='lat' dir='ltr'>Amos</span> <span class='ocrx_word' id='word_1_146' title='bbox 1565 1377 1664 1420; x_wconf 92' lang='lat' dir='ltr'>pro—</span> 
     </span>
     <span class='ocr_line' id='line_1_16' title="bbox 86 1439 1663 1504; baseline 0 -20"><span class='ocrx_word' id='word_1_147' title='bbox 86 1439 236 1497; x_wconf 78' lang='lat' dir='ltr'>pheta:</span> <span class='ocrx_word' id='word_1_148' title='bbox 287 1440 347 1484; x_wconf 67' lang='lat' dir='ltr'>Va</span> <span class='ocrx_word' id='word_1_149' title='bbox 382 1442 716 1485; x_wconf 67' lang='lat' dir='ltr'>desiderantibus</span> <span class='ocrx_word' id='word_1_150' title='bbox 755 1444 866 1485; x_wconf 81' lang='lat' dir='ltr'>diem</span> <span class='ocrx_word' id='word_1_151' title='bbox 897 1439 1126 1504; x_wconf 32' lang='lat' dir='ltr'>Domini&amp;</span> <span class='ocrx_word' id='word_1_152' title='bbox 1175 1442 1300 1485; x_wconf 88' lang='lat' dir='ltr'>Diem</span> <span class='ocrx_word' id='word_1_153' title='bbox 1341 1441 1514 1484; x_wconf 91' lang='lat' dir='ltr'><strong>Domini</strong></span> <span class='ocrx_word' id='word_1_154' title='bbox 1553 1441 1663 1484; x_wconf 86' lang='lat' dir='ltr'>desi-</span> 
     </span>
    </p>
   </div>
   <div class='ocr_carea' id='block_1_3' title="bbox 9 1507 1663 1577">
    <p class='ocr_par' dir='ltr' id='par_1_5' title="bbox 9 1507 1663 1577">
     <span class='ocr_line' id='line_1_17' title="bbox 9 1507 1663 1577; baseline 0 -16"><span class='ocrx_word' id='word_1_155' title='bbox 9 1568 12 1570; x_wconf 14' lang='lat'>*</span> <span class='ocrx_word' id='word_1_156' title='bbox 86 1516 230 1574; x_wconf 71' lang='lat' dir='ltr'>derat,</span> <span class='ocrx_word' id='word_1_157' title='bbox 272 1507 345 1575; x_wconf 76' lang='lat' dir='ltr'>qm</span> <span class='ocrx_word' id='word_1_158' title='bbox 375 1519 532 1564; x_wconf 85' lang='lat' dir='ltr'>iniuste</span> <span class='ocrx_word' id='word_1_159' title='bbox 563 1519 629 1563; x_wconf 83' lang='lat' dir='ltr'>vel</span> <span class='ocrx_word' id='word_1_160' title='bbox 660 1519 902 1577; x_wconf 84' lang='lat' dir='ltr'><strong>importune</strong></span> <span class='ocrx_word' id='word_1_161' title='bbox 932 1520 999 1563; x_wconf 87' lang='lat' dir='ltr'>vel</span> <span class='ocrx_word' id='word_1_162' title='bbox 1036 1519 1334 1576; x_wconf 88' lang='lat' dir='ltr'>intempestive</span> <span class='ocrx_word' id='word_1_163' title='bbox 1375 1518 1427 1562; x_wconf 88' lang='lat' dir='ltr'>de</span> <span class='ocrx_word' id='word_1_164' title='bbox 1464 1518 1663 1562; x_wconf 87' lang='lat' dir='ltr'>subiectis</span> 
     </span>
    </p>
   </div>
   <div class='ocr_carea' id='block_1_4' title="bbox 84 1595 1663 2743">
    <p class='ocr_par' dir='ltr' id='par_1_6' title="bbox 85 1595 1663 1966">
     <span class='ocr_line' id='line_1_18' title="bbox 86 1595 1660 1655; baseline 0 -16"><span class='ocrx_word' id='word_1_165' title='bbox 86 1595 248 1640; x_wconf 76' lang='lat' dir='ltr'>indicat</span> <span class='ocrx_word' id='word_1_166' title='bbox 265 1596 334 1640; x_wconf 83' lang='lat' dir='ltr'>vel</span> <span class='ocrx_word' id='word_1_167' title='bbox 355 1600 453 1641; x_wconf 84' lang='lat' dir='ltr'>voto</span> <span class='ocrx_word' id='word_1_168' title='bbox 483 1597 623 1641; x_wconf 87' lang='lat' dir='ltr'>cordis</span> <span class='ocrx_word' id='word_1_169' title='bbox 653 1597 855 1640; x_wconf 89' lang='lat' dir='ltr'>iudicium</span> <span class='ocrx_word' id='word_1_170' title='bbox 879 1597 959 1641; x_wconf 87' lang='lat' dir='ltr'>Dei</span> <span class='ocrx_word' id='word_1_171' title='bbox 990 1601 1227 1655; x_wconf 81' lang='lat' dir='ltr'>praeoptat.</span> <span class='ocrx_word' id='word_1_172' title='bbox 1341 1597 1432 1640; x_wconf 91' lang='lat' dir='ltr'>Non</span> <span class='ocrx_word' id='word_1_173' title='bbox 1467 1597 1660 1651; x_wconf 82' lang='lat' dir='ltr'>dicimus,</span> 
     </span>
     <span class='ocr_line' id='line_1_19' title="bbox 85 1673 1662 1733; baseline -0.001 -15"><span class='ocrx_word' id='word_1_174' title='bbox 85 1673 386 1733; x_wconf 79' lang='lat' dir='ltr'>imperatorem</span> <span class='ocrx_word' id='word_1_175' title='bbox 425 1679 619 1719; x_wconf 86' lang='lat' dir='ltr'>nostrum</span> <span class='ocrx_word' id='word_1_176' title='bbox 659 1688 750 1719; x_wconf 87' lang='lat' dir='ltr'>esse</span> <span class='ocrx_word' id='word_1_177' title='bbox 792 1675 1041 1733; x_wconf 78' lang='lat' dir='ltr'><strong>ypocritam.</strong></span> <span class='ocrx_word' id='word_1_178' title='bbox 1097 1674 1179 1718; x_wconf 88' lang='lat' dir='ltr'>Sed</span> <span class='ocrx_word' id='word_1_179' title='bbox 1211 1689 1306 1730; x_wconf 77' lang='lat' dir='ltr'>vos,</span> <span class='ocrx_word' id='word_1_180' title='bbox 1347 1675 1418 1731; x_wconf 90' lang='lat' dir='ltr'>qui</span> <span class='ocrx_word' id='word_1_181' title='bbox 1460 1688 1553 1718; x_wconf 89' lang='lat' dir='ltr'>eum</span> <span class='ocrx_word' id='word_1_182' title='bbox 1587 1674 1662 1717; x_wconf 91' lang='lat' dir='ltr'>ha-</span> 
     </span>
     <span class='ocr_line' id='line_1_20' title="bbox 86 1750 1663 1811; baseline -0.001 -15"><span class='ocrx_word' id='word_1_183' title='bbox 86 1750 195 1796; x_wconf 82' lang='lat' dir='ltr'>betis</span> <span class='ocrx_word' id='word_1_184' title='bbox 225 1766 304 1810; x_wconf 89' lang='lat' dir='ltr'>pro</span> <span class='ocrx_word' id='word_1_185' title='bbox 334 1753 549 1811; x_wconf 80' lang='lat' dir='ltr'>ypocrita,</span> <span class='ocrx_word' id='word_1_186' title='bbox 591 1753 818 1808; x_wconf 78' lang='lat' dir='ltr'>miramur,</span> <span class='ocrx_word' id='word_1_187' title='bbox 859 1752 970 1809; x_wconf 90' lang='lat' dir='ltr'>quod</span> <span class='ocrx_word' id='word_1_188' title='bbox 1002 1766 1086 1796; x_wconf 90' lang='lat' dir='ltr'>non</span> <span class='ocrx_word' id='word_1_189' title='bbox 1119 1753 1378 1796; x_wconf 85' lang='lat' dir='ltr'>adtendatis:</span> <span class='ocrx_word' id='word_1_190' title='bbox 1423 1766 1504 1808; x_wconf 87' lang='lat' dir='ltr'>qua</span> <span class='ocrx_word' id='word_1_191' title='bbox 1536 1765 1663 1795; x_wconf 85' lang='lat' dir='ltr'>causa</span> 
     </span>
     <span class='ocr_line' id='line_1_21' title="bbox 86 1827 1662 1888; baseline -0.001 -14"><span class='ocrx_word' id='word_1_192' title='bbox 86 1829 203 1874; x_wconf 79' lang='lat' dir='ltr'>Deus</span> <span class='ocrx_word' id='word_1_193' title='bbox 232 1831 411 1887; x_wconf 82' lang='lat' dir='ltr'>regnare</span> <span class='ocrx_word' id='word_1_194' title='bbox 439 1829 570 1874; x_wconf 84' lang='lat' dir='ltr'>faciat</span> <span class='ocrx_word' id='word_1_195' title='bbox 600 1827 872 1888; x_wconf 74' lang='lat' dir='ltr'>ypocritam³.</span> <span class='ocrx_word' id='word_1_196' title='bbox 923 1830 967 1874; x_wconf 89' lang='lat' dir='ltr'>Si</span> <span class='ocrx_word' id='word_1_197' title='bbox 991 1830 1103 1874; x_wconf 89' lang='lat' dir='ltr'>enim</span> <span class='ocrx_word' id='word_1_198' title='bbox 1126 1830 1303 1874; x_wconf 85' lang='lat' dir='ltr'>cessarit</span> <span class='ocrx_word' id='word_1_199' title='bbox 1333 1844 1461 1874; x_wconf 87' lang='lat' dir='ltr'>causa</span> <span class='ocrx_word' id='word_1_200' title='bbox 1485 1831 1662 1887; x_wconf 87' lang='lat' dir='ltr'>peccati,</span> 
     </span>
     <span class='ocr_line' id='line_1_22' title="bbox 86 1907 686 1966; baseline -0.002 -14"><span class='ocrx_word' id='word_1_201' title='bbox 86 1907 270 1952; x_wconf 79' lang='lat' dir='ltr'>cessabit</span> <span class='ocrx_word' id='word_1_202' title='bbox 299 1911 343 1952; x_wconf 84' lang='lat' dir='ltr'>et</span> <span class='ocrx_word' id='word_1_203' title='bbox 371 1922 482 1966; x_wconf 88' lang='lat' dir='ltr'>pena</span> <span class='ocrx_word' id='word_1_204' title='bbox 513 1909 686 1966; x_wconf 90' lang='lat' dir='ltr'>peccati.</span> 
     </span>
    </p>

    <p class='ocr_par' dir='ltr' id='par_1_7' title="bbox 84 1985 1663 2743">
     <span class='ocr_line' id='line_1_23' title="bbox 205 1985 1663 2044; baseline -0.001 -14"><span class='ocrx_word' id='word_1_205' title='bbox 205 1985 315 2038; x_wconf 83' lang='lat' dir='ltr'>Quid</span> <span class='ocrx_word' id='word_1_206' title='bbox 345 1986 397 2030; x_wconf 87' lang='lat' dir='ltr'>de</span> <span class='ocrx_word' id='word_1_207' title='bbox 428 1999 477 2030; x_wconf 87' lang='lat' dir='ltr'>eo</span> <span class='ocrx_word' id='word_1_208' title='bbox 509 1986 708 2040; x_wconf 90' lang='lat' dir='ltr'>dicimus,</span> <span class='ocrx_word' id='word_1_209' title='bbox 750 1986 862 2042; x_wconf 91' lang='lat' dir='ltr'>quod</span> <span class='ocrx_word' id='word_1_210' title='bbox 893 1985 1181 2039; x_wconf 85' lang='lat' dir='ltr'>H(einricum)</span> <span class='ocrx_word' id='word_1_211' title='bbox 1219 1987 1278 2029; x_wconf 86' lang='lat' dir='ltr'>ab</span> <span class='ocrx_word' id='word_1_212' title='bbox 1311 1987 1575 2044; x_wconf 74' lang='lat' dir='ltr'>apostolis</span> <span class='ocrx_word' id='word_1_213' title='bbox 1617 1996 1663 2029; x_wconf 79' lang='lat' dir='ltr'>et</span> 
     </span>
     <span class='ocr_line' id='line_1_24' title="bbox 86 2064 1660 2122; baseline -0.001 -14"><span class='ocrx_word' id='word_1_214' title='bbox 86 2065 405 2122; x_wconf 73' lang='lat' dir='ltr'>apostolicis</span> <span class='ocrx_word' id='word_1_215' title='bbox 452 2066 585 2107; x_wconf 72' lang='lat' dir='ltr'>viris</span> <span class='ocrx_word' id='word_1_216' title='bbox 638 2066 1144 2108; x_wconf 65' lang='lat' dir='ltr'>excommunicatum</span> <span class='ocrx_word' id='word_1_217' title='bbox 1190 2066 1368 2107; x_wconf 78' lang='lat' dir='ltr'>sancti</span> <span class='ocrx_word' id='word_1_218' title='bbox 1414 2064 1660 2122; x_wconf 75' lang='lat' dir='ltr'>Spiritus</span> 
     </span>
     <span class='ocr_line' id='line_1_25' title="bbox 85 2141 1661 2198; baseline -0.001 -12"><span class='ocrx_word' id='word_1_219' title='bbox 85 2143 290 2186; x_wconf 68' lang='lat' dir='ltr'>iudicio</span> <span class='ocrx_word' id='word_1_220' title='bbox 321 2141 452 2185; x_wconf 77' lang='lat' dir='ltr'>dicit?</span> <span class='ocrx_word' id='word_1_221' title='bbox 573 2141 710 2185; x_wconf 87' lang='lat' dir='ltr'>Nimis</span> <span class='ocrx_word' id='word_1_222' title='bbox 742 2141 861 2185; x_wconf 91' lang='lat' dir='ltr'>illum</span> <span class='ocrx_word' id='word_1_223' title='bbox 894 2142 1140 2198; x_wconf 86' lang='lat' dir='ltr'>detestatur,</span> <span class='ocrx_word' id='word_1_224' title='bbox 1175 2155 1299 2198; x_wconf 89' lang='lat' dir='ltr'>quem</span> <span class='ocrx_word' id='word_1_225' title='bbox 1331 2155 1409 2185; x_wconf 86' lang='lat' dir='ltr'>nec</span> <span class='ocrx_word' id='word_1_226' title='bbox 1440 2141 1552 2196; x_wconf 87' lang='lat' dir='ltr'>regis</span> <span class='ocrx_word' id='word_1_227' title='bbox 1583 2155 1661 2185; x_wconf 91' lang='lat' dir='ltr'>nec</span> 
     </span>
     <span class='ocr_line' id='line_1_26' title="bbox 84 2218 1659 2278; baseline -0.001 -15"><span class='ocrx_word' id='word_1_228' title='bbox 84 2218 355 2278; x_wconf 81' lang='lat' dir='ltr'>imperatoris</span> <span class='ocrx_word' id='word_1_229' title='bbox 393 2219 564 2263; x_wconf 84' lang='lat' dir='ltr'>nomine</span> <span class='ocrx_word' id='word_1_230' title='bbox 604 2220 814 2275; x_wconf 82' lang='lat' dir='ltr'>dignatur.</span> <span class='ocrx_word' id='word_1_231' title='bbox 871 2219 972 2271; x_wconf 88' lang='lat' dir='ltr'>Quis</span> <span class='ocrx_word' id='word_1_232' title='bbox 1013 2220 1171 2276; x_wconf 85' lang='lat' dir='ltr'>poterit</span> <span class='ocrx_word' id='word_1_233' title='bbox 1209 2220 1448 2263; x_wconf 85' lang='lat' dir='ltr'>discernere</span> <span class='ocrx_word' id='word_1_234' title='bbox 1488 2232 1659 2262; x_wconf 86' lang='lat' dir='ltr'>causam</span> 
     </span>
     <span class='ocr_line' id='line_1_27' title="bbox 85 2297 1659 2354; baseline -0.001 -14"><span class='ocrx_word' id='word_1_235' title='bbox 85 2297 205 2353; x_wconf 79' lang='lat' dir='ltr'>regni</span> <span class='ocrx_word' id='word_1_236' title='bbox 237 2311 262 2340; x_wconf 86' lang='lat' dir='ltr'>a</span> <span class='ocrx_word' id='word_1_237' title='bbox 292 2311 420 2342; x_wconf 86' lang='lat' dir='ltr'>causa</span> <span class='ocrx_word' id='word_1_238' title='bbox 451 2297 701 2342; x_wconf 84' lang='lat' dir='ltr'>sacerdotii?</span> <span class='ocrx_word' id='word_1_239' title='bbox 746 2297 836 2341; x_wconf 89' lang='lat' dir='ltr'>Nisi</span> <span class='ocrx_word' id='word_1_240' title='bbox 869 2311 955 2354; x_wconf 86' lang='lat' dir='ltr'>pax</span> <span class='ocrx_word' id='word_1_241' title='bbox 988 2297 1080 2353; x_wconf 85' lang='lat' dir='ltr'>Dei,</span> <span class='ocrx_word' id='word_1_242' title='bbox 1114 2311 1221 2353; x_wconf 87' lang='lat' dir='ltr'>quae</span> <span class='ocrx_word' id='word_1_243' title='bbox 1254 2300 1460 2354; x_wconf 84' lang='lat' dir='ltr'>exuperat</span> <span class='ocrx_word' id='word_1_244' title='bbox 1491 2310 1659 2340; x_wconf 87' lang='lat' dir='ltr'>omnem</span> 
     </span>
     <span class='ocr_line' id='line_1_28' title="bbox 85 2372 1659 2432; baseline -0.001 -13"><span class='ocrx_word' id='word_1_245' title='bbox 85 2372 292 2431; x_wconf 77' lang='lat' dir='ltr'>sensum⁴,</span> <span class='ocrx_word' id='word_1_246' title='bbox 336 2375 504 2432; x_wconf 91' lang='lat' dir='ltr'>copulet</span> <span class='ocrx_word' id='word_1_247' title='bbox 543 2389 719 2431; x_wconf 86' lang='lat' dir='ltr'>regnum</span> <span class='ocrx_word' id='word_1_248' title='bbox 759 2379 801 2418; x_wconf 87' lang='lat' dir='ltr'>et</span> <span class='ocrx_word' id='word_1_249' title='bbox 841 2375 1122 2419; x_wconf 85' lang='lat' dir='ltr'>sacerdotium</span> <span class='ocrx_word' id='word_1_250' title='bbox 1163 2389 1246 2418; x_wconf 89' lang='lat' dir='ltr'>uno</span> <span class='ocrx_word' id='word_1_251' title='bbox 1287 2374 1479 2430; x_wconf 87' lang='lat' dir='ltr'>angulari</span> <span class='ocrx_word' id='word_1_252' title='bbox 1517 2374 1659 2431; x_wconf 88' lang='lat' dir='ltr'>lapide</span> 
     </span>
     <span class='ocr_line' id='line_1_29' title="bbox 85 2451 1658 2509; baseline 0 -13"><span class='ocrx_word' id='word_1_253' title='bbox 85 2453 352 2508; x_wconf 84' lang='lat' dir='ltr'>concordiae,</span> <span class='ocrx_word' id='word_1_254' title='bbox 390 2453 616 2497; x_wconf 84' lang='lat' dir='ltr'>vacillabat</span> <span class='ocrx_word' id='word_1_255' title='bbox 648 2457 859 2497; x_wconf 82' lang='lat' dir='ltr'>structura</span> <span class='ocrx_word' id='word_1_256' title='bbox 891 2453 1091 2497; x_wconf 84' lang='lat' dir='ltr'>ecclcsiae</span> <span class='ocrx_word' id='word_1_257' title='bbox 1123 2466 1251 2509; x_wconf 84' lang='lat' dir='ltr'>super</span> <span class='ocrx_word' id='word_1_258' title='bbox 1280 2451 1378 2496; x_wconf 89' lang='lat' dir='ltr'>fidei</span> <span class='ocrx_word' id='word_1_259' title='bbox 1410 2453 1658 2497; x_wconf 87' lang='lat' dir='ltr'>fundamen-</span> 
     </span>
     <span class='ocr_line' id='line_1_30' title="bbox 85 2530 1658 2588; baseline 0 -14"><span class='ocrx_word' id='word_1_260' title='bbox 85 2533 189 2574; x_wconf 86' lang='lat' dir='ltr'>tum.</span> <span class='ocrx_word' id='word_1_261' title='bbox 237 2530 295 2574; x_wconf 91' lang='lat' dir='ltr'>Ut</span> <span class='ocrx_word' id='word_1_262' title='bbox 325 2534 577 2588; x_wconf 81' lang='lat' dir='ltr'>potestatem</span> <span class='ocrx_word' id='word_1_263' title='bbox 611 2532 729 2588; x_wconf 86' lang='lat' dir='ltr'>regni</span> <span class='ocrx_word' id='word_1_264' title='bbox 763 2531 915 2588; x_wconf 85' lang='lat' dir='ltr'>probat</span> <span class='ocrx_word' id='word_1_265' title='bbox 934 2531 999 2573; x_wconf 88' lang='lat' dir='ltr'>vel</span> <span class='ocrx_word' id='word_1_266' title='bbox 1033 2530 1246 2587; x_wconf 87' lang='lat' dir='ltr'>improbat</span> <span class='ocrx_word' id='word_1_267' title='bbox 1267 2543 1395 2573; x_wconf 84' lang='lat' dir='ltr'>causa</span> <span class='ocrx_word' id='word_1_268' title='bbox 1426 2531 1658 2587; x_wconf 87' lang='lat' dir='ltr'>modusque</span> 
     </span>
     <span class='ocr_line' id='line_1_31' title="bbox 85 2607 1659 2665; baseline 0 -13"><span class='ocrx_word' id='word_1_269' title='bbox 85 2608 296 2664; x_wconf 80' lang='lat' dir='ltr'>regendi·,</span> <span class='ocrx_word' id='word_1_270' title='bbox 336 2608 398 2652; x_wconf 85' lang='lat' dir='ltr'>sic</span> <span class='ocrx_word' id='word_1_271' title='bbox 437 2612 686 2665; x_wconf 88' lang='lat' dir='ltr'>potestatem</span> <span class='ocrx_word' id='word_1_272' title='bbox 727 2607 1145 2665; x_wconf 83' lang='lat' dir='ltr'>sacerdotii.probat</span> <span class='ocrx_word' id='word_1_273' title='bbox 1177 2607 1241 2651; x_wconf 90' lang='lat' dir='ltr'>vel</span> <span class='ocrx_word' id='word_1_274' title='bbox 1280 2608 1494 2665; x_wconf 87' lang='lat' dir='ltr'>improbat</span> <span class='ocrx_word' id='word_1_275' title='bbox 1531 2622 1659 2652; x_wconf 85' lang='lat' dir='ltr'>causa</span> 
     </span>
     <span class='ocr_line' id='line_1_32' title="bbox 84 2685 1658 2743; baseline 0 -13"><span class='ocrx_word' id='word_1_276' title='bbox 84 2685 318 2743; x_wconf 87' lang='lat' dir='ltr'>modusque</span> <span class='ocrx_word' id='word_1_277' title='bbox 347 2686 509 2742; x_wconf 85' lang='lat' dir='ltr'>ligandi</span> <span class='ocrx_word' id='word_1_278' title='bbox 541 2690 584 2730; x_wconf 92' lang='lat' dir='ltr'>et</span> <span class='ocrx_word' id='word_1_279' title='bbox 614 2686 816 2730; x_wconf 84' lang='lat' dir='ltr'>solvendi.</span> <span class='ocrx_word' id='word_1_280' title='bbox 940 2686 1046 2729; x_wconf 85' lang='lat' dir='ltr'>Nam</span> <span class='ocrx_word' id='word_1_281' title='bbox 1081 2685 1275 2729; x_wconf 85' lang='lat' dir='ltr'>Clemens</span> <span class='ocrx_word' id='word_1_282' title='bbox 1307 2686 1467 2742; x_wconf 86' lang='lat' dir='ltr'>scribit,</span> <span class='ocrx_word' id='word_1_283' title='bbox 1500 2687 1658 2730; x_wconf 85' lang='lat' dir='ltr'>dixisse</span> 
     </span>
    </p>
   </div>
   <div class='ocr_carea' id='block_1_5' title="bbox 179 2817 734 2857">
    <p class='ocr_par' dir='ltr' id='par_1_8' title="bbox 179 2817 734 2857">
     <span class='ocr_line' id='line_1_33' title="bbox 179 2817 734 2857; baseline 0 -9"><span class='ocrx_word' id='word_1_284' title='bbox 179 2827 206 2848; x_wconf 75' lang='lat' dir='ltr'>a.</span> <span class='ocrx_word' id='word_1_285' title='bbox 238 2817 363 2856; x_wconf 82' lang='lat' dir='ltr'>regendi</span> <span class='ocrx_word' id='word_1_286' title='bbox 384 2833 414 2838; x_wconf 71' lang='grc'>-</span> <span class='ocrx_word' id='word_1_287' title='bbox 433 2818 601 2857; x_wconf 80' lang='lat' dir='ltr'>modusque</span> <span class='ocrx_word' id='word_1_288' title='bbox 623 2828 679 2848; x_wconf 87' lang='lat' dir='ltr'>om.</span> <span class='ocrx_word' id='word_1_289' title='bbox 695 2819 734 2848; x_wconf 90' lang='lat' dir='ltr'>B.</span> 
     </span>
    </p>
   </div>
   <div class='ocr_carea' id='block_1_6' title="bbox 84 2886 1656 2993">
    <p class='ocr_par' dir='ltr' id='par_1_9' title="bbox 84 2886 1656 2993">
     <span class='ocr_line' id='line_1_34' title="bbox 182 2886 1656 2933; baseline 0.001 -11"><span class='ocrx_word' id='word_1_290' title='bbox 182 2888 214 2923; x_wconf 93' lang='lat'>1.</span> <span class='ocrx_word' id='word_1_291' title='bbox 241 2886 278 2923; x_wconf 81' lang='lat' dir='ltr'>S.</span> <span class='ocrx_word' id='word_1_292' title='bbox 297 2886 463 2933; x_wconf 86' lang='lat' dir='ltr'>Gregorii</span> <span class='ocrx_word' id='word_1_293' title='bbox 488 2888 678 2923; x_wconf 84' lang='lat' dir='ltr'>Moralium</span> <span class='ocrx_word' id='word_1_294' title='bbox 704 2888 745 2923; x_wconf 91' lang='lat' dir='ltr'>L.</span> <span class='ocrx_word' id='word_1_295' title='bbox 763 2888 809 2923; x_wconf 81' lang='lat'>25</span> <span class='ocrx_word' id='word_1_296' title='bbox 834 2888 871 2923; x_wconf 91' lang='lat' dir='ltr'>in</span> <span class='ocrx_word' id='word_1_297' title='bbox 897 2898 976 2933; x_wconf 87' lang='lat' dir='ltr'>cap.</span> <span class='ocrx_word' id='word_1_298' title='bbox 996 2887 1042 2923; x_wconf 87' lang='lat'>34</span> <span class='ocrx_word' id='word_1_299' title='bbox 1067 2886 1166 2923; x_wconf 82' lang='lat' dir='ltr'>beati</span> <span class='ocrx_word' id='word_1_300' title='bbox 1192 2886 1268 2933; x_wconf 89' lang='lat' dir='ltr'>Iob,</span> <span class='ocrx_word' id='word_1_301' title='bbox 1295 2898 1379 2933; x_wconf 84' lang='lat' dir='ltr'>opp.</span> <span class='ocrx_word' id='word_1_302' title='bbox 1402 2887 1460 2924; x_wconf 91' lang='lat' dir='ltr'>ed.</span> <span class='ocrx_word' id='word_1_303' title='bbox 1479 2888 1656 2923; x_wconf 86' lang='lat' dir='ltr'>Benedic—</span> 
     </span>
     <span class='ocr_line' id='line_1_35' title="bbox 84 2944 1656 2993; baseline 0.001 -12"><span class='ocrx_word' id='word_1_304' title='bbox 84 2944 152 2981; x_wconf 81' lang='lat' dir='ltr'>tini</span> <span class='ocrx_word' id='word_1_305' title='bbox 175 2946 220 2981; x_wconf 94' lang='lat' dir='ltr'>T.</span> <span class='ocrx_word' id='word_1_306' title='bbox 237 2946 254 2981; x_wconf 92' lang='lat' dir='ltr'>I</span> <span class='ocrx_word' id='word_1_307' title='bbox 278 2947 360 2983; x_wconf 84' lang='lat'><strong>807.</strong></span> <span class='ocrx_word' id='word_1_308' title='bbox 457 2948 491 2983; x_wconf 82' lang='lat'>2.</span> <span class='ocrx_word' id='word_1_309' title='bbox 518 2946 633 2983; x_wconf 84' lang='lat' dir='ltr'>Amos</span> <span class='ocrx_word' id='word_1_310' title='bbox 654 2947 686 2993; x_wconf 89' lang='lat'>5,</span> <span class='ocrx_word' id='word_1_311' title='bbox 708 2947 763 2983; x_wconf 84' lang='lat'>18.</span> <span class='ocrx_word' id='word_1_312' title='bbox 861 2947 894 2982; x_wconf 88' lang='grc'>3.</span> <span class='ocrx_word' id='word_1_313' title='bbox 921 2946 997 2982; x_wconf 91' lang='lat' dir='ltr'>Iob.</span> <span class='ocrx_word' id='word_1_314' title='bbox 1016 2947 1074 2992; x_wconf 85' lang='lat'>34,</span> <span class='ocrx_word' id='word_1_315' title='bbox 1093 2947 1156 2982; x_wconf 88' lang='lat'>30:</span> <span class='ocrx_word' id='word_1_316' title='bbox 1185 2946 1275 2993; x_wconf 84' lang='lat' dir='ltr'>„Qui</span> <span class='ocrx_word' id='word_1_317' title='bbox 1301 2957 1455 2993; x_wconf 85' lang='lat' dir='ltr'>regnare</span> <span class='ocrx_word' id='word_1_318' title='bbox 1481 2946 1570 2983; x_wconf 86' lang='lat' dir='ltr'>facit</span> <span class='ocrx_word' id='word_1_319' title='bbox 1594 2947 1656 2983; x_wconf 89' lang='lat' dir='ltr'>ho—</span> 
     </span>
    </p>
   </div>
   <div class='ocr_carea' id='block_1_7' title="bbox 85 3004 1441 3053">
    <p class='ocr_par' dir='ltr' id='par_1_10' title="bbox 85 3004 1441 3053">
     <span class='ocr_line' id='line_1_36' title="bbox 85 3004 1441 3053; baseline 0.001 -13"><span class='ocrx_word' id='word_1_320' title='bbox 85 3004 219 3041; x_wconf 85' lang='lat' dir='ltr'>minem</span> <span class='ocrx_word' id='word_1_321' title='bbox 245 3004 472 3052; x_wconf 81' lang='lat' dir='ltr'>hypocritam</span> <span class='ocrx_word' id='word_1_322' title='bbox 498 3010 647 3053; x_wconf 88' lang='lat' dir='ltr'>propter</span> <span class='ocrx_word' id='word_1_323' title='bbox 671 3009 824 3052; x_wconf 79' lang='lat' dir='ltr'>peccata</span> <span class='ocrx_word' id='word_1_324' title='bbox 848 3005 1009 3052; x_wconf 84' lang='lat' dir='ltr'>populi“.</span> <span class='ocrx_word' id='word_1_325' title='bbox 1122 3006 1155 3041; x_wconf 87' lang='grc'>4.</span> <span class='ocrx_word' id='word_1_326' title='bbox 1183 3006 1336 3053; x_wconf 88' lang='lat' dir='ltr'>Philipp.</span> <span class='ocrx_word' id='word_1_327' title='bbox 1354 3007 1388 3053; x_wconf 92' lang='lat'>4,</span> <span class='ocrx_word' id='word_1_328' title='bbox 1408 3008 1441 3043; x_wconf 84' lang='lat'>7.</span> 
     </span>
    </p>
   </div>
  </div>
 </body>
</html>
