2028 3438
593 229 758 262 noxus
788 230 895 260 vrm
926 227 1125 261 o‘r‘roms
1554 216 1642 259 583

73 338 227 396 Eqs‘dii
243 339 417 382 aomo
429 337 596 394 fuerat,
629 337 811 393 eleqanti
831 337 934 380 satis
956 335 1051 379 stilo
1073 334 1336 391 deempsiffi.
1381 334 1483 378 Non
1505 343 1644 391 potest

73 417 207 474 ἱρᾶν·
234 415 438 469 dubitari,
475 417 594 472 quin,
627 429 756 471 quam
785 413 1057 456 Ebonianam
1090 412 1254 456 Ottonis
1284 413 1414 455 vitam
1444 411 1643 455 Andreas

74 492 303 547 οωισὶιῑιιίτ,ἰ
325 495 379 536 'oa
397 493 567 536 nomine
589 493 726 548 ipsius
746 491 966 547 scriptoris
985 491 1191 546 insiqnita
1208 489 1363 545 fuerit,
1393 491 1644 545 praesertim

74 572 339 614 cnam-‚aiam
381 571 429 613 in
469 562 614 612 ⁴coelice
650 568 808 612 Latino
846 567 1097 611 Monacensi
1139 566 1290 610 23582
1329 566 1643 609 membranaceo

74 647 279 692 Bam-*XI
281 646 322 691 V
342 646 441 703 sol.¹
461 647 491 690 5
498 660 524 689 υ
540 671 596 678 -
613 646 678 689 6υ
722 646 943 702 descriptis
987 643 1203 686 nonnullis
1250 645 1389 700 opem’s
1426 643 1647 687 Ehoniani

69 724 298 783 particulis
317 724 395 767 Ιιοσ
416 724 565 766 lemma
585 723 822 766 antecedat:
854 721 1014 774 „Nota‚
1048 721 1219 778 quando
1248 727 1286 763 et
1304 736 1331 763 a
1354 720 1504 777 quibus
1524 734 1645 763 mons

74 801 374 846 monachorum
409 808 448 844 et
484 800 594 844 alias
625 801 762 843 dictus
796 813 916 841 mons
946 800 1084 842 sancti
1111 797 1374 854 Myckaltelis
1411 797 1648 840 inhabitari

68 880 216 937 primo
243 880 376 936 cepit,
416 879 654 934 commpta
684 877 737 920 ab
767 877 915 919 Ebone
942 877 1176 932 prespitero
1209 883 1248 918 et
1275 874 1479 918 monacho
1509 875 1648 918 sancti

74 956 298 1001 fflohaelis
327 955 526 1000 ibidm“.

122 1081 126 1083 ,
150 1059 155 1069 -
195 1033 347 1091 Itaque
376 1033 429 1076 dc
454 1031 604 1076 Ottone
631 1039 800 1089 praeter
828 1032 966 1088 ipsius
995 1029 1159 1074 Ebonis
1189 1029 1344 1072 librum
1373 1031 1502 1073 etiam
1531 1029 1643 1072 Her—

77 1110 207 1155 bord&
231 1094 448 1168 dialoyum
478 1109 564 1153 sibi
585 1124 696 1167 prae
720 1108 914 1151 manibus
933 1107 1091 1163 fuisse,
1123 1108 1170 1150 in
1194 1107 1516 1164 praefationum
1544 1107 1645 1150 illa-

75 1192 174 1233 rum
201 1196 381 1245 utraque
409 1188 663 1230 asseveravit
680 1186 893 1229 Andreas.
940 1184 1082 1241 Atque
1113 1187 1305 1241 quamvis
1337 1185 1645 1241 quodammodo

76 1265 261 1323 intelliqi
276 1265 467 1318 voluerit,
484 1278 571 1307 sese
584 1265 840 1321 scriptorum
855 1263 1079 1306 eorundem
1096 1263 1284 1305 orationi
1296 1263 1424 1318 quasi
1437 1276 1524 1305 non
1538 1276 1646 1304 sem-

75 1343 350 1400 pan->idoneae
377 1342 445 1385 hic
463 1342 556 1386 illic
574 1342 830 1384 succurrisse
843 1337 866 1394 ¹,
900 1349 1037 1383 tamen
1063 1339 1174 1382 nihil
1203 1340 1390 1396 apertius
1412 1347 1485 1392 est,
1519 1352 1648 1395 quam

79 1426 256 1464 onmem
252 1419 462 1464 Andreae
490 1427 623 1463 artem
652 1421 699 1461 in
730 1433 776 1462 eo
806 1419 983 1470 versari,
1015 1417 1130 1473 quod
1159 1416 1329 1473 sinqula
1348 1416 1512 1460 Ebonis
1533 1415 1648 1460 Her-

79 1497 284 1555 bordique
313 1499 457 1555 capita
484 1497 776 1553 permiscuerit
806 1497 865 1538 ad
882 1494 1053 1538 verbum
1074 1495 1296 1550 eaescripta.
1345 1493 1402 1536 Id
1430 1495 1543 1536 enim
1564 1493 1648 1549 fa-

79 1575 284 1620 &nimum
313 1575 612 1619 animadversa
641 1580 701 1616 est
730 1588 781 1616 ex
810 1574 946 1629 ipsius
970 1571 1185 1614 Herbordi
1213 1570 1400 1627 dialoqo,
1433 1572 1510 1627 qui
1538 1579 1647 1614 totus

78 1654 239 1710 integer
254 1666 393 1710 nuper
410 1654 458 1695 in
490 1652 620 1694 lucem
647 1658 889 1708 protractus
920 1645 1016 1702 est',
1050 1656 1175 1704 atque
1205 1649 1330 1690 etiam
1356 1648 1649 1704 particulatim

81 1744 133 1775 esc
160 1745 224 1783 ea,
256 1730 310 1774 de
339 1744 427 1787 qua
454 1729 634 1785 inferius
665 1742 806 1785 aqam,
840 1734 1082 1770 coartata
1110 1726 1198 1768 vita
1229 1725 1469 1768 Eboniana.

139 1816 141 1818 ’
198 1806 436 1851 Ancbreana
474 1814 611 1849 autem
645 1805 808 1848 Ottonis
838 1806 927 1847 vita
957 1802 1011 1858 C,
1053 1812 1092 1846 et
1129 1818 1178 1846 ea
1216 1803 1386 1859 quidem
1422 1804 1469 1845 in
1508 1803 1650 1846 eodem

82 1886 223 1930 codice
252 1883 328 1939 (C)
359 1884 580 1941 diliyenter
601 1891 875 1939 accurateque
906 1889 1093 1934 exarata,
1127 1882 1185 1923 ad
1212 1880 1514 1923 restituendum
1531 1879 1649 1924 Ebo-

80 1964 276 2020 nisopus
295 1963 526 2005 maximam
546 1962 767 2004 materiam
791 1959 926 2016 affert,
955 1967 1182 2015 propterea
1211 1958 1327 2014 quod
1356 1965 1394 2000 et
1422 1958 1651 2000 secundum

82 2041 328 2096 tertiumque
357 2039 541 2082 eiusdem
569 2038 831 2081 narrationis
862 2036 992 2079 libros
1012 2022 1210 2092 inteyrcs‚
1240 2048 1388 2092 puros,
1421 2034 1649 2078 admixtio-

81 2117 206 2162 nibus
228 2115 539 2160 Herbordianis
568 2123 762 2158 vacantes
793 2113 1116 2170 comprehendit,
1147 2111 1290 2168 ibique
1313 2112 1459 2168 primo
1490 2119 1651 2154 tantum

84 2195 193 2250 libro
222 2195 334 2238 inter
363 2195 507 2251 capita
535 2193 595 2237 16
625 2201 665 2235 et
691 2192 750 2236 17
781 2199 819 2234 et
856 2193 965 2234 inter
995 2191 1139 2247 capita
1169 2189 1228 2233 17
1260 2196 1299 2232 et
1326 2188 1386 2232 18
1422 2188 1651 2231 nonnullae

84 2271 250 2329 dialoqi
279 2279 424 2329 partes
457 2270 691 2321 inculcatae
721 2276 829 2311 sunt.
949 2266 1002 2310 In
1030 2268 1161 2310 vitam
1189 2264 1225 2308 B
1254 2280 1352 2309 vero
1389 2265 1442 2308 ab
1473 2264 1651 2308 Andreas

84 2349 336 2407 consectam,
373 2362 508 2405 neque
536 2356 674 2391 tamen
702 2348 750 2389 in
780 2346 921 2389 eoclem
951 2345 1092 2387 codice
1122 2342 1207 2397 (B)
1244 2344 1350 2400 pari
1385 2344 1652 2386 accuratione

84 2434 139 2471 ut
153 2427 282 2484 prior
301 2426 568 2482 descriptam,
602 2426 744 2467 omnia
768 2424 907 2480 primi
930 2422 1099 2478 quidem
1119 2420 1221 2463 libri
1239 2420 1458 2463 Eboniani
1478 2428 1652 2476 praeter

84 2503 393 2562 praffationem
422 2503 496 2546 sed
524 2501 731 2545 nonnulla
753 2508 915 2544 tantum
934 2499 1108 2542 secundi
1136 2506 1174 2541 et
1202 2499 1315 2541 tertii
1344 2497 1548 2540 librorum
1580 2512 1651 2539 ca-

85 2575 204 2639 pita⁸
235 2579 358 2624 illata
395 2588 503 2623 sunt.
561 2577 749 2622 Ceterum
785 2577 940 2620 ibidem
975 2590 1108 2619 unum
1146 2575 1341 2632 quodque
1366 2574 1468 2630 fere
1502 2574 1653 2617 horum

88 2660 276 2716 capitum
303 2659 384 2701 isto
414 2658 603 2700 nomine:
633 2655 670 2699 E
683 2655 778 2699 bbo
808 2656 1020 2711 siynatum
1050 2648 1143 2696 est⁴.

184 2738 217 2774 1.
242 2738 285 2774 In
307 2736 423 2784 praef.
440 2737 487 2774 G:
515 2737 616 2783 „Hoc
638 2738 764 2772 tamen
787 2734 951 2770 mihimet
980 2743 1027 2769 ex
1057 2732 1203 2779 proprio
1231 2730 1364 2769 sudore
1388 2731 1578 2777 coniunxi,
1610 2732 1653 2767 ut

88 2798 198 2834 latius
222 2797 357 2833 diffusa
380 2795 548 2832 modesta
570 2794 752 2832 brevitate
777 2794 911 2830 arctius
931 2791 1156 2838 coherceam,
1181 2791 1343 2828 strictius
1360 2790 1505 2836 digesta
1528 2789 1652 2827 mode-

88 2856 392 2902 rataprolixitate
409 2855 569 2901 dilatem,
595 2854 740 2890 minus
765 2851 1048 2899 regulariter
1070 2850 1251 2897 prolata
1272 2850 1328 2887 ad
1348 2849 1652 2886 rectitudinis

88 2915 261 2953 lineam
286 2914 558 2961 corrigam“.
630 2915 665 2951 2.
681 2913 728 2950 V.
745 2911 840 2949 infra
854 2909 968 2957 praef.
984 2908 1216 2947 inflerbordi
1231 2908 1430 2955 dialogum.
1502 2908 1537 2944 3.
1562 2907 1653 2944 L.II

91 2984 124 3010 c.
139 2974 196 3020 14,
215 2974 272 3021 15,
290 2975 347 3021 16,
367 2975 422 3021 17,
442 2974 506 3021 18;
530 2974 572 3009 L.
590 2973 643 3009 111
668 2982 698 3008 c.
716 2973 747 3018 1,
765 2972 798 3017 2,
816 2971 849 3016 3,
866 2971 901 3016 4,
918 2971 952 3015 5,
971 2970 1004 3015 6,
1018 2970 1051 3015 7,
1066 2969 1193 3015 10,11‚
1213 2968 1268 3014 19,
1286 2969 1344 3004 24.
1440 2967 1475 3003 4.
1499 2967 1557 3003 De
1581 2976 1655 3013 qua
