2028 3438
647 243 868 275 nmnmor
898 242 1068 274 cornix.
1115 239 1162 275 87
1607 228 1688 271 171

221 347 332 409 ⁴*Ego
362 351 412 398 G.
437 355 488 397 ‚ct
517 351 566 396 Ε.
598 364 867 409 summopere
902 363 977 395 vos
1011 349 1268 394 obsecrando
1308 361 1549 393 monemus:
1590 361 1693 404 qua·
1718 358 1919 394 1093-1096

121 430 262 489 tium,
277 430 453 475 domino
483 432 647 474 nostro?
659 430 858 487 episcopo
886 428 1228 484 Babenbergensi
1258 427 1407 471 intime
1436 426 1590 470 litteris
1621 440 1692 470 ve·-

122 508 236 554 stris³
250 509 413 565 gratias
430 508 621 564 agendo,
652 507 1001 563 benignissimum
1022 505 1141 550 vobis
1173 519 1270 550 eum
1303 504 1556 558 exhibeatis3
1590 517 1692 560 quo-

115 587 238 633 niam
259 599 482 643 :nunquam
513 586 665 630 maiori
696 585 835 629 studio
859 585 922 628 ‘ad
937 587 1128 629 vestram
1157 583 1411 639 legationem
1433 582 1692 626 devotiorem

122 677 168 710 se
189 661 407 709 exhibuit.

127 741 420 786 'w'Gomitem
449 741 729 796 H(einricum)
761 740 812 784 de
845 736 1053 784 Saxonia¹
1083 738 1272 782 nondum
1301 738 1526 783 convenire
1559 738 1692 795 potui.

122 819 242 876 Quia,
273 830 367 864 cum
401 820 589 864 exercitu
603 818 910 876 Westphaliam
930 818 1160 873 ingressus,
1192 817 1379 860 nondum
1401 819 1466 860 est
1486 829 1692 861 reversus.

121 897 413 943 Breui'autem
432 897 555 942 ambo
575 911 655 955 pro
675 900 819 941 vestra
840 909 935 940 eum
951 895 1136 939 utilitate
1151 894 1462 938 conveniemus.
1555 894 1694 946 Quan-

122 978 226 1020 tum
245 979 388 1020 autem
419 989 472 1020 ex
501 975 651 1020 nuntio
682 975 722 1018 ei
742 975 991 1018 transmisso
1014 973 1328 1030 perpendimus,
1359 972 1490 1016 nichil
1510 972 1628 1016 vobis
1650 972 1695 1015 in

125 1067 174 1098 eo
205 1053 354 1110 oberit,
386 1054 423 1097 si
453 1053 746 1098 tantummodo
779 1052 999 1110 praedium
1032 1065 1156 1095 suum
1188 1050 1434 1106 Gredingin,
1468 1053 1514 1094 ut
1537 1050 1575 1093 ei
1596 1063 1695 1107 pro·

123 1132 302 1176 missum
332 1135 410 1188 est,
442 1132 661 1189 receperit.
707 1130 754 1174 Si
785 1134 927 1174 autem
957 1131 1003 1172 in
1033 1130 1112 1173 hac
1144 1129 1434 1186 expectatione
1454 1129 1694 1183 frustretur,

124 1210 312 1269 profecto
348 1209 522 1254 omnino
564 1224 588 1253 a
627 1209 746 1253 vobis
786 1208 1105 1252 abalienabitur.
1168 1206 1304 1250 Huius
1336 1210 1500 1250 autem‘·
1531 1206 1696 1263 praedii

123 1288 461 1344 restitutionem.
485 1288 644 1331 nullius
674 1287 937 1331 invasionem
969 1287 1015 1329 in
1044 1285 1189 1329 vacuis
1221 1285 1306 1328 illis
1337 1285 1530 1342 partibus
1564 1284 1696 1328 Saxo-

123 1366 254 1422 niae.
284 1366 442 1410 nullius
483 1365 726 1409 violentiam
766 1365 811 1408 in
851 1368 943 1408 tota
977 1365 1053 1408 illa
1083 1364 1224 1421 patria
1255 1365 1422 1421 oportet
1453 1376 1548 1418 vos,
1588 1363 1697 1406 sicut

122 1445 219 1503 ipse
246 1444 475 1503 promittit,
505 1444 748 1488 formidare.
840 1442 1012 1487 Fratres
1045 1443 1174 1486 etiam
1206 1455 1317 1497 suos,
1350 1444 1576 1498 postquam
1598 1454 1697 1484 con-

125 1523 379 1580 venerimus,
409 1523 456 1566 in
486 1526 689 1579 quantum
723 1521 992 1577 arbitramur,
1025 1534 1157 1577 usque
1186 1520 1241 1564 ad.
1260 1523 1447 1564 vestrum
1468 1519 1697 1563 adventum

125 1601 170 1646 in
202 1604 344 1646 vestra
374 1599 576 1645 fidelitate
607 1600 898 1644 detinebimus.
948 1599 1033 1643 Vos
1066 1602 1221 1654 autem,
1254 1599 1364 1642 sicut
1394 1598 1454 1641 eis
1484 1597 1698 1655 promitti-

124 1683 235 1736 mus,
257 1679 464 1735 condigna
482 1678 737 1724 liberalitate
758 1678 874 1735 ipsos
895 1677 1140 1721 redimendo
1162 1676 1378 1721 benivolos
1393 1676 1513 1720 vobis
1531 1675 1695 1719 efficite.

175 1773 179 1782 ’
245 1757 312 1802 De
349 1757 557 1814 colloquio
587 1756 684 1800 vm
714 1756 806 1800 Kal.
836 1755 933 1799 Iulii
973 1769 998 1799 a
1036 1755 1299 1813 principibus
1335 1755 1495 1798 indicto
1527 1754 1698 1797 omnino

127 1849 202 1880 vos
233 1835 453 1880 sollicitari
483 1848 569 1878 non
600 1837 789 1892 oportet3
823 1834 1022 1890 quoniam
1054 1837 1202 1877 nostra
1232 1833 1427 1877 sollercia
1449 1832 1555 1876 illud
1576 1845 1698 1890 prae-

127 1914 333 1959 veniendo
368 1913 540 1971 penitus
573 1912 936 1956 adnichilabimus.
989 1912 1176 1969 Inceptio
1212 1912 1326 1955 enim
1358 1924 1567 1967 causaque
1599 1906 1699 1953 sua'

128 2004 233 2048 erga
260 2004 334 2036 vos
364 1991 512 2035 amicis
532 1991 716 2034 inimicis
738 1991 1017 2047 universoque
1039 1989 1235 2047 displicet
1254 2003 1398 2045 regno.
1447 1988 1531 2033 Sed
1553 2002 1699 2045 quam-

127 2070 195 2115 vis
223 2070 412 2114 universi
430 2069 529 2113 inde
550 2068 812 2124 mussitent¹’‚
843 2068 973 2112 nichil
994 2072 1150 2123 tamen,
1183 2067 1274 2111 Deo
1296 2070 1507 2111 annuente
1527 2066 1700 2110 vestris-

130 2162 211 2206 que
240 2147 436 2192 fidelibus
467 2147 771 2203 annitentibus,
804 2147 921 2191 vobis
954 2146 1113 2190 orietur
1142 2146 1422 2190 formidabile.

249 2226 445 2271 Ceterum
475 2226 697 2269 universus
730 2228 864 2268 status
896 2224 1067 2282 imperii
1091 2224 1222 2268 vestri
1243 2224 1394 2267 maiori
1415 2223 1458 2266 in
1481 2223 1570 2266 dies
1592 2222 1701 2265 inter

129 2319 206 2350 nos
237 2307 514 2363 prosperatur
543 2303 863 2360 tranquillitate.

248 2369 486 2441 Episcopus
516 2378 793 2426 Eistetensis³
814 2379 1068 2437 legationem
1089 2382 1288 2435 vestram,
1323 2392 1429 2436 quae
1451 2377 1609 2434 absque
1633 2377 1702 2420 lit-

131 2462 233 2506 teris
258 2461 410 2506 vestris
433 2460 471 2505 ei
492 2460 621 2516 venit,
652 2460 792 2504 minus
815 2459 1072 2503 autenticam
1094 2458 1255 2501 habuit.
1302 2457 1425 2501 Nunc
1446 2459 1586 2500 autem
1607 2469 1702 2500 cum

133 2539 271 2595 sigillo
301 2539 538 2583 litterarum
571 2540 808 2581 vestrarum
841 2550 988 2580 rursus
1020 2536 1207 2591 rogando
1241 2539 1282 2579 et
1313 2535 1389 2579 sub
1412 2538 1587 2592 optentu
1608 2548 1703 2590 gra-

131 2617 218 2662 tiae
238 2619 403 2662 vestrae
423 2615 722 2674 praecipiendo
744 2613 917 2659 efficite:
947 2614 1144 2670 quatinus
1167 2613 1311 2657 comiti
1325 2612 1558 2667 H(einrico)
1581 2625 1702 2670 prae-

226 2764 254 2786 a.
285 2755 358 2794 post
378 2752 530 2785 caecidisse
551 2751 684 2783 videtur.
900 2751 930 2782 b.
962 2751 1109 2782 musitent
1130 2751 1200 2782 inde
1220 2751 1250 2782 V.

230 2837 263 2872 1.
289 2835 499 2872 Heinricum
517 2834 691 2871 Crassum
717 2834 899 2880 comitem,
925 2832 1038 2869 filium
1057 2832 1202 2869 Ottonis
1227 2832 1274 2869 de
1290 2831 1478 2869 Northeim
1505 2831 1609 2868 ducis
1633 2832 1703 2868 Ba-

134 2895 279 2942 variae‚
313 2896 394 2942 qui,
429 2894 611 2931 Gertrude
636 2904 759 2931 sorore
784 2893 939 2930 Ekberti
970 2892 1189 2929 marchionis
1219 2893 1257 2929 in
1288 2892 1558 2929 matrimonium
1583 2891 1704 2937 ducta,

135 2955 345 3001 Gredingen
363 2954 554 3001 praedium
581 2955 629 2997 (v.
644 2953 739 2990 infra
754 2965 790 2999 p.
804 2954 870 2989 172
887 2947 922 2989 n.
934 2954 968 2997 1)
986 2951 1209 2989 vindicabat.
1248 2951 1302 2988 Cf.
1318 2951 1556 2988 Giesebrecht
1572 2950 1704 2987 Gesch.

138 3014 203 3050 der
229 3014 430 3050 deutschen
456 3014 661 3050 Kaiserzeit
684 3014 736 3048 111
764 3014 867 3049 1135.
966 3014 998 3048 2.
1032 3012 1213 3059 colloquii.
1310 3013 1344 3048 3.
1371 3011 1563 3048 Udalricus
1582 3011 1610 3047 I.
