<?xml version="1.0" encoding="UTF-8"?>
<!DOCTYPE html PUBLIC "-//W3C//DTD XHTML 1.0 Transitional//EN"
    "http://www.w3.org/TR/xhtml1/DTD/xhtml1-transitional.dtd">
<html xmlns="http://www.w3.org/1999/xhtml" xml:lang="en" lang="en">
 <head>
  <title>
</title>
<meta http-equiv="Content-Type" content="text/html;charset=utf-8" />
  <meta name='ocr-system' content='tesseract 3.04.00' />
  <meta name='ocr-capabilities' content='ocr_page ocr_carea ocr_par ocr_line ocrx_word'/>
</head>
<body>
  <div class='ocr_page' id='page_1' title='image "bibliothecarerum05wattuoft_0163.png"; bbox 0 0 2028 3438; ppageno 0'>
   <div class='ocr_carea' id='block_1_1' title="bbox 656 178 1697 224">
    <p class='ocr_par' dir='ltr' id='par_1_1' title="bbox 656 178 1697 224">
     <span class='ocr_line' id='line_1_1' title="bbox 656 178 1697 224; baseline -0.001 -1"><span class='ocrx_word' id='word_1_1' title='bbox 656 190 879 224; x_wconf 72' lang='lat' dir='ltr'><em>nmmum</em></span> <span class='ocrx_word' id='word_1_2' title='bbox 909 190 1079 223; x_wconf 77' lang='lat' dir='ltr'><em>connx.</em></span> <span class='ocrx_word' id='word_1_3' title='bbox 1129 187 1175 224; x_wconf 80' lang='grc'><em>73</em></span> <span class='ocrx_word' id='word_1_4' title='bbox 1614 178 1697 223; x_wconf 81' lang='grc'><em>147</em></span> 
     </span>
    </p>
   </div>
   <div class='ocr_carea' id='block_1_2' title="bbox 119 295 1820 2858">
    <p class='ocr_par' dir='ltr' id='par_1_2' title="bbox 124 295 1820 511">
     <span class='ocr_line' id='line_1_2' title="bbox 125 295 1820 355; baseline 0.001 -12"><span class='ocrx_word' id='word_1_5' title='bbox 125 297 347 343; x_wconf 67' lang='lat' dir='ltr'><em>miwrsa·</em></span> <span class='ocrx_word' id='word_1_6' title='bbox 367 298 542 355; x_wconf 81' lang='lat' dir='ltr'><em>synodo,</em></span> <span class='ocrx_word' id='word_1_7' title='bbox 572 298 892 343; x_wconf 83' lang='lat' dir='ltr'><em>constituimus:</em></span> <span class='ocrx_word' id='word_1_8' title='bbox 925 300 973 342; x_wconf 85' lang='lat' dir='ltr'><em>ut</em></span> <span class='ocrx_word' id='word_1_9' title='bbox 1003 297 1144 341; x_wconf 89' lang='lat' dir='ltr'><em>nullus</em></span> <span class='ocrx_word' id='word_1_10' title='bbox 1166 297 1364 354; x_wconf 79' lang='lat' dir='ltr'><strong>deinceps</strong></span> <span class='ocrx_word' id='word_1_11' title='bbox 1390 296 1444 340; x_wconf 91' lang='lat' dir='ltr'><em>ad</em></span> <span class='ocrx_word' id='word_1_12' title='bbox 1474 295 1699 341; x_wconf 55' lang='lat' dir='ltr'><em>iniuriam*</em></span> <span class='ocrx_word' id='word_1_13' title='bbox 1728 308 1820 345; x_wconf 86' lang='lat'>1089</span> 
     </span>
     <span class='ocr_line' id='line_1_3' title="bbox 124 374 1702 434; baseline -0.001 -14"><span class='ocrx_word' id='word_1_14' title='bbox 124 375 275 421; x_wconf 80' lang='lat' dir='ltr'><em>domni</em></span> <span class='ocrx_word' id='word_1_15' title='bbox 305 375 575 434; x_wconf 77' lang='lat' dir='ltr'><em>imperatoris</em></span> <span class='ocrx_word' id='word_1_16' title='bbox 613 378 858 434; x_wconf 84' lang='lat' dir='ltr'><em>praesumat</em></span> <span class='ocrx_word' id='word_1_17' title='bbox 896 375 949 420; x_wconf 90' lang='lat' dir='ltr'><em>de</em></span> <span class='ocrx_word' id='word_1_18' title='bbox 984 375 1066 420; x_wconf 89' lang='lat' dir='ltr'><em>hac</em></span> <span class='ocrx_word' id='word_1_19' title='bbox 1103 374 1371 432; x_wconf 76' lang='lat' dir='ltr'><strong>quaestione.</strong></span> <span class='ocrx_word' id='word_1_20' title='bbox 1390 374 1627 432; x_wconf 87' lang='lat' dir='ltr'><em>disceptare</em></span> <span class='ocrx_word' id='word_1_21' title='bbox 1659 378 1702 419; x_wconf 90' lang='lat' dir='ltr'><em>et</em></span> 
     </span>
     <span class='ocr_line' id='line_1_4' title="bbox 126 452 1503 511; baseline -0.001 -13"><span class='ocrx_word' id='word_1_22' title='bbox 126 453 386 498; x_wconf 57' lang='lat' dir='ltr'><em>eizssubditos</em></span> <span class='ocrx_word' id='word_1_23' title='bbox 417 467 444 497; x_wconf 85' lang='lat' dir='ltr'><em>a</em></span> <span class='ocrx_word' id='word_1_24' title='bbox 461 453 645 498; x_wconf 65' lang='lat' dir='ltr'><em>*servitio</em></span> <span class='ocrx_word' id='word_1_25' title='bbox 676 456 720 498; x_wconf 89' lang='lat' dir='ltr'><em>et</em></span> <span class='ocrx_word' id='word_1_26' title='bbox 748 453 1043 498; x_wconf 80' lang='lat' dir='ltr'><strong>communione</strong></span> <span class='ocrx_word' id='word_1_27' title='bbox 1072 453 1209 511; x_wconf 89' lang='lat' dir='ltr'><em>ipsius</em></span> <span class='ocrx_word' id='word_1_28' title='bbox 1241 452 1503 497; x_wconf 80' lang='lat' dir='ltr'><strong>subtrahere.</strong></span> 
     </span>
    </p>

    <p class='ocr_par' dir='ltr' id='par_1_3' title="bbox 119 529 1703 2858">
     <span class='ocr_line' id='line_1_5' title="bbox 204 529 1702 590; baseline -0.001 -14.945"><span class='ocrx_word' id='word_1_29' title='bbox 204 530 318 576; x_wconf 68' lang='lat' dir='ltr'><em>Ad</em></span> <span class='ocrx_word' id='word_1_30' title='bbox 328 531 425 590; x_wconf 73' lang='lat' dir='ltr'><em>hoc</em></span> <span class='ocrx_word' id='word_1_31' title='bbox 453 531 596 587; x_wconf 86' lang='lat' dir='ltr'><em>etiam,</em></span> <span class='ocrx_word' id='word_1_32' title='bbox 629 531 731 587; x_wconf 89' lang='lat' dir='ltr'><em>quid</em></span> <span class='ocrx_word' id='word_1_33' title='bbox 761 531 934 575; x_wconf 89' lang='lat' dir='ltr'><em>ultionis</em></span> <span class='ocrx_word' id='word_1_34' title='bbox 964 533 1209 576; x_wconf 87' lang='lat' dir='ltr'><em>mereantur</em></span> <span class='ocrx_word' id='word_1_35' title='bbox 1239 530 1396 586; x_wconf 82' lang='lat' dir='ltr'><em>subire,</em></span> <span class='ocrx_word' id='word_1_36' title='bbox 1427 529 1500 586; x_wconf 87' lang='lat' dir='ltr'><em>qui</em></span> <span class='ocrx_word' id='word_1_37' title='bbox 1530 529 1702 574; x_wconf 84' lang='lat' dir='ltr'><em>hortatu</em></span> 
     </span>
     <span class='ocr_line' id='line_1_6' title="bbox 124 607 1702 666; baseline -0.001 -11"><span class='ocrx_word' id='word_1_38' title='bbox 124 609 460 662; x_wconf 71' lang='lat' dir='ltr'><em>smmtzeorum</em></span> <span class='ocrx_word' id='word_1_39' title='bbox 496 609 736 654; x_wconf 83' lang='lat' dir='ltr'><em>iuramenta</em></span> <span class='ocrx_word' id='word_1_40' title='bbox 771 609 863 665; x_wconf 86' lang='lat' dir='ltr'><em>regi</em></span> <span class='ocrx_word' id='word_1_41' title='bbox 899 611 942 653; x_wconf 88' lang='lat' dir='ltr'><em>et</em></span> <span class='ocrx_word' id='word_1_42' title='bbox 977 608 1240 666; x_wconf 90' lang='lat' dir='ltr'><em>principibus</em></span> <span class='ocrx_word' id='word_1_43' title='bbox 1279 607 1394 652; x_wconf 86' lang='lat' dir='ltr'><em>facta</em></span> <span class='ocrx_word' id='word_1_44' title='bbox 1431 621 1518 652; x_wconf 89' lang='lat' dir='ltr'><em>non</em></span> <span class='ocrx_word' id='word_1_45' title='bbox 1548 608 1702 653; x_wconf 87' lang='lat' dir='ltr'><em>timent</em></span> 
     </span>
     <span class='ocr_line' id='line_1_7' title="bbox 123 685 1701 743; baseline -0.001 -11"><span class='ocrx_word' id='word_1_46' title='bbox 123 686 310 743; x_wconf 62' lang='lat' dir='ltr'><em>violare,</em></span> <span class='ocrx_word' id='word_1_47' title='bbox 329 687 467 731; x_wconf 74' lang='lat' dir='ltr'><em>sancti</em></span> <span class='ocrx_word' id='word_1_48' title='bbox 488 686 724 742; x_wconf 82' lang='lat' dir='ltr'><strong>Augustini</strong></span> <span class='ocrx_word' id='word_1_49' title='bbox 743 687 1038 732; x_wconf 85' lang='lat' dir='ltr'><em>auctoritatem</em></span> <span class='ocrx_word' id='word_1_50' title='bbox 1057 686 1322 730; x_wconf 84' lang='lat' dir='ltr'><em>induximus.</em></span> <span class='ocrx_word' id='word_1_51' title='bbox 1357 685 1413 730; x_wconf 83' lang='lat' dir='ltr'><em>Si</em></span> <span class='ocrx_word' id='word_1_52' title='bbox 1441 688 1538 743; x_wconf 72' lang='lat' dir='ltr'><em>quis</em></span> <span class='ocrx_word' id='word_1_53' title='bbox 1568 686 1701 730; x_wconf 74' lang='lat' dir='ltr'><em>laicae</em></span> 
     </span>
     <span class='ocr_line' id='line_1_8' title="bbox 123 765 1699 823; baseline -0.001 -13"><span class='ocrx_word' id='word_1_54' title='bbox 123 767 421 810; x_wconf 73' lang='lat' dir='ltr'><em>iuramentum</em></span> <span class='ocrx_word' id='word_1_55' title='bbox 435 766 636 809; x_wconf 75' lang='lat' dir='ltr'><em>violando</em></span> <span class='ocrx_word' id='word_1_56' title='bbox 660 766 885 823; x_wconf 72' lang='lat' dir='ltr'><em>profanat,</em></span> <span class='ocrx_word' id='word_1_57' title='bbox 926 767 1041 822; x_wconf 82' lang='lat' dir='ltr'><em>quod</em></span> <span class='ocrx_word' id='word_1_58' title='bbox 1069 767 1163 822; x_wconf 73' lang='lat' dir='ltr'><em>reyi</em></span> <span class='ocrx_word' id='word_1_59' title='bbox 1192 773 1230 808; x_wconf 83' lang='lat' dir='ltr'><em>et</em></span> <span class='ocrx_word' id='word_1_60' title='bbox 1259 765 1430 808; x_wconf 86' lang='lat' dir='ltr'><em>domino</em></span> <span class='ocrx_word' id='word_1_61' title='bbox 1462 779 1537 808; x_wconf 75' lang='lat' dir='ltr'><em>sao</em></span> <span class='ocrx_word' id='word_1_62' title='bbox 1569 766 1699 819; x_wconf 78' lang='lat' dir='ltr'><em>iurat,</em></span> 
     </span>
     <span class='ocr_line' id='line_1_9' title="bbox 124 843 1702 902; baseline -0.001 -14"><span class='ocrx_word' id='word_1_63' title='bbox 124 845 461 902; x_wconf 50' lang='lat' dir='ltr'><em>&#39;etspootmodum</em></span> <span class='ocrx_word' id='word_1_64' title='bbox 494 858 689 901; x_wconf 70' lang='lat' dir='ltr'><em>perverse</em></span> <span class='ocrx_word' id='word_1_65' title='bbox 720 845 808 887; x_wconf 76' lang='lat' dir='ltr'><em>eius</em></span> <span class='ocrx_word' id='word_1_66' title='bbox 838 859 1015 901; x_wconf 71' lang='lat' dir='ltr'><em>reynum</em></span> <span class='ocrx_word' id='word_1_67' title='bbox 1055 852 1093 887; x_wconf 88' lang='lat' dir='ltr'><em>et</em></span> <span class='ocrx_word' id='word_1_68' title='bbox 1123 843 1266 887; x_wconf 72' lang='lat' dir='ltr'><em>dolose</em></span> <span class='ocrx_word' id='word_1_69' title='bbox 1296 844 1552 896; x_wconf 74' lang='lat' dir='ltr'><strong><em>tractaverit,</em></strong></span> <span class='ocrx_word' id='word_1_70' title='bbox 1587 851 1626 887; x_wconf 89' lang='lat' dir='ltr'><em>et</em></span> <span class='ocrx_word' id='word_1_71' title='bbox 1653 844 1702 887; x_wconf 88' lang='lat' dir='ltr'><em>in</em></span> 
     </span>
     <span class='ocr_line' id='line_1_10' title="bbox 124 921 1702 980; baseline -0.001 -14"><span class='ocrx_word' id='word_1_72' title='bbox 124 925 299 966; x_wconf 62' lang='lat' dir='ltr'><em>monem</em></span> <span class='ocrx_word' id='word_1_73' title='bbox 327 923 465 980; x_wconf 69' lang='lat' dir='ltr'><em>ipsius</em></span> <span class='ocrx_word' id='word_1_74' title='bbox 497 923 641 979; x_wconf 83' lang='lat' dir='ltr'><em>aliquo</em></span> <span class='ocrx_word' id='word_1_75' title='bbox 662 922 996 965; x_wconf 76' lang='lat' dir='ltr'><em>machinamento</em></span> <span class='ocrx_word' id='word_1_76' title='bbox 1027 922 1271 974; x_wconf 73' lang='lat' dir='ltr'><em>insidiatur,</em></span> <span class='ocrx_word' id='word_1_77' title='bbox 1305 922 1410 978; x_wconf 80' lang='lat' dir='ltr'><em>qaia</em></span> <span class='ocrx_word' id='word_1_78' title='bbox 1432 921 1702 978; x_wconf 66' lang='lat' dir='ltr'><em>sacmleqiam</em></span> 
     </span>
     <span class='ocr_line' id='line_1_11' title="bbox 122 999 1701 1058; baseline 0 -15"><span class='ocrx_word' id='word_1_79' title='bbox 122 1001 304 1058; x_wconf 59' lang='lat' dir='ltr'><em>pffaqit,</em></span> <span class='ocrx_word' id='word_1_80' title='bbox 336 1005 511 1058; x_wconf 73' lang='lat' dir='ltr'><em>martam</em></span> <span class='ocrx_word' id='word_1_81' title='bbox 530 1015 652 1043; x_wconf 74' lang='lat' dir='ltr'><em>suam</em></span> <span class='ocrx_word' id='word_1_82' title='bbox 671 1002 718 1043; x_wconf 87' lang='lat' dir='ltr'><em>in</em></span> <span class='ocrx_word' id='word_1_83' title='bbox 739 1000 939 1044; x_wconf 63' lang='lat' dir='ltr'><em>cha-iatum</em></span> <span class='ocrx_word' id='word_1_84' title='bbox 959 1000 1143 1042; x_wconf 89' lang='lat' dir='ltr'><em>Domini</em></span> <span class='ocrx_word' id='word_1_85' title='bbox 1167 1001 1347 1052; x_wconf 76' lang='lat' dir='ltr'><em>mittens,</em></span> <span class='ocrx_word' id='word_1_86' title='bbox 1380 999 1604 1042; x_wconf 76' lang='lat' dir='ltr'><em>anathema</em></span> <span class='ocrx_word' id='word_1_87' title='bbox 1624 1000 1701 1050; x_wconf 77' lang='lat' dir='ltr'><em>sit5</em></span> 
     </span>
     <span class='ocr_line' id='line_1_12' title="bbox 124 1077 1703 1136; baseline -0.001 -14"><span class='ocrx_word' id='word_1_88' title='bbox 124 1080 213 1126; x_wconf 70' lang='lat' dir='ltr'><em>nisi</em></span> <span class='ocrx_word' id='word_1_89' title='bbox 240 1084 332 1136; x_wconf 74' lang='lat' dir='ltr'><em>-p&#39;er</em></span> <span class='ocrx_word' id='word_1_90' title='bbox 367 1079 543 1135; x_wconf 74' lang='lat' dir='ltr'><em>diqnam</em></span> <span class='ocrx_word' id='word_1_91' title='bbox 581 1080 842 1135; x_wconf 76' lang='lat' dir='ltr'><em>penitentiae</em></span> <span class='ocrx_word' id='word_1_92' title='bbox 877 1077 1209 1134; x_wconf 66' lang='lat' dir='ltr'><em>satisfactionem</em></span> <span class='ocrx_word' id='word_1_93' title='bbox 1248 1078 1547 1130; x_wconf 79' lang='lat' dir='ltr'><em>emendaverit,</em></span> <span class='ocrx_word' id='word_1_94' title='bbox 1595 1079 1703 1122; x_wconf 75' lang='lat' dir='ltr'><em>sicut</em></span> 
     </span>
     <span class='ocr_line' id='line_1_13' title="bbox 126 1155 1702 1213; baseline -0.001 -13"><span class='ocrx_word' id='word_1_95' title='bbox 126 1158 393 1200; x_wconf 53' lang='lat' dir='ltr'><em>ementatum</em></span> <span class='ocrx_word' id='word_1_96' title='bbox 410 1164 483 1201; x_wconf 73' lang='lat' dir='ltr'><em>{eet</em></span> <span class='ocrx_word' id='word_1_97' title='bbox 512 1172 539 1198; x_wconf 94' lang='lat' dir='ltr'><em>a</em></span> <span class='ocrx_word' id='word_1_98' title='bbox 559 1165 706 1199; x_wconf 75' lang='lat' dir='ltr'><em>sancta</em></span> <span class='ocrx_word' id='word_1_99' title='bbox 734 1157 919 1213; x_wconf 69' lang='lat' dir='ltr'><em>synod05</em></span> <span class='ocrx_word' id='word_1_100' title='bbox 950 1157 998 1199; x_wconf 86' lang='lat' dir='ltr'><em>id</em></span> <span class='ocrx_word' id='word_1_101' title='bbox 1021 1164 1082 1199; x_wconf 73' lang='lat' dir='ltr'><em>est</em></span> <span class='ocrx_word' id='word_1_102' title='bbox 1111 1155 1294 1199; x_wconf 76' lang='lat' dir='ltr'><em>seculum</em></span> <span class='ocrx_word' id='word_1_103' title='bbox 1313 1155 1543 1212; x_wconf 74' lang='lat' dir='ltr'><em>relinquat,</em></span> <span class='ocrx_word' id='word_1_104' title='bbox 1579 1169 1702 1199; x_wconf 73' lang='lat' dir='ltr'><em>arma</em></span> 
     </span>
     <span class='ocr_line' id='line_1_14' title="bbox 125 1233 1702 1293; baseline 0.001 -16"><span class='ocrx_word' id='word_1_105' title='bbox 125 1235 330 1293; x_wconf 77' lang='lat' dir='ltr'><em>deponat,</em></span> <span class='ocrx_word' id='word_1_106' title='bbox 372 1235 429 1277; x_wconf 82' lang='lat' dir='ltr'><em>in·</em></span> <span class='ocrx_word' id='word_1_107' title='bbox 456 1236 757 1278; x_wconf 78' lang='lat' dir='ltr'><em>monasterium</em></span> <span class='ocrx_word' id='word_1_108' title='bbox 797 1242 863 1278; x_wconf 88' lang='lat' dir='ltr'><em>eat</em></span> <span class='ocrx_word' id='word_1_109' title='bbox 899 1243 937 1278; x_wconf 90' lang='lat' dir='ltr'><em>et</em></span> <span class='ocrx_word' id='word_1_110' title='bbox 973 1235 1158 1291; x_wconf 84' lang='lat' dir='ltr'><em>peniteat</em></span> <span class='ocrx_word' id='word_1_111' title='bbox 1189 1233 1380 1277; x_wconf 74' lang='lat' dir='ltr'><em>omnibus</em></span> <span class='ocrx_word' id='word_1_112' title='bbox 1412 1233 1558 1277; x_wconf 79' lang='lat' dir='ltr'><em>diebus</em></span> <span class='ocrx_word' id='word_1_113' title='bbox 1590 1235 1702 1278; x_wconf 83' lang='lat' dir='ltr'><em>vitae</em></span> 
     </span>
     <span class='ocr_line' id='line_1_15' title="bbox 125 1312 1700 1365; baseline -0.001 -8"><span class='ocrx_word' id='word_1_114' title='bbox 125 1327 248 1365; x_wconf 68' lang='lat' dir='ltr'><em>mae5</em></span> <span class='ocrx_word' id='word_1_115' title='bbox 277 1319 560 1356; x_wconf 70' lang='lat' dir='ltr'><em>verumtamen</em></span> <span class='ocrx_word' id='word_1_116' title='bbox 595 1314 927 1356; x_wconf 80' lang='lat' dir='ltr'><em>communionem</em></span> <span class='ocrx_word' id='word_1_117' title='bbox 965 1326 1058 1356; x_wconf 84' lang='lat' dir='ltr'><em>cum</em></span> <span class='ocrx_word' id='word_1_118' title='bbox 1090 1312 1363 1355; x_wconf 51' lang='lat' dir='ltr'><em>euehat-istim</em></span> <span class='ocrx_word' id='word_1_119' title='bbox 1403 1312 1450 1355; x_wconf 84' lang='lat' dir='ltr'><em>in</em></span> <span class='ocrx_word' id='word_1_120' title='bbox 1481 1313 1595 1355; x_wconf 70' lang='lat' dir='ltr'><em>exitu</em></span> <span class='ocrx_word' id='word_1_121' title='bbox 1623 1326 1700 1356; x_wconf 74' lang='lat' dir='ltr'><em>suo</em></span> 
     </span>
     <span class='ocr_line' id='line_1_16' title="bbox 123 1389 1702 1449; baseline -0.001 -14"><span class='ocrx_word' id='word_1_122' title='bbox 123 1392 323 1449; x_wconf 62' lang='lat' dir='ltr'><em>accipiat.</em></span> <span class='ocrx_word' id='word_1_123' title='bbox 378 1390 619 1448; x_wconf 54' lang='lat' dir='ltr'><em>Episcopus</em></span> <span class='ocrx_word' id='word_1_124' title='bbox 663 1405 782 1445; x_wconf 77' lang='lat' dir='ltr'><em>vero,</em></span> <span class='ocrx_word' id='word_1_125' title='bbox 823 1390 1049 1448; x_wconf 73' lang='lat' dir='ltr'><em>presbiter,</em></span> <span class='ocrx_word' id='word_1_126' title='bbox 1088 1391 1316 1443; x_wconf 75' lang='lat' dir='ltr'><em>diaconus,</em></span> <span class='ocrx_word' id='word_1_127' title='bbox 1355 1390 1396 1432; x_wconf 79' lang='lat' dir='ltr'><em>si</em></span> <span class='ocrx_word' id='word_1_128' title='bbox 1430 1389 1508 1434; x_wconf 76' lang='lat' dir='ltr'><em>hoc</em></span> <span class='ocrx_word' id='word_1_129' title='bbox 1544 1391 1702 1434; x_wconf 81' lang='lat' dir='ltr'><em>crimen</em></span> 
     </span>
     <span class='ocr_line' id='line_1_17' title="bbox 119 1465 761 1528; baseline -0.003 -15"><span class='ocrx_word' id='word_1_130' title='bbox 119 1470 440 1528; x_wconf 54' lang='lat' dir='ltr'><em>perpetraverit,</em></span> <span class='ocrx_word' id='word_1_131' title='bbox 473 1470 727 1526; x_wconf 73' lang='lat' dir='ltr'><em>deqradetur</em></span> <span class='ocrx_word' id='word_1_132' title='bbox 739 1465 761 1511; x_wconf 89' lang='lat'><em>¹.</em></span> 
     </span>
     <span class='ocr_line' id='line_1_18' title="bbox 141 1544 1701 1603; baseline -0.001 -13"><span class='ocrx_word' id='word_1_133' title='bbox 141 1558 154 1581; x_wconf 71' lang='lat'><em>=.</em></span> <span class='ocrx_word' id='word_1_134' title='bbox 192 1571 194 1574; x_wconf 59' lang='lat'>&gt;</span> <span class='ocrx_word' id='word_1_135' title='bbox 243 1545 337 1590; x_wconf 20' lang='lat' dir='ltr'><em>His*</em></span> <span class='ocrx_word' id='word_1_136' title='bbox 360 1552 460 1591; x_wconf 86' lang='lat' dir='ltr'><em>vero</em></span> <span class='ocrx_word' id='word_1_137' title='bbox 499 1545 724 1602; x_wconf 82' lang='lat' dir='ltr'><em>diligenter</em></span> <span class='ocrx_word' id='word_1_138' title='bbox 755 1545 981 1603; x_wconf 85' lang='lat' dir='ltr'><em>expositis,</em></span> <span class='ocrx_word' id='word_1_139' title='bbox 1020 1558 1187 1589; x_wconf 89' lang='lat' dir='ltr'><em>summa</em></span> <span class='ocrx_word' id='word_1_140' title='bbox 1216 1557 1294 1588; x_wconf 91' lang='lat' dir='ltr'><em>nos</em></span> <span class='ocrx_word' id='word_1_141' title='bbox 1325 1544 1554 1589; x_wconf 82' lang='lat' dir='ltr'><em>necessitas</em></span> <span class='ocrx_word' id='word_1_142' title='bbox 1586 1557 1701 1589; x_wconf 89' lang='lat' dir='ltr'><em>com·</em></span> 
     </span>
     <span class='ocr_line' id='line_1_19' title="bbox 126 1609 1701 1683; baseline -0.002 -14"><span class='ocrx_word' id='word_1_143' title='bbox 126 1623 275 1683; x_wconf 81' lang='lat' dir='ltr'><em>pulit:·</em></span> <span class='ocrx_word' id='word_1_144' title='bbox 296 1624 354 1668; x_wconf 83' lang='lat' dir='ltr'><em>ad</em></span> <span class='ocrx_word' id='word_1_145' title='bbox 389 1637 460 1679; x_wconf 88' lang='lat' dir='ltr'><em>ea,</em></span> <span class='ocrx_word' id='word_1_146' title='bbox 502 1637 609 1680; x_wconf 88' lang='lat' dir='ltr'><em>quae</em></span> <span class='ocrx_word' id='word_1_147' title='bbox 647 1624 699 1667; x_wconf 88' lang='lat' dir='ltr'><em>de</em></span> <span class='ocrx_word' id='word_1_148' title='bbox 736 1623 1013 1668; x_wconf 81' lang='lat' dir='ltr'><em>sacramentis</em></span> <span class='ocrx_word' id='word_1_149' title='bbox 1052 1609 1347 1667; x_wconf 87' lang='lat' dir='ltr'><em>ecclesiasticis</em></span> <span class='ocrx_word' id='word_1_150' title='bbox 1386 1622 1550 1667; x_wconf 89' lang='lat' dir='ltr'><em>inimici</em></span> <span class='ocrx_word' id='word_1_151' title='bbox 1589 1622 1701 1667; x_wconf 88' lang='lat' dir='ltr'><em>chri-</em></span> 
     </span>
     <span class='ocr_line' id='line_1_20' title="bbox 124 1700 1700 1758; baseline -0.002 -11"><span class='ocrx_word' id='word_1_152' title='bbox 124 1702 296 1747; x_wconf 74' lang='lat' dir='ltr'><em>stianae</em></span> <span class='ocrx_word' id='word_1_153' title='bbox 317 1702 536 1758; x_wconf 84' lang='lat' dir='ltr'><em>religionis</em></span> <span class='ocrx_word' id='word_1_154' title='bbox 567 1702 768 1746; x_wconf 88' lang='lat' dir='ltr'><em>adversus</em></span> <span class='ocrx_word' id='word_1_155' title='bbox 796 1701 1045 1745; x_wconf 81' lang='lat' dir='ltr'><em>catholicam</em></span> <span class='ocrx_word' id='word_1_156' title='bbox 1077 1700 1204 1745; x_wconf 89' lang='lat' dir='ltr'><em>fidem</em></span> <span class='ocrx_word' id='word_1_157' title='bbox 1235 1700 1462 1757; x_wconf 81' lang='lat' dir='ltr'><em>oblatrant,</em></span> <span class='ocrx_word' id='word_1_158' title='bbox 1494 1700 1700 1745; x_wconf 90' lang='lat' dir='ltr'><em>discretas</em></span> 
     </span>
     <span class='ocr_line' id='line_1_21' title="bbox 126 1778 1700 1838; baseline -0.002 -13"><span class='ocrx_word' id='word_1_159' title='bbox 126 1780 398 1826; x_wconf 80' lang='lat' dir='ltr'><em>auctoritates</em></span> <span class='ocrx_word' id='word_1_160' title='bbox 437 1780 648 1838; x_wconf 87' lang='lat' dir='ltr'><em>obponere</em></span> <span class='ocrx_word' id='word_1_161' title='bbox 688 1783 743 1836; x_wconf 92' lang='lat' dir='ltr'><em>et,</em></span> <span class='ocrx_word' id='word_1_162' title='bbox 777 1793 884 1836; x_wconf 89' lang='lat' dir='ltr'><em>quae</em></span> <span class='ocrx_word' id='word_1_163' title='bbox 915 1779 1055 1824; x_wconf 87' lang='lat' dir='ltr'><em>dicere</em></span> <span class='ocrx_word' id='word_1_164' title='bbox 1086 1782 1130 1823; x_wconf 89' lang='lat' dir='ltr'><em>et</em></span> <span class='ocrx_word' id='word_1_165' title='bbox 1160 1778 1299 1822; x_wconf 90' lang='lat' dir='ltr'><em>audiri</em></span> <span class='ocrx_word' id='word_1_166' title='bbox 1328 1779 1448 1823; x_wconf 84' lang='lat' dir='ltr'><em>nefas</em></span> <span class='ocrx_word' id='word_1_167' title='bbox 1480 1782 1564 1835; x_wconf 87' lang='lat' dir='ltr'><em>est,</em></span> <span class='ocrx_word' id='word_1_168' title='bbox 1601 1792 1700 1836; x_wconf 89' lang='lat' dir='ltr'><em>pro-</em></span> 
     </span>
     <span class='ocr_line' id='line_1_22' title="bbox 124 1857 1700 1914; baseline -0.002 -11"><span class='ocrx_word' id='word_1_169' title='bbox 124 1858 352 1904; x_wconf 76' lang='lat' dir='ltr'><em>habilibus·</em></span> <span class='ocrx_word' id='word_1_170' title='bbox 367 1859 626 1914; x_wconf 83' lang='lat' dir='ltr'><em>argumentis</em></span> <span class='ocrx_word' id='word_1_171' title='bbox 648 1858 879 1902; x_wconf 83' lang='lat' dir='ltr'><em>confutare.</em></span> <span class='ocrx_word' id='word_1_172' title='bbox 926 1857 1085 1901; x_wconf 90' lang='lat' dir='ltr'><em>Dicunt</em></span> <span class='ocrx_word' id='word_1_173' title='bbox 1106 1857 1240 1901; x_wconf 91' lang='lat' dir='ltr'><em>enim:</em></span> <span class='ocrx_word' id='word_1_174' title='bbox 1274 1860 1587 1901; x_wconf 88' lang='lat' dir='ltr'><em>sacramentum</em></span> <span class='ocrx_word' id='word_1_175' title='bbox 1608 1870 1700 1901; x_wconf 90' lang='lat' dir='ltr'><em>cor-</em></span> 
     </span>
     <span class='ocr_line' id='line_1_23' title="bbox 125 1934 1700 1994; baseline -0.001 -13"><span class='ocrx_word' id='word_1_176' title='bbox 125 1937 242 1994; x_wconf 86' lang='lat' dir='ltr'><em>poris</em></span> <span class='ocrx_word' id='word_1_177' title='bbox 282 1940 325 1981; x_wconf 89' lang='lat' dir='ltr'><em>et</em></span> <span class='ocrx_word' id='word_1_178' title='bbox 360 1937 577 1992; x_wconf 85' lang='lat' dir='ltr'><em>sanguinis</em></span> <span class='ocrx_word' id='word_1_179' title='bbox 621 1936 783 1980; x_wconf 91' lang='lat' dir='ltr'><em>domini</em></span> <span class='ocrx_word' id='word_1_180' title='bbox 824 1935 959 1980; x_wconf 88' lang='lat' dir='ltr'><em>nostri</em></span> <span class='ocrx_word' id='word_1_181' title='bbox 1002 1935 1098 1980; x_wconf 88' lang='lat' dir='ltr'><em>Iesu</em></span> <span class='ocrx_word' id='word_1_182' title='bbox 1135 1934 1314 1991; x_wconf 84' lang='lat' dir='ltr'><em>Christi,</em></span> <span class='ocrx_word' id='word_1_183' title='bbox 1363 1935 1700 1980; x_wconf 86' lang='lat' dir='ltr'><em>consecrationes</em></span> 
     </span>
     <span class='ocr_line' id='line_1_24' title="bbox 125 2011 1700 2070; baseline -0.002 -11"><span class='ocrx_word' id='word_1_184' title='bbox 125 2014 357 2070; x_wconf 85' lang='lat' dir='ltr'><em>crismatis,</em></span> <span class='ocrx_word' id='word_1_185' title='bbox 396 2014 528 2059; x_wconf 91' lang='lat' dir='ltr'><em>immo</em></span> <span class='ocrx_word' id='word_1_186' title='bbox 561 2026 834 2070; x_wconf 89' lang='lat' dir='ltr'><em>quaecunque</em></span> <span class='ocrx_word' id='word_1_187' title='bbox 873 2013 927 2057; x_wconf 87' lang='lat' dir='ltr'><em>ad</em></span> <span class='ocrx_word' id='word_1_188' title='bbox 959 2013 1198 2070; x_wconf 89' lang='lat' dir='ltr'><em>episcopale</em></span> <span class='ocrx_word' id='word_1_189' title='bbox 1237 2016 1279 2057; x_wconf 92' lang='lat' dir='ltr'><em>et</em></span> <span class='ocrx_word' id='word_1_190' title='bbox 1315 2012 1577 2057; x_wconf 87' lang='lat' dir='ltr'><em>sacerdotale</em></span> <span class='ocrx_word' id='word_1_191' title='bbox 1609 2011 1700 2057; x_wconf 91' lang='lat' dir='ltr'><em>offi-</em></span> 
     </span>
     <span class='ocr_line' id='line_1_25' title="bbox 125 2091 1700 2151; baseline -0.002 -14"><span class='ocrx_word' id='word_1_192' title='bbox 125 2093 239 2138; x_wconf 87' lang='lat' dir='ltr'><em>cium</em></span> <span class='ocrx_word' id='word_1_193' title='bbox 269 2092 504 2151; x_wconf 87' lang='lat' dir='ltr'><em>pertinent,</em></span> <span class='ocrx_word' id='word_1_194' title='bbox 544 2091 597 2135; x_wconf 88' lang='lat' dir='ltr'><em>ab</em></span> <span class='ocrx_word' id='word_1_195' title='bbox 627 2091 694 2135; x_wconf 90' lang='lat' dir='ltr'><em>his</em></span> <span class='ocrx_word' id='word_1_196' title='bbox 726 2092 799 2148; x_wconf 89' lang='lat' dir='ltr'><em>qui</em></span> <span class='ocrx_word' id='word_1_197' title='bbox 829 2094 967 2135; x_wconf 89' lang='lat' dir='ltr'><em>sectae</em></span> <span class='ocrx_word' id='word_1_198' title='bbox 999 2105 1145 2135; x_wconf 90' lang='lat' dir='ltr'><em>eorum</em></span> <span class='ocrx_word' id='word_1_199' title='bbox 1174 2104 1260 2134; x_wconf 92' lang='lat' dir='ltr'><em>non</em></span> <span class='ocrx_word' id='word_1_200' title='bbox 1291 2091 1604 2135; x_wconf 88' lang='lat' dir='ltr'><em>communicant</em></span> <span class='ocrx_word' id='word_1_201' title='bbox 1634 2103 1700 2135; x_wconf 89' lang='lat' dir='ltr'><em>ce-</em></span> 
     </span>
     <span class='ocr_line' id='line_1_26' title="bbox 124 2168 1701 2228; baseline -0.001 -14"><span class='ocrx_word' id='word_1_202' title='bbox 124 2169 303 2226; x_wconf 83' lang='lat' dir='ltr'><em>lebrata,</em></span> <span class='ocrx_word' id='word_1_203' title='bbox 333 2170 451 2214; x_wconf 89' lang='lat' dir='ltr'><em>nulla</em></span> <span class='ocrx_word' id='word_1_204' title='bbox 480 2183 653 2228; x_wconf 89' lang='lat' dir='ltr'><em>prorsus</em></span> <span class='ocrx_word' id='word_1_205' title='bbox 686 2183 778 2214; x_wconf 86' lang='lat' dir='ltr'><em>esse</em></span> <span class='ocrx_word' id='word_1_206' title='bbox 809 2172 1076 2213; x_wconf 90' lang='lat' dir='ltr'><em>sacramenta</em></span> <span class='ocrx_word' id='word_1_207' title='bbox 1106 2171 1149 2213; x_wconf 86' lang='lat' dir='ltr'><em>et</em></span> <span class='ocrx_word' id='word_1_208' title='bbox 1168 2168 1299 2213; x_wconf 89' lang='lat' dir='ltr'><em>nichil</em></span> <span class='ocrx_word' id='word_1_209' title='bbox 1330 2168 1446 2212; x_wconf 90' lang='lat' dir='ltr'><em>aliud</em></span> <span class='ocrx_word' id='word_1_210' title='bbox 1467 2168 1701 2226; x_wconf 90' lang='lat' dir='ltr'><em>suscipien-</em></span> 
     </span>
     <span class='ocr_line' id='line_1_27' title="bbox 125 2245 1701 2305; baseline -0.003 -12"><span class='ocrx_word' id='word_1_211' title='bbox 125 2248 239 2293; x_wconf 87' lang='lat' dir='ltr'><em>tibus</em></span> <span class='ocrx_word' id='word_1_212' title='bbox 277 2248 360 2292; x_wconf 90' lang='lat' dir='ltr'><em>nisi</em></span> <span class='ocrx_word' id='word_1_213' title='bbox 397 2247 740 2305; x_wconf 86' lang='lat' dir='ltr'><em>dampnationem</em></span> <span class='ocrx_word' id='word_1_214' title='bbox 781 2247 983 2292; x_wconf 87' lang='lat' dir='ltr'><em>conferre.</em></span> <span class='ocrx_word' id='word_1_215' title='bbox 1038 2246 1150 2290; x_wconf 89' lang='lat' dir='ltr'><em>Nam</em></span> <span class='ocrx_word' id='word_1_216' title='bbox 1180 2259 1335 2303; x_wconf 89' lang='lat' dir='ltr'><em>panem</em></span> <span class='ocrx_word' id='word_1_217' title='bbox 1364 2245 1506 2302; x_wconf 92' lang='lat' dir='ltr'><em>illum,</em></span> <span class='ocrx_word' id='word_1_218' title='bbox 1545 2246 1618 2303; x_wconf 91' lang='lat' dir='ltr'><em>qui</em></span> <span class='ocrx_word' id='word_1_219' title='bbox 1649 2245 1701 2290; x_wconf 90' lang='lat' dir='ltr'><em>de</em></span> 
     </span>
     <span class='ocr_line' id='line_1_28' title="bbox 125 2323 1700 2382; baseline -0.003 -11"><span class='ocrx_word' id='word_1_220' title='bbox 125 2326 242 2371; x_wconf 84' lang='lat' dir='ltr'><em>caelo</em></span> <span class='ocrx_word' id='word_1_221' title='bbox 272 2326 502 2381; x_wconf 87' lang='lat' dir='ltr'><em>descendit,</em></span> <span class='ocrx_word' id='word_1_222' title='bbox 532 2326 578 2369; x_wconf 92' lang='lat' dir='ltr'><em>in</em></span> <span class='ocrx_word' id='word_1_223' title='bbox 610 2339 690 2382; x_wconf 90' lang='lat' dir='ltr'><em>quo</em></span> <span class='ocrx_word' id='word_1_224' title='bbox 723 2329 815 2370; x_wconf 91' lang='lat' dir='ltr'><em>tota</em></span> <span class='ocrx_word' id='word_1_225' title='bbox 845 2325 959 2369; x_wconf 89' lang='lat' dir='ltr'><em>salus</em></span> <span class='ocrx_word' id='word_1_226' title='bbox 982 2328 1024 2369; x_wconf 92' lang='lat' dir='ltr'><em>et</em></span> <span class='ocrx_word' id='word_1_227' title='bbox 1044 2325 1133 2368; x_wconf 87' lang='lat' dir='ltr'><em>vita</em></span> <span class='ocrx_word' id='word_1_228' title='bbox 1161 2327 1309 2368; x_wconf 87' lang='lat' dir='ltr'><em>nostra</em></span> <span class='ocrx_word' id='word_1_229' title='bbox 1329 2324 1537 2379; x_wconf 89' lang='lat' dir='ltr'><em>consistit,</em></span> <span class='ocrx_word' id='word_1_230' title='bbox 1567 2323 1700 2381; x_wconf 90' lang='lat' dir='ltr'><em>impio</em></span> 
     </span>
     <span class='ocr_line' id='line_1_29' title="bbox 126 2402 1698 2462; baseline -0.002 -13"><span class='ocrx_word' id='word_1_231' title='bbox 126 2417 200 2449; x_wconf 85' lang='lat' dir='ltr'><em>ore</em></span> <span class='ocrx_word' id='word_1_232' title='bbox 245 2403 607 2462; x_wconf 81' lang='lat' dir='ltr'><em>blasphemanteS,</em></span> <span class='ocrx_word' id='word_1_233' title='bbox 661 2402 795 2460; x_wconf 88' lang='lat' dir='ltr'><em>pollui</em></span> <span class='ocrx_word' id='word_1_234' title='bbox 846 2403 987 2460; x_wconf 90' lang='lat' dir='ltr'><em>potius</em></span> <span class='ocrx_word' id='word_1_235' title='bbox 1034 2416 1162 2458; x_wconf 91' lang='lat' dir='ltr'><em>quam</em></span> <span class='ocrx_word' id='word_1_236' title='bbox 1207 2402 1446 2446; x_wconf 89' lang='lat' dir='ltr'><em>consecrari</em></span> <span class='ocrx_word' id='word_1_237' title='bbox 1491 2404 1698 2446; x_wconf 89' lang='lat' dir='ltr'><em>astruunt.</em></span> 
     </span>
     <span class='ocr_line' id='line_1_30' title="bbox 126 2479 1701 2539; baseline -0.001 -13"><span class='ocrx_word' id='word_1_238' title='bbox 126 2481 296 2539; x_wconf 79' lang='lat' dir='ltr'><em>Aquam</em></span> <span class='ocrx_word' id='word_1_239' title='bbox 332 2495 497 2539; x_wconf 88' lang='lat' dir='ltr'><em>quoque</em></span> <span class='ocrx_word' id='word_1_240' title='bbox 535 2481 824 2538; x_wconf 87' lang='lat' dir='ltr'><em>baptismatis,</em></span> <span class='ocrx_word' id='word_1_241' title='bbox 871 2495 948 2538; x_wconf 91' lang='lat' dir='ltr'><em>per</em></span> <span class='ocrx_word' id='word_1_242' title='bbox 994 2480 1260 2524; x_wconf 87' lang='lat' dir='ltr'><em>sacerdotum</em></span> <span class='ocrx_word' id='word_1_243' title='bbox 1298 2492 1445 2536; x_wconf 88' lang='lat' dir='ltr'><em>preces</em></span> <span class='ocrx_word' id='word_1_244' title='bbox 1489 2492 1538 2523; x_wconf 90' lang='lat' dir='ltr'><em>ac</em></span> <span class='ocrx_word' id='word_1_245' title='bbox 1574 2479 1701 2525; x_wconf 86' lang='lat' dir='ltr'><em>bene-</em></span> 
     </span>
     <span class='ocr_line' id='line_1_31' title="bbox 127 2556 1700 2605; baseline -0.002 0"><span class='ocrx_word' id='word_1_246' title='bbox 127 2560 333 2605; x_wconf 90' lang='lat' dir='ltr'><em>dictiones</em></span> <span class='ocrx_word' id='word_1_247' title='bbox 364 2563 408 2604; x_wconf 92' lang='lat' dir='ltr'><em>et</em></span> <span class='ocrx_word' id='word_1_248' title='bbox 438 2560 682 2603; x_wconf 89' lang='lat' dir='ltr'><em>crismatum</em></span> <span class='ocrx_word' id='word_1_249' title='bbox 716 2558 997 2602; x_wconf 81' lang='lat' dir='ltr'><em>admixtiones</em></span> <span class='ocrx_word' id='word_1_250' title='bbox 1028 2557 1159 2602; x_wconf 91' lang='lat' dir='ltr'><em>nichil</em></span> <span class='ocrx_word' id='word_1_251' title='bbox 1191 2556 1536 2601; x_wconf 88' lang='lat' dir='ltr'><em>sanctificationis</em></span> <span class='ocrx_word' id='word_1_252' title='bbox 1568 2557 1700 2602; x_wconf 86' lang='lat' dir='ltr'><em>susci-</em></span> 
     </span>
     <span class='ocr_line' id='line_1_32' title="bbox 126 2635 1700 2696; baseline -0.001 -14"><span class='ocrx_word' id='word_1_253' title='bbox 126 2638 336 2696; x_wconf 87' lang='lat' dir='ltr'><em>pientem,</em></span> <span class='ocrx_word' id='word_1_254' title='bbox 374 2637 454 2693; x_wconf 84' lang='lat' dir='ltr'><em>his,</em></span> <span class='ocrx_word' id='word_1_255' title='bbox 487 2637 560 2693; x_wconf 92' lang='lat' dir='ltr'><em>qui</em></span> <span class='ocrx_word' id='word_1_256' title='bbox 588 2636 866 2692; x_wconf 86' lang='lat' dir='ltr'><em>regenerandi</em></span> <span class='ocrx_word' id='word_1_257' title='bbox 897 2639 1008 2691; x_wconf 88' lang='lat' dir='ltr'><em>sunt,</em></span> <span class='ocrx_word' id='word_1_258' title='bbox 1046 2635 1187 2692; x_wconf 87' lang='lat' dir='ltr'><em>potius</em></span> <span class='ocrx_word' id='word_1_259' title='bbox 1219 2635 1480 2679; x_wconf 87' lang='lat' dir='ltr'><em>sordiditatis</em></span> <span class='ocrx_word' id='word_1_260' title='bbox 1512 2635 1700 2680; x_wconf 90' lang='lat' dir='ltr'><em>maculas</em></span> 
     </span>
     <span class='ocr_line' id='line_1_33' title="bbox 128 2711 1700 2772; baseline -0.002 -13"><span class='ocrx_word' id='word_1_261' title='bbox 128 2729 255 2772; x_wconf 89' lang='lat' dir='ltr'><em>quam</em></span> <span class='ocrx_word' id='word_1_262' title='bbox 285 2714 551 2772; x_wconf 82' lang='lat' dir='ltr'><em>spiritualesd</em></span> <span class='ocrx_word' id='word_1_263' title='bbox 581 2714 816 2758; x_wconf 88' lang='lat' dir='ltr'><em>mundicias</em></span> <span class='ocrx_word' id='word_1_264' title='bbox 850 2714 968 2757; x_wconf 88' lang='lat' dir='ltr'><em>aiunt</em></span> <span class='ocrx_word' id='word_1_265' title='bbox 998 2715 1227 2770; x_wconf 88' lang='lat' dir='ltr'><em>praestare.</em></span> <span class='ocrx_word' id='word_1_266' title='bbox 1276 2711 1346 2757; x_wconf 89' lang='lat' dir='ltr'><em>Sic</em></span> <span class='ocrx_word' id='word_1_267' title='bbox 1367 2712 1495 2756; x_wconf 88' lang='lat' dir='ltr'><em>etiam</em></span> <span class='ocrx_word' id='word_1_268' title='bbox 1516 2713 1700 2770; x_wconf 87' lang='lat' dir='ltr'><em>pessime</em></span> 
     </span>
     <span class='ocr_line' id='line_1_34' title="bbox 127 2790 1699 2858; baseline -0.002 -21"><span class='ocrx_word' id='word_1_269' title='bbox 127 2793 316 2838; x_wconf 89' lang='lat' dir='ltr'><em>sentiunt</em></span> <span class='ocrx_word' id='word_1_270' title='bbox 345 2793 398 2858; x_wconf 85' lang='lat' dir='ltr'><em>de</em></span> <span class='ocrx_word' id='word_1_271' title='bbox 427 2792 678 2836; x_wconf 85' lang='lat' dir='ltr'><em>reiterandis</em></span> <span class='ocrx_word' id='word_1_272' title='bbox 710 2791 1005 2836; x_wconf 89' lang='lat' dir='ltr'><em>ecclesiasticis</em></span> <span class='ocrx_word' id='word_1_273' title='bbox 1039 2790 1280 2847; x_wconf 86' lang='lat' dir='ltr'><em>ordinibus,</em></span> <span class='ocrx_word' id='word_1_274' title='bbox 1321 2791 1373 2835; x_wconf 92' lang='lat' dir='ltr'><em>de</em></span> <span class='ocrx_word' id='word_1_275' title='bbox 1403 2803 1699 2835; x_wconf 86' lang='lat' dir='ltr'><em>reconsecran-</em></span> 
     </span>
    </p>
   </div>
   <div class='ocr_carea' id='block_1_3' title="bbox 220 2891 1572 2931">
    <p class='ocr_par' dir='ltr' id='par_1_4' title="bbox 220 2891 1572 2931">
     <span class='ocr_line' id='line_1_35' title="bbox 220 2891 1572 2931; baseline -0.001 -7"><span class='ocrx_word' id='word_1_276' title='bbox 220 2903 248 2924; x_wconf 69' lang='grc' dir='ltr'><em>α.</em></span> <span class='ocrx_word' id='word_1_277' title='bbox 279 2894 419 2924; x_wconf 85' lang='lat' dir='ltr'><em>universo</em></span> <span class='ocrx_word' id='word_1_278' title='bbox 443 2894 477 2924; x_wconf 91' lang='lat' dir='ltr'><em>Z.</em></span> <span class='ocrx_word' id='word_1_279' title='bbox 581 2893 611 2924; x_wconf 93' lang='lat' dir='ltr'><em>b.</em></span> <span class='ocrx_word' id='word_1_280' title='bbox 644 2894 753 2924; x_wconf 87' lang='lat' dir='ltr'><em>iuriam</em></span> <span class='ocrx_word' id='word_1_281' title='bbox 775 2892 808 2923; x_wconf 90' lang='lat' dir='ltr'><em>Z.</em></span> <span class='ocrx_word' id='word_1_282' title='bbox 914 2901 939 2922; x_wconf 87' lang='lat' dir='ltr'><em>c.</em></span> <span class='ocrx_word' id='word_1_283' title='bbox 972 2892 1139 2922; x_wconf 81' lang='lat' dir='ltr'><em>eukaristia</em></span> <span class='ocrx_word' id='word_1_284' title='bbox 1156 2892 1187 2922; x_wconf 93' lang='lat' dir='ltr'><em>V.</em></span> <span class='ocrx_word' id='word_1_285' title='bbox 1293 2892 1322 2922; x_wconf 89' lang='lat' dir='ltr'><em>d.</em></span> <span class='ocrx_word' id='word_1_286' title='bbox 1357 2891 1510 2931; x_wconf 78' lang='lat' dir='ltr'><em>spiritales</em></span> <span class='ocrx_word' id='word_1_287' title='bbox 1533 2892 1572 2922; x_wconf 90' lang='lat' dir='ltr'><em>B.</em></span> 
     </span>
    </p>
   </div>
   <div class='ocr_carea' id='block_1_4' title="bbox 223 2955 1448 3057">
    <p class='ocr_par' dir='ltr' id='par_1_5' title="bbox 223 2955 1448 3057">
     <span class='ocr_line' id='line_1_36' title="bbox 223 2955 1448 3003; baseline -0.002 -9"><span class='ocrx_word' id='word_1_288' title='bbox 223 2958 256 2994; x_wconf 88' lang='lat'><em>1.</em></span> <span class='ocrx_word' id='word_1_289' title='bbox 281 2958 341 2993; x_wconf 89' lang='lat' dir='ltr'><em>Ps.</em></span> <span class='ocrx_word' id='word_1_290' title='bbox 359 2957 424 2994; x_wconf 84' lang='lat' dir='ltr'><em>Ivo</em></span> <span class='ocrx_word' id='word_1_291' title='bbox 441 2957 513 2993; x_wconf 92' lang='lat' dir='ltr'><em>XII</em></span> <span class='ocrx_word' id='word_1_292' title='bbox 531 2958 587 3003; x_wconf 81' lang='lat'><em>78,</em></span> <span class='ocrx_word' id='word_1_293' title='bbox 612 2956 776 2993; x_wconf 86' lang='lat' dir='ltr'><em>Gratiani</em></span> <span class='ocrx_word' id='word_1_294' title='bbox 802 2956 899 2992; x_wconf 87' lang='lat' dir='ltr'><em>decr.</em></span> <span class='ocrx_word' id='word_1_295' title='bbox 925 2956 965 2992; x_wconf 90' lang='lat' dir='ltr'><em>P.</em></span> <span class='ocrx_word' id='word_1_296' title='bbox 984 2956 1019 2992; x_wconf 94' lang='lat' dir='ltr'><em>II</em></span> <span class='ocrx_word' id='word_1_297' title='bbox 1044 2955 1084 2992; x_wconf 86' lang='lat' dir='ltr'><em>C.</em></span> <span class='ocrx_word' id='word_1_298' title='bbox 1103 2955 1213 2992; x_wconf 88' lang='lat' dir='ltr'>XXII</span> <span class='ocrx_word' id='word_1_299' title='bbox 1237 2965 1272 3003; x_wconf 90' lang='lat' dir='ltr'><em>q.</em></span> <span class='ocrx_word' id='word_1_300' title='bbox 1291 2956 1313 2992; x_wconf 86' lang='lat'>5</span> <span class='ocrx_word' id='word_1_301' title='bbox 1339 2966 1370 2992; x_wconf 88' lang='lat' dir='ltr'><em>c.</em></span> <span class='ocrx_word' id='word_1_302' title='bbox 1390 2956 1448 2992; x_wconf 81' lang='lat'><em>19.</em></span> 
     </span>
     <span class='ocr_line' id='line_1_37' title="bbox 1335 3020 1414 3057; baseline 0 0"><span class='ocrx_word' id='word_1_303' title='bbox 1335 3020 1414 3057; x_wconf 60' lang='lat'><em>10*</em></span> 
     </span>
    </p>
   </div>
  </div>
 </body>
</html>
