2028 3438
425 251 512 294 730
792 263 1032 294 Hunssonm
1060 264 1300 295 DIALOGth.
1348 265 1434 295 Lm.
1457 265 1474 294 1
1504 262 1562 297 34.
1579 263 1624 296 35

424 372 514 412 tum
546 383 699 412 meum.
747 368 834 412 Illis
866 369 1010 413 diebus
1043 370 1103 413 sic
1133 369 1304 413 affectus
1337 383 1465 425 eram,
1496 374 1544 414 ut
1573 360 1650 414 hoc
1678 370 1790 415 idem
1819 370 1976 416 factum

425 445 697 489 deliramento
720 459 1005 503 conpararem.
1041 446 1123 490 Sed
1143 460 1227 489 non
1248 446 1360 490 solus
1383 460 1458 502 ego
1480 447 1531 491 de
1551 447 1629 491 hoc
1649 447 1974 499 murmurabam.

422 522 556 565 Erant
585 522 834 579 complures,
866 524 1046 566 maiores
1079 537 1144 566 me
1178 536 1226 566 ac
1256 523 1502 579 nobiliores,
1533 523 1636 567 talia
1666 523 1776 568 dona
1805 523 1859 569 de
1887 537 1976 567 ma-

423 599 545 641 nibus
575 599 688 642 illius
721 600 908 656 accipere
938 600 1141 655 consueti,
1175 600 1260 654 qui,
1292 614 1366 657 spe
1396 600 1518 644 huius
1549 600 1696 656 delusi,
1727 601 1799 644 vix
1829 600 1976 647 abtin·

423 675 533 719 iuria
560 676 748 731 linguas⁸
781 680 972 730 tenuere3
1016 677 1195 732 aientes,
1237 691 1321 719 non
1360 690 1464 733 opus
1504 691 1595 721 esse
1633 677 1861 732 megalinis.
1890 678 1977 733 tegi

423 752 601 808 pellibus
632 753 818 810 leprosos
841 756 883 796 et
902 753 1156 810 paraliticos,
1190 753 1338 809 quibus
1367 754 1511 809 utique
1533 754 1673 798 ovium
1693 757 1768 798 aut
1785 754 1975 812 leporum

424 830 672 873 vestimenta
694 829 881 873 sufficere
904 830 1149 886 potuissent.
1199 830 1279 874 Sed
1301 843 1413 873 nunc
1434 831 1534 886 scio,
1556 831 1821 888 prudentiam
1841 831 1976 876 saneti

423 906 502 949 viri
534 907 690 963 duplici
722 907 798 950 hoc
829 907 991 950 ratione
1021 907 1189 960 fecisse;
1231 907 1409 951 scilicet:
1451 911 1497 951 ut
1536 907 1774 965 exemplum
1813 908 1975 953 miseri-

424 983 563 1026 cordie
593 984 637 1026 in
670 997 873 1040 pauperes
905 983 1107 1026 memoria
1147 984 1315 1038 dignum
1356 985 1534 1040 posteris
1573 984 1811 1036 ostenderet
1838 987 1882 1030 et
1910 985 1975 1029 in-

423 1061 729 1116 presentiarum
751 1064 963 1103 curatores
995 1061 1126 1115 egroti
1148 1061 1199 1104 de
1220 1061 1359 1117 precio
1380 1062 1508 1105 vestis
1528 1061 1679 1106 solatia
1698 1062 1972 1119 perciperent.

542 1138 737 1181 Tiemo:
778 1138 902 1182 Recte
934 1138 1232 1195 interpretatus
1264 1152 1307 1181 es
1338 1152 1440 1182 rem.
1564 1138 1647 1182 Sed
1676 1139 1869 1182 novimus
1899 1139 1975 1183 ali-

423 1227 525 1269 quos
557 1215 861 1271 episcoporum,
895 1215 1003 1270 quib,
1035 1216 1071 1258 si
1102 1216 1207 1259 hanc
1228 1218 1386 1259 vestem
1418 1216 1583 1272 corpori
1610 1216 1784 1273 proprio
1811 1216 1975 1260 subtra-

422 1291 581 1346 herent,
613 1290 828 1346 sanguini¹
858 1292 1036 1336 fortasse
1066 1306 1148 1335 non
1181 1295 1392 1347 negarent.
1446 1292 1545 1348 Qui,
1564 1297 1740 1345 ,terrene
1765 1293 1974 1351 sapientie

422 1368 574 1423 dediti,
606 1369 711 1413 tales
743 1367 957 1425 sumptus²
988 1370 1225 1413 fatuitatem
1257 1373 1425 1423 vocant3
1460 1370 1552 1426 qui,
1586 1361 1656 1413 cor
1686 1370 1898 1414 trahentes
1928 1370 1974 1413 in

421 1448 547 1500 terra,
579 1446 722 1500 lingua
754 1446 886 1489 celum
919 1446 1108 1502 pulsant3
1143 1447 1212 1502 qui
1236 1450 1446 1490 terrenum
1469 1447 1624 1490 habent
1641 1447 1972 1503 fundamentum,

421 1535 510 1565 rem
543 1536 659 1565 suam
693 1523 884 1566 humanis
916 1524 1111 1580 presidiis
1143 1524 1361 1567 tutandam
1388 1527 1550 1580 putant,
1583 1524 1714 1568 moles
1734 1525 1911 1579 turrium
1932 1528 1974 1569 et

420 1600 598 1643 inertem
629 1613 809 1643 massam
844 1614 1057 1643 murorum
1088 1601 1230 1643 multis
1259 1601 1493 1657 sumptibus
1513 1605 1819 1657 coacervantes,
1850 1602 1973 1659 spiri-

421 1676 552 1719 tualia
573 1677 833 1720 munimenta
853 1677 969 1720 flocci
992 1678 1190 1734 pendunt.
1288 1678 1441 1721 Verum
1464 1678 1606 1721 Ottoni
1628 1678 1868 1722 beatissimo
1888 1692 1973 1722 non

423 1767 471 1797 ea
491 1767 608 1797 mens
631 1758 732 1797 erat.
767 1754 942 1798 Omnem
964 1754 1155 1798 fiduciam
1180 1768 1296 1798 suam
1318 1755 1361 1797 in
1383 1755 1614 1799 divinitatis
1637 1769 1715 1811 ope
1730 1755 1970 1799 collocabat.

422 1830 570 1874 Castra
591 1831 757 1887 quidem
780 1835 821 1875 et
843 1831 964 1875 urbes
987 1831 1039 1874 ad
1059 1835 1247 1875 terrenos
1271 1845 1371 1874 usus
1393 1832 1639 1888 quandoque
1660 1832 1867 1889 patrabat,
1899 1833 1973 1876 sed

420 1907 542 1962 longe
574 1909 706 1951 maior
738 1908 1003 1952 ecclesiarum
1027 1909 1091 1952 vel
1122 1909 1471 1952 monasteriorum
1499 1909 1537 1952 ei
1568 1923 1667 1953 cura
1687 1909 1779 1953 fuit.
1885 1909 1972 1961 Que

421 1999 487 2028 res
520 1986 598 2029 etsi
631 1986 876 2041 probatione
915 1999 997 2028 non
1029 1989 1167 2040 egeat,
1207 1999 1254 2029 eo
1294 1986 1404 2041 quod
1441 1986 1663 2030 manifesta
1699 1987 1776 2042 sit,
1815 1990 1970 2042 tamen,

423 2062 520 2118 quia
540 2062 584 2104 in
606 2066 787 2106 mentem
809 2063 935 2117 venit,
957 2077 1044 2106 rem
1067 2076 1240 2119 parvam
1263 2063 1368 2117 dic0,
1402 2063 1510 2106 unde
1531 2063 1667 2107 cordis
1688 2064 1777 2107 eius
1798 2063 1971 2107 directio

423 2139 546 2182 altius
577 2139 755 2194 intelligi
787 2140 931 2196 possit.

200 2226 400 2261 1123-1139
540 2217 609 2259 35.
658 2216 792 2259 Faber
815 2216 981 2271 quidam
1004 2216 1298 2272 peritissimus,
1330 2216 1381 2259 de
1412 2219 1500 2260 arte
1521 2230 1597 2260 sua
1627 2217 1821 2273 episcopo
1851 2217 1970 2260 inno-

420 2297 578 2337 tescere
609 2294 801 2350 cupiens,
835 2293 1013 2336 telorum
1046 2307 1093 2336 ac
1124 2293 1278 2335 diversi
1308 2293 1470 2347 generis
1501 2294 1747 2348 sagittarum
1784 2293 1835 2336 ad
1865 2306 1970 2349 opus

420 2370 614 2413 bellicum
645 2370 892 2413 mirabiliter
923 2373 1257 2426 preparatarum,
1296 2372 1481 2425 sportam
1513 2370 1679 2426 plenam
1711 2370 1968 2427 apportavit3

422 2450 468 2489 ut
504 2448 548 2490 in
587 2447 758 2490 urbibus
799 2451 840 2490 et
878 2446 1202 2503 propugnaculis
1242 2446 1427 2502 episcopi
1464 2447 1614 2490 futuris
1652 2446 1968 2506 necessitatibus

421 2525 579 2567 servari
610 2524 860 2567 debuissent.
959 2523 1193 2579 Episcopus
1214 2536 1312 2566 vero
1333 2523 1489 2577 gratias
1517 2523 1686 2578 quidem
1707 2524 1792 2579 egit
1810 2523 1969 2566 homini

420 2614 496 2656 pro
527 2615 712 2655 munere,
746 2601 912 2654 dignam
943 2601 1174 2643 mercedem
1206 2600 1316 2643 illico
1347 2601 1599 2657 rependens;
1624 2601 1712 2656 sed·
1725 2613 1852 2643 manu
1872 2613 1968 2656 pro-

421 2677 513 2732 pria
543 2691 671 2720 unam
701 2678 858 2732 levans,
891 2690 970 2732 que
1002 2677 1157 2732 triplici
1189 2677 1276 2720 acie
1304 2691 1352 2720 ac
1372 2677 1497 2731 longo
1517 2677 1707 2721 acumine
1728 2677 1820 2720 visu
1841 2677 1966 2721 etiam

422 2753 619 2796 terribilis
653 2757 761 2797 erat:
805 2754 945 2807 Quare
975 2754 1111 2808 inquit
1140 2757 1265 2797 istam
1301 2763 1386 2797 tam
1423 2746 1608 2810 myram,
1649 2759 1734 2797 tam
1763 2754 1965 2806 subtilem,

518 2880 543 2899 a.
576 2870 699 2908 lingwas
721 2872 760 2900 N.
972 2871 1000 2900 b.
1034 2871 1085 2909 qui
1106 2870 1223 2900 addidi.

518 2934 548 2968 1.
574 2934 597 2968 i.
616 2943 647 2968 e.
676 2933 783 2978 „viris
809 2933 1046 2978 sanguinum“
1074 2932 1139 2977 (cf.
1164 2934 1223 2968 Ps
1242 2934 1298 2979 25,
1325 2935 1386 2980 9);
1418 2920 1602 3006 militibus.
1644 2910 1699 2970 Ct'.
1726 2943 1769 2969 ea
1793 2943 1886 2979 quae
1911 2942 1966 2968 se-

421 2994 588 3037 quuntur.
803 2992 835 3026 2.
862 2991 1080 3036 pauperibus
1104 2991 1231 3028 factos,
1787 3007 1790 3012 ·
