2028 3438
388 235 471 278 128
911 247 1131 280 UDALRIOE
1162 247 1330 280 connx.
1378 246 1420 279 61

220 364 312 399 1080
384 353 572 407 signatus
603 353 824 409 episcopus
855 353 1122 397 Treverensis
1153 354 1351 397 ecclesiae
1382 353 1689 397 devotissimas
1701 353 1748 397 in
1767 352 1941 438 obsisto

170 413 365 443 hamme
386 429 1875 475 orationes...

405 558 408 559 ⁷
502 505 629 548 Ferre
661 506 909 550 sententiam
941 509 1088 550 contra
1118 506 1406 564 apostolieum,
1436 520 1521 550 non
1551 509 1616 550 est
1643 509 1782 557 tutum
1809 506 1940 550 immo

384 582 600 636 insanum;
640 586 681 626 et
711 583 879 626 omnino
911 583 1139 638 nefarium,
1177 583 1336 639 aliquid
1367 583 1518 626 audere
1548 584 1594 626 in
1622 582 1878 639 illum,=qui>
1897 583 1942 628 in

384 659 474 702 viee
505 659 639 702 sancti
669 658 785 702 Petri
814 659 1002 714 fungitur
1032 660 1240 715 legatione
1274 660 1407 717 ipsius
1439 659 1609 703 Christi.
1659 659 1758 705 Isti*
1787 662 1940 714 autam,

386 736 458 790 qui
495 735 651 779 invasit
690 735 832 779 sedem
873 736 1166 792 apostolicam,
1207 737 1279 792 qui
1316 737 1505 780 inaudita
1542 736 1720 780 elatione
1757 735 1940 791 effertur,

385 812 456 867 qui
475 812 662 869 profanis
683 812 939 856 novitatibus
962 813 1114 869 studet,
1147 813 1285 870 amplo
1307 814 1475 857 nomine
1497 813 1725 858 delectatur
1742 836 1802 869 -q
1818 826 1942 869 quem

384 902 518 945 neque
550 889 822 932 christianum
849 890 1070 946 appellem,
1103 889 1202 946 quia
1220 904 1305 934 non
1326 890 1453 934 habet
1472 890 1651 934 Christib
1674 893 1940 945 caracterem,

384 965 430 1008 id
470 969 534 1008 est
570 979 717 1022 pacem
758 970 799 1009 et
830 967 1069 1022 caritatem,
1109 981 1233 1022 quam
1266 966 1456 1011 Christus
1496 968 1582 1011 suis
1621 967 1824 1012 militibus
1861 967 1942 1012 im·‚-

384 1042 553 1098 pressit,
586 1056 669 1098 qua
689 1042 880 1086 Christus
902 1057 998 1086 suos
1018 1044 1181 1087 notavit
1196 1068 1250 1074 —
1269 1058 1354 1087 non
1375 1057 1591 1088 occurrere
1611 1044 1746 1099 huicg
1774 1057 1863 1088 non·
1875 1043 1942 1088 in-

385 1132 555 1174 surgere
586 1122 731 1162 contra
760 1119 906 1175 huncd,
938 1134 1137 1175 magnum
1169 1125 1338 1165 sanctae
1367 1122 1515 1165 matris
1547 1121 1747 1166 ecclesiae
1776 1124 1942 1177 est—pe-

384 1195 562 1238 riculum
594 1199 636 1239 et
664 1196 788 1253 plane
819 1199 965 1240 contra
994 1196 1793 1241 Deum..

504 1271 605 1323 Quis
644 1274 754 1316 enim
786 1273 939 1328 nescit,
981 1288 1032 1317 ex
1073 1274 1151 1317 hoc
1190 1275 1309 1330 quasi
1346 1275 1461 1319 fonte
1498 1275 1632 1318 omnis
1670 1240 1941 1318 dissensionis

386 1351 427 1392 et
464 1349 602 1406 capite
640 1351 775 1394 omnis
816 1351 1046 1406 scismatis,
1087 1350 1255 1394 exclusa
1294 1358 1416 1408 pace⁰
1455 1351 1647 1407 ecclesie,
1688 1351 1941 1395 discordiam

384 1426 511 1469 totius
542 1426 688 1469 mundi
720 1427 967 1471 emersisse?
1015 1427 1116 1478 Quis
1146 1428 1316 1484 inquam
1348 1442 1432 1472 non
1452 1428 1566 1472 videt
1585 1442 1662 1486 per
1689 1428 1799 1472 hunc
1821 1428 1942 1484 quasi

385 1503 628 1557 signiferum
666 1506 830 1546 tantum
862 1504 1108 1558 sanguinem
1146 1505 1292 1548 mundi
1328 1505 1548 1549 effusum‘?
1597 1505 1662 1549 De
1699 1505 1843 1549 multis
1872 1519 1941 1549 ra·

384 1579 590 1635 tionibus,
639 1579 710 1635 qui
747 1593 831 1622 non
871 1581 1058 1635 sequitur
1100 1581 1334 1637 Christum,
1379 1596 1540 1638 nequeo
1586 1596 1684 1627 vere
1729 1581 1942 1639 appellare

385 1655 679 1710 christianum3
720 1657 780 1699 ita
820 1660 931 1700 certe
961 1670 1038 1701 nee
1078 1671 1253 1714 papam,
1287 1673 1409 1714 quem
1440 1660 1560 1702 video
1597 1659 1751 1703 totiens
1782 1662 1825 1703 et
1853 1663 1940 1703 tam

385 1733 653 1776 manifestum
691 1733 957 1781 homicidam.
1078 1734 1145 1777 En
1184 1735 1315 1779 bonus
1362 1739 1404 1779 et
1441 1739 1609 1779 sanctus
1649 1749 1782 1793 papa,
1822 1737 1939 1780 cuius

384 1809 591 1865 consiliis,
630 1810 746 1853 cuius
786 1810 988 1853 instinctu
1027 1814 1068 1853 et
1104 1811 1230 1855 ductu
1271 1813 1460 1856 membra
1489 1812 1646 1856 Christi
1684 1816 1748 1856 tot
1781 1816 1823 1856 et
1851 1816 1939 1856 tam

383 1886 560 1942 perditis
589 1886 724 1929 modis
757 1890 854 1930 sunt
883 1887 1121 1931 dilacerata.
1175 1888 1242 1931 En
1279 1888 1412 1932 bonus
1442 1893 1606 1946 pastor,
1646 1890 1717 1945 qui
1746 1890 1815 1933 inss
1844 1889 1939 1934 illos

383 1966 502 2006 tanta
532 1963 777 2006 crudelitate
808 1967 1022 2018 grassatur
1032 1964 1062 2019 ¹¹,
1094 1978 1170 2021 pro
1192 1965 1341 2021 quibus
1365 1965 1553 2009 Christus
1577 1966 1623 2009 in
1643 1979 1763 2010 cruce
1782 1980 1940 2024 pepen-

385 2039 459 2095 dit,
491 2053 593 2095 quos
623 2040 731 2096 ipsei
762 2041 932 2096 proprio
964 2041 1166 2096 sanguine
1196 2042 1385 2085 redemit.
1431 2043 1499 2086 En
1528 2057 1650 2086 verus
1680 2044 1868 2100 pontifex
1898 2046 1940 2087 et

383 2116 544 2158 iustusk
575 2116 789 2171 sacerdos,
826 2118 918 2172 qui,
951 2117 1073 2160 sicut¹
1104 2118 1287 2174 dubitat,
1321 2119 1357 2162 si
1386 2119 1511 2174 illud,
1545 2120 1655 2175 quod
1686 2121 1864 2164 sumitur
1893 2120 1939 2164 in

385 2193 594 2236 dominica
623 2207 782 2248 mensa,
813 2194 870 2236 sit
899 2207 1043 2237 verum
1074 2207 1225 2251 eorpus
1257 2199 1299 2238 et
1328 2196 1498 2251 sanguis
1516 2196 1698 2252 Christi,
1730 2197 1824 2240 itam
1853 2210 1939 2241 non

385 2269 668 2324 penitentibus
707 2269 833 2312 etiam
864 2283 933 2325 ea,
973 2283 1051 2326 que
1088 2271 1196 2314 iuste
1235 2272 1370 2315 fracta
1407 2276 1524 2328 sunt,
1565 2273 1772 2316 condonat
1801 2287 1938 2317 sacra-

384 2348 538 2388 menta.
658 2345 797 2388 Nichil
834 2350 944 2389 certe
981 2347 1042 2390 ita
1072 2352 1135 2391 est
1163 2349 1341 2404 impium
1381 2353 1423 2392 et
1452 2349 1678 2404 nefarium,
1720 2349 1849 2393 nichil
1877 2350 1939 2393 ita

386 2424 450 2464 est
479 2421 723 2465 detestabile
754 2426 796 2465 et
826 2424 1092 2479 exsecrabile,
1126 2424 1236 2480 quod
1265 2425 1356 2480 ipse
1378 2429 1507 2480 curet,
1539 2426 1637 2469 dum
1660 2422 1763 2469 alios
1793 2429 1937 2470 contra

384 2510 525 2551 regem
564 2503 718 2553 armet,
751 2499 849 2542 dum
882 2499 985 2543 alios
1016 2500 1070 2543 ad
1099 2500 1276 2556 bellum,
1315 2501 1426 2557 quod
1455 2502 1548 2558 ipse
1579 2502 1771 2546 omnibus
1801 2503 1937 2546 inten-

386 2573 461 2629 dit,
492 2574 657 2617 excitet.

502 2649 615 2693 Inter
646 2651 720 2693 has
751 2652 1002 2709 multiplices
1034 2653 1292 2697 calamitates
1324 2658 1365 2697 et
1394 2654 1605 2709 miserias,
1646 2668 1748 2710 quas
1777 2656 1936 2712 patitur

386 2729 428 2769 et
456 2727 723 2792 conqueritur
746 2719 899 2772 'sancta
928 2729 1115 2785 ecclesia,
1146 2730 1250 2773 mihi
1281 2743 1443 2785 quoque
1462 2729 1582 2773 illata
1611 2734 1675 2774 est
1696 2732 1747 2775 ab
1779 2746 1827 2775 eo
1848 2737 1935 2776 tam

478 2823 504 2843 a.
535 2814 596 2844 Iste
618 2814 703 2845 codd.
816 2816 846 2846 b.
878 2826 934 2847 om.
953 2816 987 2847 G.
1104 2827 1130 2848 c.
1163 2819 1266 2848 contra
1285 2817 1365 2847 hunc
1382 2816 1479 2853 VZG',
1508 2817 1579 2848 huic
1605 2817 1666 2849 CB.
1770 2820 1800 2850 d.
1832 2821 1936 2851 contra

384 2865 465 2896 hunc
485 2876 541 2896 om.
560 2866 595 2896 G.
709 2877 735 2897 e.
767 2869 835 2906 paci
856 2869 890 2899 G.
1014 2870 1034 2899 f.
1068 2872 1114 2900 est
1135 2870 1206 2900 add.
1225 2870 1259 2900 G.
1371 2879 1398 2907 g.
1431 2879 1486 2900 om.
1506 2870 1540 2900 G.
1665 2871 1695 2901 h.
1728 2875 1879 2903 crassatur
1899 2872 1934 2903 G.

384 2918 406 2948 i.
437 2919 504 2957 ipso
526 2919 560 2949 G.
683 2920 714 2950 k.
745 2930 833 2951 verus
857 2921 972 2952 VZCB.
1095 2922 1116 2952 l.
1152 2923 1230 2952 sicut
1253 2932 1309 2953 om.
1328 2922 1441 2954 VZC‘B.
1566 2933 1604 2954 m.
1637 2925 1679 2954 ita
1701 2940 1730 2945 -
1749 2928 1935 2955 sacramenta

384 2980 441 3000 om.
459 2970 574 3002 VZCB.
