2028 3438
412 265 498 308 800
781 277 1019 308 nunsonm
1048 276 1288 308 DIALOGus.
1337 277 1424 307 Lm.
1447 277 1499 307 111
1528 274 1561 308 s.
1578 275 1600 308 9

295 394 384 431 1127
410 385 531 426 votus
563 382 703 439 presul
735 383 986 438 accingitur3
1019 383 1132 426 omni
1164 382 1301 426 studio
1334 396 1382 426 ac
1413 382 1631 437 diligentia
1659 381 1869 439 ipsisesto
1883 380 1961 424 de-

410 473 547 503 corem
581 463 623 504 et
651 460 927 503 reverentiam
958 474 1202 517 procurans,
1239 463 1442 515 quatenus
1474 460 1524 503 de
1556 459 1785 503 amissione
1808 457 1960 516 'prioris

409 537 496 580 fani
518 536 583 580 vel
614 537 865 581 celebritatis
899 538 1070 581 minime
1094 537 1295 592 dolerent,
1328 536 1512 581 melioris
1534 534 1960 593 sollempnitatis-ffl-

410 614 538 670 pudio
570 617 612 658 et
642 613 826 657 melioris
857 614 1014 658 fabrice
1046 617 1290 657 ornamento
1322 613 1536 657 consolati.

529 693 568 733 9.
618 690 731 734 Inter
767 691 974 745 agendum
1005 705 1126 745 vero,
1159 691 1259 746 quid
1289 691 1382 747 ipsa
1413 690 1618 734 dedicatio
1649 688 1716 733 vel
1746 687 1847 745 quid
1876 687 1961 732 sin-

410 767 508 822 gula
538 781 666 824 opera
696 768 970 811 dedicationis
997 767 1231 822 significare
1251 768 1466 822 haberent,
1496 767 1591 810 rudi
1611 765 1766 823 populo
1786 765 1961 809 antistes

411 846 616 902 exposuit.
678 844 880 902 Precipue
921 858 1018 888 vero
1058 844 1280 899 Mizlaum‚
1325 845 1457 901 ipsius
1496 844 1675 888 civitatis
1714 842 1960 900 principem,

411 936 531 978 quem
580 922 743 978 pridem
790 922 834 964 in
880 922 1148 978 penthecoste
1188 921 1414 965 cumraliis
1454 920 1704 978 primatibus
1743 919 1961 963 Uznoimie

410 999 719 1055 baptizaverat,
758 1002 804 1042 ut
840 999 884 1041 in
923 1013 971 1042 eo
1012 1002 1170 1043 ceteros
1210 999 1414 1054 erudiret,
1455 999 1506 1042 de
1542 997 1733 1041 omnibus
1764 996 1829 1040 his
1859 995 1961 1040 allo-

411 1074 593 1132 quitur¹3
633 1068 940 1119 sacramentum
980 1076 1252 1119 dedicationis
1294 1074 1346 1118 ad
1384 1074 1567 1118 animam
1598 1075 1810 1131 cuiusque·
1827 1072 1961 1117 fidelis

409 1154 640 1210 pertinere,
680 1153 902 1197 sufficienti
934 1167 1125 1197 sermone
1156 1154 1466 1206 demonstrans,
1505 1165 1584 1207 que
1614 1152 1746 1195 sancti
1779 1149 1961 1208 Spiritus

409 1228 635 1287 templum²
669 1230 846 1273 efficitur
877 1229 942 1274 vel
975 1230 1021 1273 in
1052 1216 1168 1273 cuius
1200 1230 1323 1273 corde
1354 1229 1544 1273 Christus
1583 1243 1658 1285 per
1687 1228 1813 1272 fidem
1842 1227 1962 1271 inha-

410 1305 551 1351 bitat³.
607 1307 717 1351 Dein
756 1315 1013 1351 sermonem¹⁸
1046 1307 1099 1350 ad
1127 1307 1274 1364 ipsum
1311 1307 1544 1363 principem
1584 1319 1636 1350 ex
1671 1308 1759 1350 toto
1790 1318 1962 1350 conver-

410 1388 522 1428 tens:
569 1385 635 1427 Tu
674 1400 713 1427 es
752 1384 888 1439 inquit
916 1386 989 1439 fili
1027 1386 1265 1438 karissime,
1305 1400 1404 1427 vera
1441 1383 1587 1427 domus
1618 1384 1716 1427 Dei.
1773 1382 1839 1426 Tu
1872 1384 1963 1440 ipse

410 1463 531 1506 hodie
568 1463 772 1505 dicandus
812 1471 848 1504 et
885 1463 1141 1505 dedicandus
1172 1477 1212 1504 es
1245 1463 1516 1518 omnipotenti
1543 1462 1637 1504 Deo
1667 1461 1847 1504 creatori
1875 1469 1959 1512 tuo,

409 1549 468 1592 ut,
501 1542 659 1582 emunis
690 1540 742 1581 ab
765 1541 879 1581 omni
908 1539 1044 1581 alieno
1073 1554 1322 1595 possessore,
1354 1541 1489 1596 ipsius
1514 1547 1674 1582 tantum
1693 1539 1855 1580 mansio
1875 1537 1961 1591 flas

411 1626 533 1673 atque
558 1618 780 1673 possessio.
828 1616 928 1658 Non
960 1631 1056 1672 erqo
1087 1617 1292 1672 impedias
1314 1617 1613 1659 dedicationem
1635 1623 1762 1668 tuam,
1785 1614 1859 1669 fili
1886 1614 1961 1656 ka-

408 1696 583 1736 rissime.
635 1693 782 1735 Nicltil
811 1694 919 1734 enim
948 1694 1137 1748 prodest,
1169 1695 1295 1735 istam
1326 1708 1452 1749 quam
1484 1695 1616 1735 cernis
1645 1693 1815 1734 domum
1842 1691 1962 1746 foris

410 1772 611 1823 dedicari,
644 1771 731 1812 nisi
760 1772 882 1812 etiam
913 1771 1119 1813 dedicatio
1151 1771 1246 1826 ipsa
1276 1771 1335 1811 ad
1358 1771 1495 1812 cordis
1516 1771 1580 1812 tui
1598 1768 1962 1823 sanctificationem

409 1848 615 1904 proficiat.
677 1846 750 1889 Ille
782 1859 879 1889 vero
918 1846 1207 1889 exhortatione
1238 1849 1508 1902 compunctus
1541 1845 1619 1889 ait:
1658 1846 1716 1889 Et
1747 1847 1851 1903 quid
1887 1853 1959 1898 est,

409 1933 530 1981 pater
560 1933 712 1976 sancte,
747 1925 861 1980 quod
889 1939 953 1966 me
980 1924 1093 1966 iubes
1111 1924 1274 1979 facere,
1308 1933 1353 1966 ut
1373 1925 1579 1967 dedicatio
1600 1925 1682 1966 ista
1701 1924 1748 1965 in
1767 1937 1832 1966 me
1850 1937 1960 1965 com-

410 2002 602 2058 pleatur?
646 2000 880 2056 Episcopus
913 2003 1065 2055 autem,
1097 1999 1333 2055 intelligens
1362 2000 1506 2044 adesse
1529 1999 1733 2056 Spiritum
1752 2001 1959 2043 sanctum:

411 2078 481 2121 Ea:
505 2087 630 2135 parte
659 2077 796 2132 inquit
814 2079 899 2132 fili,
933 2079 1078 2120 domus
1100 2078 1187 2121 Dei
1217 2093 1300 2120 esse
1330 2080 1476 2135 cepisti
1483 2094 1496 2127 ,-
1515 2078 1611 2132 fac,
1644 2086 1691 2120 ut
1717 2091 1766 2119 ea:
1785 2084 1868 2119 toto
1888 2077 1959 2119 sis.

412 2156 508 2198 Iam
538 2157 647 2198 enim
675 2155 931 2211 ydolatriam
952 2156 1041 2209 fide
1073 2157 1344 2207 commutasti,
1382 2155 1581 2211 baptismi
1606 2155 1791 2211 qratiam
1820 2167 1960 2196 conse-

412 2241 550 2282 cutus,·
591 2248 701 2274 nunc
739 2234 945 2287 sequitur,
994 2241 1040 2274 ut
1075 2232 1206 2286 fidem
1249 2232 1441 2288 operibus
1482 2246 1665 2274 exornes.
1726 2230 1961 2286 Impietates

412 2310 628 2352 violentias
657 2317 694 2351 et
721 2309 994 2361 crudelitates,
1030 2310 1314 2364 oppressiones
1335 2310 1511 2364 rapinas
1532 2309 1758 2350 homicidia
1778 2315 1814 2350 et
1827 2307 1960 2362 frau-

412 2388 482 2428 des
508 2388 676 2443 penitus
708 2387 843 2427 devita
852 2401 866 2435 ,·
896 2394 1116 2441 postremo,
1152 2387 1354 2441 quicquid
1381 2385 1460 2427 tibi
1476 2385 1578 2439 fieri
1597 2385 1648 2426 ab
1671 2384 1756 2426 alio
1776 2398 1861 2426 non
1881 2385 1958 2435 vis,

413 2464 493 2505 alii
521 2478 572 2506 ne
590 2463 760 2518 feceris.
810 2461 1092 2518 Captivitates‚
1127 2477 1231 2518 quas
1260 2463 1396 2514 habes,
1430 2462 1593 2504 absolve
1622 2475 1781 2511 omnes‚·
1812 2461 1988 2524 quodsi!

412 2555 495 2582 non
528 2554 687 2591 omnes,
729 2539 792 2581 vel
829 2547 951 2591 certe,
995 2541 1070 2594 qui
1106 2539 1325 2581 christiani
1357 2547 1472 2591 sunt,
1513 2546 1580 2580 tue
1605 2538 1714 2592 fidei
1741 2545 1958 2580 consortes.

414 2616 519 2658 Tum
550 2615 620 2658 ille
651 2629 798 2671 parum
831 2615 1036 2658 hesitans:
1076 2616 1245 2658 Durum
1275 2614 1411 2670 inquit
1440 2615 1568 2656 michi
1596 2623 1674 2667 est,
1708 2623 1855 2671 pater,
1894 2614 1959 2655 di—

413 2695 570 2735 mittere
602 2707 762 2742 omnes,·
794 2694 895 2748 quia
927 2695 1090 2748 maynis
1121 2692 1354 2735 rationibus
1385 2706 1434 2734 ac
1465 2692 1610 2733 debitis
1639 2692 1812 2747 quidam
1833 2705 1882 2732 ea:
1903 2691 1960 2732 eis

412 2770 541 2811 michi
569 2771 811 2811 detinentur.
861 2768 977 2810 Tunc
1008 2768 1246 2824 episcopus:
1279 2769 1435 2810 Debita
1463 2767 1600 2822 inquit
1621 2782 1704 2823 pro
1727 2768 1872 2809 debitis
1893 2767 1959 2808 di-

413 2848 523 2888 mitti
558 2855 595 2888 et
629 2860 760 2887 sermo
793 2845 1053 2901 euanyelicus
1086 2854 1123 2888 et
1152 2846 1362 2888 dominica
1391 2845 1536 2886 suadet
1566 2846 1724 2894 orati03
1762 2845 1822 2886 sic
1853 2844 1960 2885 enim

511 2954 537 2974 a.
571 2953 706 2974 sermone
729 2945 769 2980 N,
793 2953 959 2974 sermonem
982 2945 1053 2974 BR.

509 3008 540 3042 1.
567 3005 621 3042 Cf.
642 3005 861 3042 Eb011112.
1005 3008 1037 3042 2.
1064 3005 1117 3042 ef.
1140 3008 1156 3042 1
1176 3006 1256 3043 Gor.
1276 3007 1308 3051 6,
1329 3006 1382 3041 19.
1525 3006 1559 3040 3.
1585 3004 1638 3041 ef.
1659 3006 1680 3040 2
1698 3005 1830 3049 cons,
1850 3004 1903 3039 16.
