2028 3438
549 235 770 270 unaarum
799 236 972 270 oonnx.
1019 234 1186 270 1>01'.1102
1570 225 1655 268 189

77 341 420 399 unt-:fidolium
450 344 596 402 precia
625 347 918 402 peccatorum,
940 345 1147 402 'respectu
1177 343 1311 388 divini
1341 343 1507 387 timoris
1538 346 1655 400 post·
1678 353 1883 390 1075·1102

72 420 241 479 positu,
264 420 385 478 quasi
414 420 670 466 hereditario
699 422 792 467 iure
823 422 878 466 ad
908 436 954 467 se
983 421 1250 477 transmissa,
1286 421 1373 466 suis
1404 420 1550 464 usibus
1581 421 1656 464 ad-

79 497 244 554 dicunt3
291 503 336 544 et
370 512 471 555 noa,
509 499 660 557 quibus
691 500 958 545 oblationum
999 500 1226 544 earundem
1267 499 1430 543 credita
1466 498 1655 542 noscitur

72 575 361 634 dispensatio,
401 577 469 622 vel
506 577 627 622 miris
665 577 845 622 irrident
882 578 1019 622 modis
1058 577 1128 622 vel
1157 578 1203 621 in
1234 576 1403 621 vincula
1441 576 1656 620 coniciunt

79 653 168 711 vel,
207 657 413 712 quantum
450 655 496 699 in
532 655 639 714 ipsis
680 659 764 712 est,
805 659 940 700 morte
978 655 1159 699 multare
1190 668 1276 698 non
1314 654 1654 711 perhorrescunt.

78 731 148 776 En
185 745 283 789 ego,
319 719 523 777 minimus
563 734 881 791 episcoporum,
920 737 1061 778 vester
1097 736 1240 777 tamen
1279 731 1581 788 qualiscunque
1612 732 1657 775 in

79 809 205 854 domo
242 808 416 854 Domini
454 814 722 868 cooperator,
771 812 923 869 quibus
971 815 1014 856 et
1058 811 1226 868 quantis
1274 809 1585 855 calamitatibus
1631 823 1657 852 a

72 885 234 932 comite
257 887 314 932 N.
338 887 517 943 afficior3
559 889 632 945 qui
663 902 786 945 agros
818 890 1018 934 ecclesiae
1049 903 1170 934 meae
1201 893 1419 945 tamquam
1451 901 1548 931 suos
1580 901 1657 944 per

74 954 309 1010 ³tricnnium
347 969 443 1010 aut·
480 979 529 1010 eo
567 966 750 1024 amplius
787 968 1058 1025 praedatoria
1103 981 1232 1011 manu
1271 969 1462 1024 occupat.
1524 964 1657 1017 Quem

73 1053 177 1089 ‘cum
206 1043 407 1088 nec-iure
437 1057 515 1088 nec
544 1044 706 1100 gratiab
737 1059 764 1089 a
784 1048 902 1089 tanto
924 1045 1081 1090 scelere
1112 1060 1280 1103 possem
1312 1058 1525 1100 revocare,
1558 1058 1657 1087 con-

78 1121 259 1166 fratrum
291 1125 334 1166 et
361 1121 550 1166 fidelium
581 1135 772 1167 meorum
800 1123 990 1178 consilio,
1023 1124 1259 1168 membrum
1289 1122 1455 1167 lanians
1488 1126 1531 1166 et
1561 1136 1656 1179 per-

76 1200 259 1256 sequens
278 1199 511 1245 eeclesiam
532 1200 628 1256 Dei,
660 1201 892 1245 secundum
922 1201 1119 1246 instituta
1149 1215 1358 1245 canonum
1391 1214 1416 1244 a
1444 1200 1655 1244 consortio

76 1277 269 1322 eiusdem
284 1271 285 1274 ¹
298 1278 448 1323 matris
479 1278 654 1323 ecclesie
684 1278 824 1335 gladio
857 1279 1138 1324 anathematis
1174 1278 1318 1323 recidi.
1441 1277 1562 1330 Quod
1591 1277 1656 1321 id-

75 1355 191 1400 circo
221 1358 387 1401 vestrae
425 1358 639 1401 sanctitati
681 1356 920 1413 significare
958 1357 1125 1413 curavi,
1167 1357 1364 1413 quatinus
1404 1356 1656 1399 auctoritate

77 1432 282 1478 divinitus
302 1434 421 1479 vobis
441 1434 596 1479 collata
623 1435 878 1492 pertinatiae
899 1435 1034 1492 ipsius
1055 1434 1255 1489 obvietis;
1287 1447 1355 1490 ne,
1387 1434 1653 1490 iniquitatem

77 1512 259 1557 scientes
289 1515 333 1557 et
360 1512 523 1557 silendo
554 1513 893 1569 dissimulantes,
934 1513 1227 1570 tyrannidem⁰
1260 1512 1371 1568 eius,
1405 1511 1656 1568 quandoque

70 1590 337 1647 nocituram,
390 1590 590 1636 roborare
639 1591 879 1636 videamini.
941 1590 1159 1635 Fraternis
1207 1604 1306 1645 ergo
1359 1589 1654 1647 compatiendo

78 1669 310 1727 pressuris,
350 1669 563 1714 ascendite
594 1683 749 1725 quaeso
790 1683 843 1713 ex
875 1669 1065 1712 adverso.
1122 1668 1253 1724 Nam,
1296 1668 1490 1725 quamvis
1529 1667 1656 1725 pauci

79 1746 212 1792 simus
234 1760 438 1804 numero,
470 1747 790 1792 communicatis
821 1752 962 1791 tamen
999 1747 1219 1791 sinceriter
1249 1746 1431 1801 viribus,
1471 1745 1654 1789 Domino

78 1825 372 1883 patrocinante
409 1826 527 1870 cuius
564 1826 701 1870 vicem
745 1826 954 1881 gerimus,
1001 1825 1125 1869 facile
1171 1824 1435 1881 calumpnias
1482 1837 1655 1880 perver-

77 1916 223 1948 sorum
251 1903 607 1962 propulsabimus.

85 2045 200 2094 102.
227 2047 454 2091 Ηείηνίοαε
483 2047 513 2090 I
519 2047 558 2090 V
595 2049 827 2105 imperator
868 2049 1105 2105 Rupertum
1152 2048 1396 2104 episcopum
1442 2046 1651 2089 Bamber-

224 2141 392 2183 qeneem
429 2134 572 2182 royac,
617 2141 669 2169 ne
706 2141 749 2168 se
794 2128 927 2169 inscio
968 2108 1017 2168 ὅ.
1052 2126 1195 2168 divitis
1237 2125 1475 2179 beneficium
1522 2125 1655 2166 alicui

227 2202 448 2262 aeeiqnetfl.
1472 2200 1524 2254 OE
1549 2201 1652 2254 192)

199 2288 444 2338 Heinricus⁶
476 2292 556 2337 Dei
586 2293 723 2349 gratia
743 2293 1028 2337 Romanorum
1060 2292 1291 2349 imperator
1323 2293 1525 2346 augustus
1550 2290 1652 2343 R(u-
1676 2302 1880 2339 1084-1102

79 2371 216 2429 perto)
246 2371 587 2427 Babenbergensi
617 2371 814 2429 episcopo
846 2371 1027 2426 gratiam
1060 2373 1102 2413 et
1132 2383 1255 2413 omne
1286 2369 1455 2412 bonum.

198 2449 405 2502 Quoniam
444 2463 612 2506 semper
649 2449 769 2493 nobis
811 2448 929 2492 fuisti
974 2447 1132 2502 fidelis,
1181 2446 1533 2503 quemadmodum
1581 2446 1652 2490 de-

79 2526 221 2583 buisti,
258 2530 301 2572 et
329 2530 521 2571 nostrum
550 2527 753 2571 honorem
785 2527 894 2570 sicut
924 2525 989 2568 vir
1021 2525 1190 2582 sapiens
1223 2528 1264 2568 et
1293 2524 1430 2568 fidelis
1461 2525 1652 2580 egregius
1720 2533 1724 2537 ·

78 2604 261 2650 retinere
291 2609 335 2648 et
363 2604 622 2662 amplificare
653 2605 876 2660 studuisti,
908 2607 1047 2659 grates
1078 2603 1157 2647 tibi
1189 2616 1315 2659 quam
1346 2603 1555 2646 maximas
1586 2616 1652 2646 re-

78 2682 275 2737 ferimus3
307 2687 350 2726 et
379 2682 498 2737 inde,
531 2682 678 2740 procul
709 2682 835 2726 dubio
868 2682 998 2736 scias,
1030 2680 1109 2724 tibi
1141 2680 1313 2736 dignam
1343 2681 1482 2724 facere
1514 2693 1653 2723 remu-

79 2760 338 2804 nerationem
371 2758 644 2804 intendimus.
752 2761 886 2803 Tuam
917 2759 1048 2814 igitur
1067 2771 1265 2813 rogamus
1285 2757 1532 2802 fidelitatem
1555 2771 1653 2801 con-

77 2836 276 2882 fidenter:
308 2841 357 2882 ut
381 2838 433 2882 de
453 2837 669 2893 benefici0,
702 2838 814 2894 quod
837 2837 919 2881 fuit
942 2822 1007 2880 .ὔ.
1031 2835 1197 2891 divitis,
1223 2835 1384 2880 nullam
1404 2836 1653 2894 promissio-

174 2965 201 2987 a.
233 2957 264 2987 et
284 2957 313 2986 V.
438 2956 467 2987 b.
499 2957 613 2994 gratiae
637 2957 670 2987 Z.
797 2966 823 2986 c.
856 2956 1013 2994 tyrandem
1037 2956 1070 2986 Z.
1187 2956 1216 2986 d.
1250 2966 1287 2986 ex
1310 2957 1332 2985 V
1353 2957 1431 2993 8611,
1456 2956 1531 2995 Zp.
1547 2957 1651 2986 181—

83 3011 157 3047 182,
185 3008 211 3040 C
230 3011 277 3040 41.
403 3020 429 3040 e.
463 3010 500 3040 Η.
522 3009 583 3041 ZC.
