2028 3438
619 211 840 245 nmmum
871 211 1040 244 oonnx.
1089 209 1146 244 29.
1164 208 1211 242 30
1388 210 1397 220 ⁸
1639 195 1693 239 57

125 321 308 367 versiam
348 320 573 378 aliquando
610 320 744 364 movit
779 320 825 363 in
863 319 1018 376 placito
1057 318 1223 362 comitis
1261 320 1308 363 et
1349 320 1492 373 partes
1531 317 1698 359 nostras

127 390 395 445 ‘vehementer
432 397 616 456 impulit.
664 397 866 442 Stetimus
906 400 1071 450 tamen,
1109 398 1199 440 tum
1230 395 1335 439 iuris
1366 393 1576 452 praesidio
1608 387 1699 437 tu‘m

126 476 604 534 bonorumapatrocinio
647 475 843 520 suffulti„
941 474 1063 518 Nunc
1102 484 1201 529 ergo
1240 473 1286 516 in
1318 472 1463 516 eodem
1496 471 1699 515 comitatu

126 554 330 614 placitum
346 558 412 602 est
423 554 653 608 indictum3
670 553 775 598 haut
789 552 964 598 dubium
982 555 1059 608 est,
1081 551 1183 608 quin
1197 551 1242 594 in
1258 553 1449 594 nostram
1465 549 1697 593 ecclesiam.

126 633 335 678 Dominus
365 635 529 689 noster,
569 645 712 675 rerum
742 631 934 687 ignarus,
965 629 1009 674 in
1042 629 1123 673 alio
1156 629 1338 686 quodam
1369 627 1468 671 orbe
1499 652 1555 657 —
1589 626 1701 683 quod

125 711 268 769 ipsum
299 709 428 754 emuli
456 710 593 754 nostri
632 708 831 766 aucupati
861 711 960 752 sunt
980 732 1036 739 —
1060 704 1295 762 moratur-¹3
1335 719 1405 750 eos
1438 706 1587 760 etiam,
1628 704 1701 760 qui

126 789 278 834 idonee
305 788 352 832 in
381 791 501 832 tanto
532 787 775 832 discrimine
807 785 1025 830 consulere
1055 788 1272 843 poterant,
1310 797 1453 828 secum
1485 783 1662 827 abduxit
1670 779 1698 825 ².

128 866 377 915 Adversarii
405 866 543 910 nostri
572 869 661 909 tum
695 864 896 920 consiliis,
930 877 1037 920 quae
1062 863 1148 907 iam
1169 862 1302 906 multo
1323 866 1513 920 tempore
1534 873 1699 916 coxere,

127 949 219 990 tum
250 944 366 989 omni
394 943 556 1000 reliquo
589 946 798 1001 apparatu
819 942 976 998 vigent,
1008 942 1182 985 instant.
1231 940 1368 984 Causa
1394 942 1554 995 nostra,
1587 939 1701 982 omni

128 1022 402 1068 advocatione
431 1022 617 1078 viduata,
649 1021 693 1064 in
723 1020 862 1064 medio
892 1020 1034 1077 posita
1064 1023 1141 1075 est,
1173 1032 1258 1062 non
1293 1022 1381 1062 tam
1414 1017 1702 1074 extorquenda

130 1108 278 1158 quam·
309 1099 524 1145 sumenda.

249 1179 394 1226 Tantis
425 1191 525 1234 ergo
556 1190 752 1222 curarum
785 1176 990 1232 angustiis
1014 1174 1220 1231 suffocati,
1253 1174 1307 1218 ad
1336 1174 1504 1218 unicam
1536 1176 1702 1217 vestrae

130 1257 301 1316 pietatis
341 1270 466 1315 opem
505 1256 789 1312 confugimus:
827 1258 875 1298 ut
912 1254 1019 1309 regii
1058 1249 1279 1309 sigillaris³
1316 1252 1619 1296 intercessione
1656 1251 1701 1295 in

129 1336 311 1387 reditum
343 1335 505 1380 domini
534 1334 692 1378 nostrih
725 1346 875 1377 causae
905 1333 1040 1390 ipsius
1081 1332 1288 1376 actionem
1327 1330 1487 1374 differri
1522 1329 1700 1374 faciatis.

128 1414 239 1463 Ecce
276 1414 415 1470 locus,
455 1426 550 1457 ecce
587 1412 771 1467 occasio,
810 1424 893 1468 qua
930 1414 973 1454 et
1011 1410 1227 1454 dominum
1266 1413 1459 1453 nostrum
1498 1411 1704 1466 perpetua

130 1493 250 1538 vobis
287 1492 509 1536 devotione
546 1490 796 1548 mancipetis
836 1492 878 1533 et
917 1488 1031 1546 apud
1066 1488 1221 1532 fratres
1260 1487 1378 1532 vobis
1419 1486 1701 1531 deditissimos

130 1574 323 1617 eternum
353 1570 520 1614 animae
550 1572 715 1613 vestrae
744 1567 979 1611 remedium
1010 1567 1277 1624 comparetis.
1330 1565 1478 1609 Modus
1508 1578 1593 1608 non
1623 1563 1704 1608 erit

130 1649 293 1706 verbis,
333 1648 390 1705 si,
431 1650 633 1705 quantum
673 1660 780 1704 opus
820 1649 904 1701 est,
942 1648 1063 1689 tanta
1099 1645 1334 1702 loquamur.
1402 1643 1554 1687 Nullae
1590 1642 1703 1687 enim

130 1738 297 1786 preces,
335 1726 477 1771 nullae
515 1725 825 1769 obsecrationes
863 1723 1190 1768 sollicitudinem
1232 1726 1420 1767 nostram
1459 1721 1702 1779 explebunt.

130 1805 188 1850 Et
226 1805 325 1862 quia
363 1804 580 1862 operosior
619 1803 872 1861 supplicatio
913 1802 1120 1858 quaedam
1159 1801 1325 1846 videtur
1356 1800 1615 1858 desperatio,
1659 1799 1705 1842 id

132 1884 316 1930 breviter
345 1883 464 1927 vobis
495 1881 780 1942 supplicatum
812 1880 1009 1936 veliinus,
1048 1884 1097 1924 ut
1126 1893 1201 1923 vos
1240 1880 1284 1923 in
1316 1893 1405 1923 rem
1437 1882 1705 1936 praesentem

132 1966 176 2008 et
206 1962 365 2006 domini
393 1960 529 2005 nostri
559 1960 604 2004 in
635 1974 709 2004 vos
740 1973 952 2017 propensa
982 1958 1104 2003 valde
1126 1958 1281 2003 excitet
1310 1957 1464 2001 fiducia
1490 1960 1533 2001 et
1562 1960 1705 2000 vestra

130 2041 266 2099 ipsius
298 2053 399 2096 erga
428 2053 504 2083 nos
543 2037 768 2094 singularis
797 2037 873 2081 illa
906 2036 1196 2093 indulgencia,
1236 2039 1448 2094 postremo
1479 2034 1703 2089 H(einrici)

132 2117 426 2177 imperatoris,
466 2130 547 2174 quo
586 2116 801 2161 conditore
839 2118 881 2160 et
911 2119 1082 2159 auctore
1113 2115 1364 2171 gloriamur,
1405 2120 1553 2170 quam⁰
1585 2113 1703 2157 vobis

131 2195 443 2254 gratissimam‘¹
474 2209 566 2240 esse
596 2194 804 2250 novimuS,
837 2195 1136 2238 sancrosancta
1165 2192 1381 2236 memoria.

137 2351 218 2400 30.
253 2351 626 2410 'Epitaphium
657 2348 931 2394 Guntheri‘
960 2347 1417 2403 Babenbergensis
1450 2347 1702 2405 episcopi.

1516 2425 1568 2478 (E
1591 2425 1609 2468 I
1633 2425 1704 2479 13)

447 2506 607 2562 Insigni
636 2506 786 2561 forma,
819 2508 995 2560 statura,
1027 2507 1219 2559 stemate,
1251 2516 1401 2547 norma

507 2584 656 2628 Presul
687 2582 946 2628 Guntharius
977 2580 1147 2636 claruit3
1180 2581 1359 2625 eximius

229 2696 255 2718 a.
289 2686 502 2717 confundenda
529 2685 652 2716 addidit
680 2695 792 2716 manus
821 2685 888 2716 alia
912 2684 946 2714 in
967 2683 1109 2724 marqine
1127 2683 1158 2713 V.
1261 2683 1292 2713 b.
1325 2683 1443 2713 scilicet
1471 2683 1609 2722 episcopi
1637 2682 1706 2713 alia

134 2750 247 2772 mamus
267 2739 491 2780 superscripsit
511 2738 545 2769 in
563 2739 594 2771 V.
680 2748 705 2769 c.
738 2748 827 2778 quem
850 2739 884 2769 Z.
970 2738 1000 2768 d.
1033 2736 1207 2776 gratissimfi
1225 2737 1283 2767 VZ.
1369 2746 1394 2767 e.
1428 2746 1466 2767 ex
1485 2736 1512 2767 V
1529 2737 1560 2774 2,
1584 2736 1614 2767 Z
1626 2746 1660 2776 p.
1677 2738 1704 2767 4.

133 2794 155 2825 f.
188 2794 355 2825 Eberhardi
377 2793 467 2833 primi
484 2793 515 2824 V.

231 2865 263 2900 1.
289 2863 516 2900 Guntherum
534 2863 746 2909 episcopum
773 2865 969 2899 auctumno
987 2861 1072 2897 anni
1092 2861 1183 2897 1064
1208 2871 1291 2897 cum
1316 2860 1395 2897 aliis
1412 2860 1703 2908 Hierosolymam

134 2923 246 2960 ivisse
269 2926 586 2969 revertentemque
611 2922 670 2959 die
695 2923 742 2960 23
765 2922 848 2959 Iulii
874 2921 966 2957 1065
991 2919 1127 2957 obiisse
1152 2923 1308 2957 constat.
1406 2921 1439 2957 2.
1465 2921 1503 2956 in
1527 2920 1584 2956 his
1602 2920 1704 2956 Heri-

135 2993 308 3019 mannum
333 2982 593 3030 praepositum.
714 2983 748 3019 3.
774 2982 836 3027 qui
862 2980 1019 3027 sigillum
1044 2979 1216 3017 custodit.

1726 324 1818 361 1065

1738 2510 1831 2546 1065

1729 2559 1783 2589 Iul.
1796 2560 1834 2589 23
