2028 3438
223 352 313 387 1007

213 400 289 430 Nov.
301 401 318 430 1

234 1269 323 1303 1007

345 226 404 268 30
857 233 1076 266 nmmum
1105 233 1272 266 connx.
1321 231 1354 266 7.
1372 232 1395 266 s

463 341 506 385 ÷
534 340 785 384 Anastasius
798 338 809 358 ¹

345 430 508 474 scrlpsl.

463 494 507 537 -1-
535 493 744 537 Adalbero
774 492 1004 536 Basilensis
1035 493 1208 536 interfui
1239 495 1281 537 et
1311 492 1553 550 subscripsi.

463 571 506 614 ’ὶ-
535 570 656 626 Hugo
689 567 946 614 Genuensis²
978 569 1218 626 subscripsi.

464 648 507 691 -Ρ
536 644 780 691 Heinricus³
811 646 1092 690 Lausonensis
1122 647 1364 703 subscripsi.

464 725 508 768 ÷
535 724 758 767 Eckehard
789 723 1077 778 sleswigensis
1108 723 1349 780 subscripsi.

433 791 435 796 ’
465 802 508 845 ÷
538 801 760 845 Albericus
791 800 1003 844 Cumanus
1035 801 1254 858 episcopus
1284 800 1455 843 interfui
1484 802 1526 842 et
1555 797 1794 854 subscripsi.

464 879 508 922 ÷
537 877 749 922 Richolfus
780 877 1112 932 Tergestinensis
1144 877 1315 922 ecclesie
1346 875 1650 934 episcopus·÷.

832 339 1091 396 ,Ungrorum
1131 339 1468 396 archiepiscopus
1511 338 1702 382 interfui·
1721 340 1764 382 et
1800 337 1897 382 sub-

351 1021 397 1067 8.
437 1021 644 1064 Iohannes
687 1020 761 1062 IV
793 1020 1045 1076 patriarcha
1082 1019 1364 1076 Aquileiensis
1403 1020 1603 1062 Heinrico
1643 1018 1675 1060 I
1706 1018 1898 1074 episcopo

438 1098 770 1154 Wrzeburqemi
787 1098 838 1139 de
859 1098 1099 1153 episcopatu
1119 1097 1421 1153 Bamberqensi
1442 1097 1605 1139 condito
1623 1090 1898 1151 qratulatur'.

1750 1169 1802 1222 (E
1825 1168 1898 1223 82)

468 1262 717 1306 Beatissimo
750 1261 918 1304 domino
950 1263 992 1304 et
1022 1261 1186 1304 sincera
1216 1262 1391 1305 caritate
1429 1260 1638 1315 diligendo
1668 1256 1899 1312 H(einrico)

350 1344 519 1384 sanctae
556 1338 915 1393 Wirzeburgensis
955 1338 1152 1381 ecclesiae
1191 1338 1419 1382 venerabili
1465 1338 1659 1394 episcopo
1696 1335 1900 1379 Iohannes

350 1421 519 1461 sanctae
556 1415 860 1471 Aquileiensis⁶
906 1415 1102 1459 ecclesiae
1146 1415 1387 1472 patriarcha
1431 1428 1525 1458 cum
1570 1413 1762 1458 omnibus
1801 1425 1901 1463 suae

350 1495 562 1537 dioceseos
601 1492 807 1548 episeopis
846 1480 1076 1535 fraternam
1115 1492 1380 1535 dilectionem
1409 1493 1455 1535 in
1486 1505 1556 1547 eo,
1591 1491 1663 1547 qui
1690 1490 1808 1547 prior
1838 1488 1901 1532 di-

349 1570 454 1614 lexit
488 1583 565 1612 nos
604 1572 646 1612 et
682 1568 856 1611 tradidit
895 1572 1028 1612 semet
1055 1569 1194 1625 ipsum
1224 1583 1301 1626 pro
1331 1569 1473 1624 nobis,
1504 1568 1598 1612 Iesu
1632 1566 1796 1611 Christo
1828 1565 1902 1609 do—

349 1648 464 1690 mino
493 1648 650 1689 nostro.

466 1722 597 1778 Licet,
635 1721 862 1765 reverende
891 1722 1047 1777 frater,
1084 1723 1296 1766 fraternae
1327 1721 1560 1765 dilectionis
1588 1734 1691 1765 cura
1720 1733 1796 1763 nos
1828 1719 1901 1762 ad-

350 1804 538 1855 moneat,
577 1802 625 1843 ut
653 1799 697 1842 iu
733 1798 925 1842 omnibus
966 1799 1160 1856 operibus
1198 1799 1340 1854 bonis,
1385 1812 1464 1855 que
1502 1798 1692 1842 conditor
1727 1797 1902 1841 human-i

350 1877 514 1933 generis
550 1876 878 1920 misericorditer
925 1876 978 1919 ad
1016 1876 1194 1920 salutem
1231 1876 1402 1920 cottidie
1441 1876 1646 1932 disponit,
1689 1875 1901 1918 inmensas

350 1955 580 2009 gratiarum
618 1954 802 1998 actiones
839 1954 923 2010 ipsi
955 1966 1077 2008 agere
1108 1954 1354 2008 debeamus,
1395 1953 1722 2009 quandocunque
1760 1955 1901 1995 tamen

353 2030 417 2074 vel
445 2031 680 2087 ubicunque
708 2044 760 2074 ex
790 2034 990 2087 provectu
1020 2033 1189 2073 sanctae
1217 2029 1414 2073 ecelesiae
1434 2030 1500 2073 vel
1529 2030 1617 2073 eius
1648 2029 1901 2073 exaltatione

349 2107 579 2151 locatione‘¹
618 2107 776 2163 aliquid
812 2121 889 2151 nos
929 2106 1140 2163 magnifici
1180 2107 1317 2163 operis
1358 2107 1501 2150 audire
1539 2107 1797 2162 contigerit⁰‚
1836 2106 1901 2148 in-

350 2198 521 2228 mensae
551 2185 784 2228 devotionis
817 2184 966 2228 affectu
998 2188 1040 2228 et
1070 2184 1271 2241 spiritalis
1303 2183 1571 2227 exultationis
1603 2183 1752 2227 effectu
1781 2183 1902 2226 illum

350 2261 522 2304 laudare
553 2265 595 2305 et
632 2262 876 2306 benedicere
908 2264 950 2305 et
979 2261 1221 2318 praedicare
1260 2261 1478 2315 debemus,
1510 2261 1626 2303 cuius
1661 2260 1764 2304 haec
1793 2260 1902 2304 dona

353 2341 450 2381 sunt
486 2342 528 2381 et
565 2352 590 2381 a
633 2352 713 2394 quo
752 2339 862 2382 bona
900 2341 1049 2382 cuncta
1086 2337 1351 2382 ineffabiliter
1389 2337 1630 2393 procedunt.
1666 2337 1756 2388 Qui
1791 2338 1902 2380 inter

352 2415 674 2458 innumerabilia
713 2415 992 2471 sempiternae
1023 2414 1275 2469 dignationis
1315 2401 1576 2457 sacramenta
1613 2427 1662 2457 ea
1699 2414 1827 2457 etiam
1856 2413 1902 2456 in

354 2504 523 2534 suorum
554 2491 746 2534 cordibus
776 2492 1015 2548 principum
1046 2491 1189 2545 dictat,
1223 2504 1302 2546 que
1332 2490 1386 2533 ad
1405 2490 1631 2534 multorum
1662 2490 1899 2547 exemplum

354 2570 397 2611 et
426 2567 603 2611 salutem
633 2568 854 2624 profutura
881 2570 1092 2624 procurat.

470 2643 520 2686 In
551 2644 699 2699 quibus
730 2658 859 2687 unum
883 2648 958 2699 est,
992 2644 1102 2700 quod
1121 2657 1254 2700 nuper
1275 2643 1474 2686 divinitus
1495 2643 1652 2686 factum
1671 2643 1901 2686 maximam

353 2720 561 2777 mentibus
591 2720 745 2763 nostris
775 2720 985 2764 laeticiam
1015 2720 1241 2775 generavit.
1286 2720 1537 2763 Audivimus
1566 2733 1759 2775 namque,
1791 2719 1901 2776 quod

447 2841 473 2861 a.
504 2831 627 2861 interfui
649 2833 678 2861 et
700 2831 865 2870 subscripsi
888 2832 958 2863 add.
974 2831 1058 2863 VZC.
1139 2832 1169 2862 b.
1202 2841 1239 2862 ecc
1256 2832 1471 2867 V32v—33,
1495 2832 1569 2871 Zp.
1585 2833 1626 2861 64
1646 2836 1675 2862 et
1696 2832 1768 2868 146¹,
1794 2830 1822 2862 C
1838 2832 1900 2861 17v

354 2885 451 2914 ——18.
547 2893 572 2914 e.
604 2884 824 2923 Aquileigensis
845 2885 876 2914 V.
970 2885 998 2915 d.
1031 2885 1094 2921 sic,·
1116 2894 1158 2915 an
1178 2884 1348 2915 locutione?
1442 2894 1467 2914 e.
1500 2885 1680 2922 contingerit
1704 2883 1734 2915 C.

450 2959 482 2993 1.
507 2968 536 2994 s.
554 2958 725 2994 Ascricus
749 2958 905 3005 archiep.
924 2958 1192 3005 Strigoniensis.
1288 2960 1321 2994 2.
1348 2958 1583 2995 Genevensis.
1679 2959 1713 2994 3.
1737 2958 1765 2993 I.
