2028 3438
483 220 736 253 amsa-onan
764 219 1140 252 misnense-uses.
1188 218 1246 253 30.
1263 219 1306 253 31
1593 207 1678 252 527

105 326 249 372 Deum
274 326 372 385 spei
401 330 545 372 nostre
575 329 744 385 portum
777 327 1088 383 confugientes,
1124 327 1361 371 sanctitatis
1391 330 1532 371 vestre
1562 327 1682 384 pedi-

110 403 189 450 bus
219 399 364 449 omnes
395 405 440 449 in
470 418 679 450 conmune
708 409 797 449 tam
829 405 1024 450 absentes
1055 418 1181 462 quam
1218 407 1437 462 presentes
1469 404 1682 461 provolvi-

106 489 244 539 παῖ’,
267 482 469 527 domnum
490 482 787 527 canceUarium
800 480 811 501 ¹
835 486 878 527 et
899 496 1063 527 omnem
1087 482 1319 526 Romanam
1341 482 1501 526 curiam
1524 486 1683 538 quanta

9 566 17 613 ,ἰ
43 553 46 556 ’
109 573 334 620 possumus
363 561 502 616 cordis
534 561 760 605 devocione
791 564 834 605 et
862 574 1034 618 precum
1066 560 1277 604 instancia
1299 560 1352 604 ad
1375 560 1681 604 condolendum

108 641 157 684 et
181 638 514 684 subveniendum
543 638 664 683 nobis
695 639 925 683 invitamus
954 642 996 683 et
1016 638 1270 692 excitamus3
1305 641 1512 695 quatenus
1533 651 1681 682 secun—

109 716 222 779 dum
241 717 385 762 datam
415 717 534 761 vobis
567 730 592 761 a
621 716 713 760 Deo
750 717 1004 774 sapientiam
1035 717 1079 760 in
1112 716 1300 774 presenti
1330 717 1524 772 negocio,
1566 717 1682 773 quic-

107 794 212 852 quid
248 795 418 840 iusticia
448 794 691 851 dictaverit,
729 795 965 839 decernatis
1003 798 1067 851 et,
1108 794 1295 839 adhibito
1332 795 1477 850 magni
1515 794 1681 839 consilii

109 872 281 930 angelo,
319 876 460 918 vestro
490 872 640 917 honori
672 875 715 916 et
745 875 888 916 nostre
919 873 1162 916 necessitati
1193 872 1478 928 consulentes,
1520 864 1689 916 certum

110 950 294 1008 aliquem
339 950 468 996 finem
511 951 668 995 nostris
715 950 1028 995 calamitatibus
1071 951 1290 1008 imponere
1334 964 1419 994 non
1461 950 1679 995 differatis.

108 1028 348 1086 NOS-vero,
384 1029 458 1087 qui
496 1028 574 1073 sub
605 1029 846 1073 obedientia
875 1032 1017 1073 vestra
1057 1029 1242 1086 quelibet
1280 1032 1472 1073 extrema
1510 1030 1601 1086 pati
1640 1033 1682 1073 et

107 1107 247 1166 ipsam
277 1110 460 1152 mortem
490 1107 632 1152 subire
661 1108 802 1165 parati
833 1121 991 1163 sumus,
1024 1107 1132 1150 sicut
1162 1107 1298 1151 fessus
1326 1107 1521 1151 umbram
1552 1110 1594 1150 et
1624 1107 1682 1151 si—

108 1186 224 1231 ciens
262 1174 423 1231 fontem
452 1185 515 1230 ita
543 1188 684 1230 vestre
722 1185 946 1244 prudentie
983 1185 1186 1229 solacium
1217 1199 1292 1242 spe
1322 1199 1408 1229 non
1449 1185 1577 1229 dubia
1608 1199 1681 1229 ex-

106 1266 340 1323 pectamus.

753 1347 1037 1354 —————‚

113 1465 195 1514 31.
229 1468 559 1526 Bamberqensee
613 1469 665 1511 ab
713 1467 938 1512 Adelberto
977 1468 1009 1511 I
1063 1468 1379 1526 archiepiscopo
1426 1469 1680 1526 Moqzmtino

226 1547 490 1604 praesidium
518 1554 665 1604 petant
674 1544 703 1589 ¹'.

227 1652 492 1708 A(delberto)
525 1657 696 1697 sanctae
726 1652 999 1708 Moguntinae
1030 1652 1142 1696 sedis
1176 1652 1493 1710 archiepiscopo
1525 1656 1567 1697 et
1595 1652 1679 1696 Ro-

106 1744 260 1776 manae
290 1731 403 1776 sedis
432 1731 572 1787 legato
603 1735 773 1775 sanctae
794 1731 1156 1786 Babenbergensis
1190 1731 1416 1775 aecclesiae
1446 1730 1582 1775 clerus
1613 1745 1680 1775 re-

107 1810 342 1854 verentiam
372 1823 467 1854 cum
499 1809 722 1854 dilectione
754 1813 796 1854 et
825 1809 1109 1854 obedientiam
1141 1822 1235 1854 cum
1267 1809 1518 1853 humilitate.

226 1887 417 1932 Primum
449 1888 632 1945 quidem,
665 1888 847 1944 domine,
879 1889 1111 1943 gratiarum
1133 1887 1319 1931 actiones
1338 1891 1507 1932 vestrae
1537 1891 1679 1945 pater-

106 1965 235 2010 nitati
263 1965 485 2010 referimus
516 1970 560 2013 et
583 1980 608 2010 a
628 1966 718 2010 Deo
748 1966 1070 2010 retributionem
1091 1965 1210 2010 vobis
1241 1966 1519 2023 postulamus,
1553 1965 1677 2022 quod,

107 2043 154 2089 in
189 2044 320 2088 tantis
357 2044 543 2100 negociis
582 2044 703 2100 regni
742 2048 992 2102 occupatus,
1032 2058 1177 2088 aurem
1215 2047 1401 2088 vestram
1438 2058 1464 2087 a
1495 2043 1678 2088 clamore

106 2126 252 2167 nostro
281 2136 367 2167 non
397 2123 634 2178 avertistis,
665 2122 739 2166 sed
770 2123 974 2166 auxilium
1006 2126 1195 2166 vestrum
1225 2122 1271 2166 in
1300 2122 1572 2166 tribulatione
1602 2135 1678 2165 no-

107 2203 198 2245 stra
227 2199 349 2245 nobis
381 2199 510 2245 affore
542 2200 810 2258 promisistis.
866 2200 981 2252 Quae
1013 2200 1316 2257 benivolentia,
1355 2200 1482 2244 nullis
1513 2200 1676 2244 meritis

105 2278 264 2322 nostris
294 2278 559 2335 exigentibus
590 2279 712 2323 nobis
744 2278 953 2334 exhibita,
989 2292 1066 2322 nos
1098 2278 1202 2322 adeo
1233 2278 1482 2336 paternitati
1511 2281 1678 2322 vestrae

107 2344 311 2413 alligavit,
343 2359 392 2400 ut
420 2370 634 2413 nunquam
668 2357 855 2401 eiusdem
886 2356 1192 2400 benivolentiae
1223 2356 1414 2400 oblivisci
1444 2356 1678 2400 decreveri-

106 2447 215 2478 mus.
263 2433 332 2478 Ex
362 2434 643 2492 promissione
673 2435 989 2492 itaque-vestra,
1022 2448 1148 2491 quam
1179 2448 1255 2491 per
1274 2434 1459 2489 legatum
1484 2437 1676 2478 nostrum

107 2511 358 2568 audivimus,
389 2513 435 2556 in
465 2526 584 2570 spem
616 2513 800 2569 adducti,
836 2513 990 2556 iterum
1022 2515 1148 2568 atque
1177 2512 1334 2556 iterum
1365 2512 1519 2556 ostium
1550 2512 1677 2556 mise-

105 2589 314 2635 ricordiae
343 2593 510 2635 vestrae
540 2589 758 2648 pulsamus
790 2594 833 2635 et
862 2590 1040 2648 pedibus
1068 2589 1218 2633 vestris
1250 2589 1462 2647 provoluti
1493 2603 1676 2646 oramus,

106 2670 155 2712 ut
183 2680 356 2712 causam
385 2672 596 2725 nostram,
633 2682 760 2725 quam
792 2668 1057 2712 tractandam
1088 2680 1165 2724 pro
1197 2667 1335 2723 gratia
1363 2671 1506 2712 vestra
1537 2681 1676 2712 susce-

106 2744 244 2802 pistis,
277 2745 387 2790 sicut
415 2746 534 2791 vobis
565 2747 695 2790 moris
728 2750 806 2803 est,
837 2759 914 2803 pro
946 2746 1105 2789 honore
1130 2747 1285 2802 vestro,
1316 2748 1408 2789 tum
1439 2759 1516 2803 pro
1548 2745 1676 2790 dilec-

199 2873 227 2896 α.
257 2864 444 2905 provolvim⁹
464 2875 490 2896 c.
655 2865 686 2896 b.
718 2865 883 2906 Descripsi
909 2875 948 2896 ex
976 2864 1042 2896 cod.
1065 2864 1135 2896 bibl.
1157 2873 1325 2896 caesareae
1343 2864 1588 2896 Vindobonensis
1614 2865 1676 2896 611

107 2916 176 2956 (ius
195 2927 266 2950 can.
280 2917 364 2957 130)
387 2918 512 2950 membr.
533 2928 615 2950 saec.
629 2919 696 2949 XII
710 2917 774 2959 sol.
792 2919 960 2950 'mv—71.

204 2989 237 3025 1.
261 2987 497 3035 Aimericum,
511 2989 699 3026 Romanae
716 2989 893 3026 ecclesiae
906 2989 1100 3026 diaconum
1113 2987 1334 3025 cardinalem
1352 2990 1391 3024 et
1406 2987 1674 3024 cancellarium.

1706 337 1726 372 1
1732 336 1800 372 135

1722 385 1789 416 Oct.

1703 1667 1734 1693 c.
1755 1658 1893 1694 1120-—

1754 1707 1846 1741 1137
