2028 3438
642 248 864 281 UDALRICI
895 248 1065 280 oonnx.
1112 247 1159 280 48
1600 238 1686 281 105

100 362 307 414 omnem
318 348 541 402 insaniam
569 356 766 441 excedat,
806 356 900 412 quis
934 356 983 399 in
1022 356 1154 400 sacris
1189 356 1344 400 litteris
1382 356 1571 401 eruditus
1601 371 1687 402 non

110 433 281 489 ‘vadenti’

232 510 353 564 Quia
367 525 492 568 ergo,
531 525 620 569 per
638 470 715 555 lios
753 510 941 568 aliosque
976 511 1369 569 praesumptionum
1400 514 1570 555 tuarum
1601 512 1687 569 spi-

113 589 221 635 ritus
242 589 462 634 ecclesiam
483 589 564 634 Dei
584 593 671 634 tam
694 589 881 646 graviter
902 588 1246 647 periclitantem
1234 603 1365 632 11111110
1386 589 1474 633 fere
1495 603 1687 647 pessum-

102 666 256 711 -aehtam
287 667 672 724 diutius-tolerare,
704 668 820 711 omni
840 666 953 711 malo
975 667 1160 712 deterius
1179 667 1480 721 iudicavimus3
1512 667 1686 724 placuit,

113 747 169 802 nt-
196 745 410 790 communi
448 745 636 789 omnium
674 748 867 789 nostrum
905 745 1081 789 consilio
1120 745 1222 800 tibi,
1261 745 1374 801 quod
1412 747 1585 788 actenus
1621 748 1687 789 ta-

44 802 61 815 ·
113 822 291 878 cuimus,
321 822 577 867 innotescat:
611 837 735 880 quam
759 822 812 866 ob
832 836 923 866 rem
953 836 1031 867 nec
1062 823 1187 866 modo
1208 822 1368 880 possis’
1390 809 1468 867 nec
1486 836 1688 880 umquam

111 900 306 958 potueris
328 900 424 944 sedi
455 901 711 958 apostolicae
740 914 950 958 praeesse.

233 977 314 1022 Tu>
333 978 431 1035 ipse
457 978 594 1023 bonae
631 979 861 1041 memoriae
892 978 1126 1033 H(einrico)
1158 977 1430 1036 imperatori*
1468 981 1511 1022 te
1546 978 1686 1036 ipsum

113 1055 616 1114 corporali'sacramento
647 1057 958 1101 obstrinxisti⁰z
991 1057 1102 1113 quod
1133 1070 1364 1113 nunquam,
1395 1057 1564 1101 vivente
1593 1057 1687 1114 ipso

113 1133 369 1192 imperatore
401 1137 479 1179 aut
502 1133 590 1178 filio
621 1135 711 1179 eius
739 1134 921 1190 glorioso
943 1134 1112 1178 domino
1144 1138 1289 1178 nostro
1317 1148 1430 1191 rege,
1463 1135 1535 1191 qui
1562 1135 1687 1178 modo

103 1225 475 1257 *summae-rerum
506 1215 690 1270 praeest,
721 1215 925 1270 papatum
958 1216 1031 1256 aut
1059 1213 1152 1270 ipse
1183 1213 1419 1270 susciperes
1441 1216 1513 1256 aut
1543 1213 1687 1270 alium,

114 1293 318 1347 quantum
340 1290 394 1335 in
423 1294 466 1335 te
497 1293 622 1346 esset,
654 1291 868 1348 suscipere
899 1290 1105 1348 patereris
1137 1291 1296 1347 absque
1324 1305 1498 1335 assensu
1526 1295 1568 1335 et
1596 1291 1688 1335 lau-

113 1367 313 1413 damento
344 1368 413 1413 vel
442 1369 592 1426 patris,
625 1368 725 1412 dum
756 1369 930 1425 viveret,
963 1372 1006 1412 et
1035 1368 1125 1424 filii,
1158 1369 1256 1412 dum
1291 1372 1333 1412 et
1362 1369 1454 1426 ipse
1485 1370 1648 1414 viveret
1657 1370 1686 1413 ‘¹.

113 1446 256 1503 Atque
291 1446 417 1490 huius
457 1447 734 1490 sacramenti⁶
772 1450 871 1490 sunt
908 1446 1032 1490 hodie
1078 1449 1207 1490 testes
1253 1447 1446 1504 plerique
1486 1448 1687 1506 episcopi,

115 1524 188 1582 qui
216 1519 296 1568 1100
325 1527 428 1569 tunc
459 1528 502 1569 et
531 1524 662 1568 oculis
695 1524 803 1568 suisr
833 1524 975 1568 videre
1013 1529 1055 1568 et
1085 1525 1256 1569 auribus
1289 1525 1472 1569 audiere.

162 1608 163 1611 ’
203 1598 206 1602 ’
233 1597 343 1647 Illud
379 1596 506 1646 etiam
546 1602 794 1647 recordare:
836 1602 1044 1659 quomodo
1074 1606 1121 1646 tu
1150 1602 1275 1660 ipse‘,
1315 1603 1478 1660 aliquos
1514 1617 1565 1647 ex
1598 1616 1689 1647 car-

116 1675 327 1726 dinalibus
365 1694 461 1724 cum
493 1680 666 1725 ambitio
705 1684 888 1739 papatus
928 1681 1142 1737 titillaret,
1184 1682 1236 1725 ad
1267 1681 1498 1725 tollendam
1531 1681 1690 1725 emula-

116 1759 274 1804 tionem
306 1783 362 1790 -—
394 1758 475 1803 hac
512 1759 730 1803 occasione
769 1762 811 1803 ct
848 1759 1113 1815 condicione,
1153 1763 1200 1803 ut
1237 1760 1321 1817 ipsi
1358 1760 1437 1803 1100
1475 1760 1588 1804 idem
1626 1760 1690 1803 fa-

115 1840 260 1882 cerent
290 1862 345 1868 —
379 1841 649 1881 sacramento¹
672 1841 715 1881 te
746 1837 956 1893 obligasti,
993 1837 1104 1894 quod
1133 1851 1350 1894 nunquam
1382 1842 1584 1896 papatum
1614 1838 1690 1882 ha-

105 1915 281 1961 biturus
319 1928 447 1960 esses.
569 1915 756 1972 Utraque
793 1916 870 1959 1100
910 1918 1175 1959 sacramenta
1213 1929 1339 1972 quam
1379 1920 1523 1961 sancte
1564 1930 1690 1973 quam

115 1996 264 2039 caute*
293 1993 623 2049 observaverish,
658 1997 706 2038 tu
736 1994 844 2051 ipsei
875 1993 1045 2036 videris.

200 2094 203 2108 τ
233 2071 447 2128 Preterea,
479 2084 574 2115 cum
596 2074 787 2129 tempore
807 2070 996 2115 Nicolaik
1027 2085 1164 2128 papae
1185 2072 1369 2129 synodus
1392 2072 1711 2128 celebraretur‚·

115 2151 162 2196 in
192 2164 275 2208 qua
308 2150 394 2194 125
425 2150 612 2207 episcopi
643 2150 932 2205 consederant,
965 2148 1043 2192 sub
1064 2149 1331 2194 anathemate
1358 2150 1452 2194 hoc¹
1484 2154 1690 2194 statutum

116 2230 160 2273 et
189 2228 404 2272 decretum
436 2231 519 2272 est:
560 2231 609 2272 ut
638 2227 778 2272 nullus
809 2227 1027 2284 umquam¹
1065 2241 1178 2285 papa
1212 2227 1333 2272 fieret
1362 2228 1446 2272 nisi
1475 2242 1552 2286 per
1584 2229 1690 2272 elec—

111 2305 275 2351 tionem
306 2305 580 2350 cardinalium
614 2310 657 2350 et
688 2305 1035 2364 approbationem
1067 2305 1214 2362 populi
1253 2310 1295 2349 et
1333 2320 1409 2363 per
1440 2319 1691 2351 consensum

117 2387 161 2428 et
191 2384 483 2445 auctoritatem
512 2384 637 2440 regis.
686 2384 828 2441 Atque
858 2384 982 2427 huius
1004 2383 1199 2427 consilii¹¹¹
1231 2398 1304 2427 seu
1336 2384 1493 2428 decreti
1523 2388 1570 2428 tu
1597 2385 1690 2442 ipse

118 2465 264 2506 auctor
295 2461 354 2506 et'
384 2475 610 2519 persuasor
641 2462 985 2520 subscriptorque
1015 2462 1146 2506 fuisti.
1183 2496 1186 2500 .

235 2539 316 2591 Qui
357 2540 511 2583 etiam¹¹
551 2541 671 2596 quasi
710 2541 843 2584 fetore
884 2539 1065 2596 quodam
1112 2539 1352 2595 gravissimi
1397 2540 1586 2584 scandali
1625 2544 1690 2584 to-

118 2620 206 2661 tam
251 2616 470 2661 ecclesiam
516 2618 692 2676 replesti
739 2618 791 2662 de
837 2618 1030 2661 convictu
1083 2621 1125 2662 et
1172 2617 1481 2662 cohabitatione
1528 2618 1690 2663 alienae

117 2693 306 2739 mulieris
336 2695 623 2751 familiariori,
664 2710 790 2753 quam
827 2709 998 2740 necesse
1037 2695 1104 2739 sit.
1160 2695 1208 2739 In
1240 2709 1322 2752 qua
1359 2711 1405 2740 re
1437 2697 1690 2741 verecundia

211 2816 239 2838 a.
270 2803 371 2847 possit
398 2807 433 2839 G.
538 2809 568 2839 b.
600 2809 812 2849 imperatorem
841 2809 877 2839 G.
983 2817 1008 2838 0.
1042 2808 1221 2840 obstruxisti
1248 2809 1283 2840 G.
1382 2809 1412 2840 d.
1445 2810 1491 2841 sic
1520 2809 1690 2841 Goldastus

117 2865 148 2892 et
168 2859 233 2892 cod.
245 2861 517 2899 mmmmm„
539 2862 653 2902 absque
669 2872 796 2894 assensu
811 2863 858 2893 vel
873 2862 1065 2893 laudamento
1079 2862 1185 2902 patris,
1208 2862 1280 2893 dum
1294 2863 1410 2894 viveret
1427 2863 1519 2894 VZG.
1587 2874 1613 2894 e.
1641 2864 1690 2894 Ad

117 2913 177 2945 hoc
199 2916 419 2945 sacramentum
448 2915 483 2946 G.
593 2916 615 2946 f.
647 2926 703 2947 om.
723 2917 754 2947 V.
859 2925 886 2954 g.
920 2926 1009 2956 quam
1032 2917 1119 2947 cante
1140 2925 1197 2947 om.
1216 2916 1274 2947 VZ.
1381 2917 1413 2947 11.
1445 2917 1613 2948 servaveris
1631 2917 1688 2948 VZ.

117 2968 139 2998 i.
171 2978 228 2998 om.
246 2968 281 2999 G.
365 2969 395 2998 k.
428 2969 555 3009 Nycolai
574 2970 604 3000 V.
689 2970 709 3000 1.
742 2979 799 3000 om.
818 2970 875 3000 VZ.
966 2979 1005 3000 m.
1038 2970 1158 3000 concilii
1186 2970 1221 3000 G.
1312 2980 1341 3000 n.
1375 2971 1474 3010 Atque
1496 2960 1556 3001 1100
1583 2971 1618 3008 G,
1635 2971 1689 3001 -Ad

118 3021 194 3052 haec
216 3021 383 3053 Goldascus
401 3033 465 3063 pro
487 3023 544 3060 Qui
567 3023 668 3053 etiam.

1744 368 1836 403 1076

1710 417 1867 449 o.12n.24
