2028 3438
223 358 316 394 1130

175 406 276 437 Marte
266 406 366 446 *Sept

387 230 476 274 434
899 241 1123 274 nmnmm
1152 241 1321 273 connx.
1368 237 1436 273 251

388 360 610 391 manorum
639 348 729 403 regi
761 361 927 404 semper
959 352 1134 402 augusto
1156 343 1369 401 B(runo)¹,
1400 345 1480 389 Dei
1501 344 1640 400 gratia
1668 344 1715 389 id
1734 343 1849 401 quod
1864 347 1946 399 est,

387 424 510 470 fidele
541 425 764 468 servicium
798 438 846 468 ac
877 424 1050 468 devotas
1082 424 1307 467 orationes.
1626 436 1628 438 ·
1803 461 1819 465 ,,
1870 426 1875 441 ¹

509 502 622 545 Inter
661 502 815 545 multas
846 505 889 545 et
918 501 1190 556 gravissimas
1220 499 1390 556 imperii
1421 502 1463 542 et
1493 497 1691 542 ecclesiae
1720 496 1877 543 ruinas
1887 497 1949 542 ad

389 593 464 622 vos
496 579 734 636 specialiter
764 579 996 635 respiciunt
1027 578 1157 621 oculi
1189 589 1404 621 servorum
1437 579 1691 632 vestrorum,
1722 573 1800 619 sub
1831 574 1949 630 gravi

389 670 587 713 pressura
619 659 661 699 et
691 655 835 698 multis
867 655 1060 712 suspiriis
1092 654 1426 711 expectantium:
1460 652 1560 708 quid
1581 655 1721 696 vestra
1744 651 1948 697 'maiestas

389 733 605 787 deliberet,
644 733 743 789 quid
775 733 985 786 decernat,
1026 745 1106 788 quo
1138 731 1319 786 ingenie,
1354 744 1435 786 qua
1466 729 1714 774 auctoritate
1742 728 1950 773 scissurae

389 812 559 854 sanctae
589 810 738 854 matris
769 807 991 853 ecclesiae²
1022 809 1254 852 subveniat.
1304 808 1362 851 Et
1392 807 1490 863 quia
1520 820 1610 850 nont
1632 805 1864 864 ambicione
1883 804 1951 849 vol

389 887 634 944 tyrannica*
656 887 902 944 pervasione
925 886 998 930 sed
1020 886 1163 929 divina
1183 884 1461 942 disposicione
1481 883 1600 939 regni
1621 882 1786 927 culmen
1803 889 1950 927 ascen-

389 965 524 1020 distis,
558 967 702 1007 nostra
733 964 920 1020 parvitas
953 967 1117 1007 vestrae
1149 963 1336 1018 suggerit
1367 961 1653 1015 excellentiae,
1685 960 1880 1016 quatinus
1907 959 1951 1003 in

389 1041 468 1085 hoc
510 1045 599 1084 tam
638 1054 790 1095 magno
829 1041 995 1095 negotio
1034 1040 1408 1084 christianissimae
1447 1037 1641 1094 coniugis*
1674 1041 1838 1081 vestrae
1857 1036 1951 1081 1¹do-

389 1119 530 1162 minae
568 1121 737 1161 nostrae
775 1115 969 1173 reginae³
1008 1121 1050 1161 et
1085 1117 1377 1172 religiosorum
1409 1116 1594 1159 virorum
1626 1113 1952 1172 consilium-har-

391 1196 538 1240 beatis.

508 1273 572 1317 Ea
592 1286 705 1328 ver0,
739 1287 845 1328 quae
877 1273 989 1316 circa
1009 1285 1085 1315 nos
1107 1274 1217 1325 sunt,
1251 1270 1469 1314 serenitati
1491 1273 1654 1313 vestrae
1684 1269 1950 1322 intimamus,

392 1351 589 1407 quoniam
610 1350 700 1393 Deo
733 1350 921 1406 propicio
953 1350 996 1392 in
1026 1352 1163 1392 vestro
1186 1348 1357 1391 servitio
1380 1347 1471 1390 sani
1500 1350 1543 1390 et
1560 1345 1788 1390 incolomes
1809 1352 1952 1390 sumus

391 1431 452 1483 et,
493 1431 696 1483 quantum
735 1441 979 1483 possumus,
1018 1440 1094 1483 pro
1135 1426 1292 1468 honore
1323 1427 1461 1468 vestro
1493 1423 1745 1468 laboramus.
1807 1422 1952 1479 Itaque

391 1505 565 1548 comites
585 1504 637 1547 N.
662 1507 704 1547 et
723 1504 774 1547 N.
797 1506 937 1547 vestro
963 1503 1133 1546 servitio
1165 1502 1390 1546 ascivimus
1422 1504 1476 1556 et,
1507 1500 1589 1544 fide
1611 1513 1660 1544 ac
1679 1500 1952 1544 sacramentis

392 1585 434 1625 et
469 1582 683 1625 obsidibus
717 1581 919 1638 acceptis,
960 1594 1035 1637 pro
1068 1583 1194 1636 captu
1224 1578 1397 1622 humani
1426 1577 1606 1633 ingenii,
1645 1581 1846 1634 quantum
1877 1590 1953 1635 po-

390 1659 562 1713 tuimus,
595 1659 935 1702 constrinximus.
984 1657 1201 1701 Castrum⁰
1225 1668 1388 1712 quoque
1410 1654 1474 1698 .N.
1496 1654 1594 1699 licet
1622 1668 1718 1698 cum
1739 1654 1953 1710 aliquanto

391 1735 548 1790 labore,
564 1736 654 1779 Deo
677 1735 921 1790 auxiliante,
944 1749 1021 1791 pro
1043 1737 1182 1778 vestro
1204 1732 1369 1776 tamend
1387 1731 1767 1775 consummavimus
1781 1731 1950 1775 honore.

511 1812 708 1856 Preterea
739 1826 876 1856 comes
909 1812 974 1855 .N.
1008 1825 1091 1854 una
1121 1811 1338 1854 nobiscum
1372 1812 1554 1853 vestram
1586 1807 1798 1852 certificat·
1817 1808 1954 1853 excel.-

392 1890 580 1945 lentiam,
615 1890 724 1945 quod
746 1890 834 1932 vita
864 1889 1016 1933 comite
1045 1891 1191 1931 nostra
1221 1888 1368 1930 civitas
1400 1900 1495 1930 cum
1522 1889 1610 1930 tota
1638 1886 1856 1943 provincia
1876 1885 1953 1930 sub

393 1966 594 2024 fidelitate
625 1966 868 2010 firmissima
898 1966 942 2009 in
963 1969 1101 2009 vestro
1132 1965 1301 2008 servitio
1327 1962 1590 2020 permanebit
1621 1965 1662 2006 et
1691 1971 1769 2020 pro
1796 1962 1953 2007 honore

392 2045 512 2098 regni
543 2047 705 2087 certare
735 2058 821 2086 non
852 2043 1044 2087 cessabit.
1165 2042 1339 2085 Mandat
1364 2040 1491 2084 etiam
1512 2039 1754 2084 discretioni
1775 2043 1952 2095 vestrae,

395 2121 504 2177 quod
543 2121 596 2168 de
636 2121 927 2164 constituenda
964 2120 1196 2162 munitione
1226 2119 1299 2173 N.,
1341 2118 1464 2162 sicuti
1495 2132 1569 2161 vos
1609 2103 1882 2175 praecepistis
1912 2120 1955 2161 et

393 2198 461 2242 N.⁰
493 2182 588 2241 cum
625 2198 774 2242 ceteris
806 2197 956 2241 vestris
995 2196 1339 2240 ministerialibus
1378 2195 1590 2250 laudavit,
1626 2195 1781 2239 idcirco
1820 2193 1954 2238 adhuc

394 2270 618 2330 remansit,
651 2276 749 2330 quia
779 2275 884 2331 ipsis
917 2278 958 2317 et
987 2274 1160 2329 reliquis
1192 2273 1342 2316 vestris
1373 2272 1565 2316 fidelibus
1597 2273 1732 2327 magis
1762 2284 1953 2316 necessa-

394 2353 504 2396 rium
537 2353 672 2395 visum
712 2355 795 2407 est,
836 2355 974 2394 castra
1011 2351 1278 2393 inimicorum
1315 2354 1548 2393 vestrorum
1584 2353 1770 2393 evertere
1810 2352 1852 2392 et
1882 2362 1953 2393 ex-

395 2430 598 2486 stirpare,
635 2443 682 2472 ac
713 2428 844 2484 tunc‘,
885 2428 992 2471 sicut
1022 2427 1329 2484 beneplacitum
1361 2427 1478 2471 vobis
1508 2427 1654 2482 fuerit,
1686 2426 1730 2469 in
1762 2423 1953 2473 omnibus

396 2506 698 2562 obtemperare.

515 2583 708 2626 Vestram
740 2582 868 2637 igitur
900 2582 1211 2625 serenissimam
1242 2581 1503 2624 maiestatem
1537 2579 1783 2636 suppliciter
1807 2591 1953 2622 exora-

395 2673 509 2702 mus:
542 2663 589 2702 ut
619 2659 807 2716 propicio
841 2672 889 2702 ac
918 2661 1094 2715 paterno
1128 2657 1278 2702 affectu
1308 2671 1435 2714 super
1455 2670 1531 2700 nos
1563 2659 1604 2700 et
1634 2656 1851 2701 ecclesiam
1871 2654 1954 2699 Ar-

490 2798 516 2818 a.
550 2789 647 2819 occuli
668 2789 702 2819 Z.
816 2789 846 2818 b.
878 2789 1026 2819 tirannica
1047 2788 1081 2819 Z.
1196 2797 1222 2818 0.
1256 2788 1360 2818 eastra
1381 2787 1418 2817 Z.
1530 2786 1559 2816 d.
1591 2788 1635 2816 tffi
1656 2786 1691 2816 Z.
1805 2795 1832 2816 e.
1864 2786 1896 2815 et
1915 2784 1953 2815 N.

396 2850 452 2871 om.
466 2842 496 2872 V.
621 2842 642 2871 f.
674 2841 705 2872 fc
726 2841 784 2872 VZ.

493 2917 525 2951 1.
551 2915 743 2961 episcopus
768 2915 1059 2961 Argentinensis.
1179 2916 1213 2951 2.
1243 2913 1455 2951 Innocentio
1471 2914 1507 2950 II
1531 2916 1569 2949 et
1593 2912 1771 2949 Anacleto
1788 2911 1824 2948 11
1847 2910 1952 2958 papis

396 2975 534 3011 electis.
677 2975 712 3010 3.
743 2974 950 3010 Richinzae.
