2028 3438
281 350 299 384 1
306 349 372 384 106

293 397 363 428 Mai.

255 504 325 535 Mai.
333 504 372 535 13

397 219 483 263 248
907 229 1129 262 nmmum
1157 229 1325 265 oonnx.
1376 227 1439 261 131

396 336 520 381 ficare
551 336 825 392 decrevimus,
850 349 980 392 quam
1012 336 1338 380 misericorditer
1363 335 1477 380 Deus
1507 348 1624 381 more
1654 348 1730 379 suo
1761 339 1858 394 post
1873 335 1950 382 ¹111—

396 427 564 458 mensos
593 414 758 458 labores
789 416 831 456 et
862 413 1033 457 sudores
1064 412 1291 470 plurimos¹¹
1322 412 1540 456 nobiscum
1570 415 1766 469 operatus
1795 413 1866 459 sit„

514 491 563 534 In
593 491 660 534 die
692 493 835 534 sancto
865 490 1150 546 pentecostes¹¹
1174 514 1228 520 —
1253 489 1323 544 qui
1354 488 1442 532 dies
1472 502 1525 532 ex
1556 489 1745 535 adventu,
1766 488 1950 546 Spiritus

397 568 531 611 sancti
562 570 748 611 sacratus
781 571 823 611 et
852 567 1012 610 cunctis
1042 566 1232 610 fidelibus
1267 566 1359 609 iure
1390 565 1632 622 sollempnis
1663 569 1768 622 est„
1781 565 1857 623 illo
1886 566 1951 610 in-

398 657 523 700 quam
554 644 622 688 die
643 668 698 674 —
721 643 810 687 Deo
843 644 903 687 sic
933 643 1166 697 ordinante,
1195 643 1240 686 in
1261 642 1455 698 Anagnia
1485 643 1665 690 civitate
1683 641 1950 701 Campaniata

397 734 504 777 quae
543 721 791 764 Romaniam
829 720 979 763 dividit
1019 723 1061 763 et
1097 719 1317 776 Apuliam,
1363 719 1612 776 episcopalis
1650 719 1952 777 benedictionis

396 805 569 841 munus⁰
601 798 791 854 quamvis
821 797 1018 852 indignus
1041 796 1222 840 Domino
1253 796 1457 851 largiente
1488 796 1666 853 suscepi,
1698 795 1950 853 venerabili‘¹

395 888 508 931 papa
537 874 711 917 domnoe
736 874 960 928 P(aschali)
992 887 1164 917 manum
1194 874 1448 930 imponente,
1481 873 1630 930 ceteris
1662 886 1759 916 vero
1790 872 1952 931 episco-

395 951 462 1007 pis
508 950 700 1007 plurimis
740 951 1080 1007 cooperantibus,
1128 950 1237 994 clero
1286 962 1448 1005 quoque
1486 949 1700 994 Romanae
1719 983 1725 991 <s
1739 948 1952 1006 ecclesiae,

397 1027 514 1071 cuius
534 1040 688 1082 magna
718 1040 817 1083 pars
840 1041 890 1071 ea
910 1027 977 1071 die
997 1027 1044 1071 in
1065 1027 1240 1071 eandem
1260 1026 1473 1070 civitatem
1493 1029 1756 1082 convenerat,
1789 1029 1952 1084 astante

398 1107 441 1148 et
468 1104 765 1147 consentiente.
812 1103 887 1147 Et‘
916 1104 1026 1160 quod
1057 1103 1175 1159 nulli,
1208 1117 1233 1150 a
1251 1103 1438 1146 Romano
1469 1102 1666 1159 pontifice
1697 1107 1952 1160 consecrato,

397 1181 552 1224 nostris
581 1180 841 1237 temporibus
873 1181 1070 1236 contigit,
1111 1181 1201 1224 sine
1232 1179 1483 1234 obligatione
1515 1180 1690 1224 alicuius
1727 1180 1953 1242 iuramenti

398 1260 663 1302 consecratus
694 1270 799 1300 sum.
1701 1307 1704 1310 ⁴
1947 1299 1949 1301 ,

516 1334 650 1377 Huius
688 1333 789 1388 loci,
828 1333 951 1377 huius
991 1334 1093 1389 diei,
1132 1333 1256 1376 huius
1294 1333 1501 1388 gratuitae
1531 1333 1952 1379 misericordiae-Dei

399 1425 565 1468 semper
593 1424 799 1454 memores
831 1424 921 1454 esse
953 1411 1171 1464 debemus;
1205 1414 1247 1454 et
1275 1413 1322 1453 ut
1342 1424 1415 1453 vos
1446 1424 1651 1455 memores
1683 1410 1953 1470 essavelitis,

399 1495 518 1532 cum*3
549 1489 778 1544 gratiarum
811 1488 972 1531 actione
1004 1487 1155 1531 obnixe
1186 1500 1427 1544 precamur3
1467 1488 1693 1545 praecipue
1715 1501 1821 1545 ,cuni
1845 1487 1954 1533 aliae

399 1579 522 1622 quam
556 1565 696 1622 plures
728 1564 990 1608 venerandae
1020 1577 1246 1621 personae,
1279 1565 1330 1608 de
1360 1565 1523 1620 magnis
1555 1565 1679 1609 rebus
1710 1565 1822 1623 apud
1851 1578 1953 1623 apo-r

398 1643 589 1686 stolicam
621 1641 761 1684 sedem
792 1644 975 1696 agenteS,
1008 1641 1160 1684 infecto
1192 1641 1357 1696 negotio
1388 1641 1628 1686 redierinth.

515 1717 796 1773 Magnificatei
836 1731 933 1772 ergo
973 1717 1201 1761 Dominum
1241 1731 1406 1762 mecum
1450 1722 1492 1762 et
1529 1718 1760 1773 exaltemus
1798 1731 1952 1777 nomen

399 1796 486 1839 eius
517 1791 740 1848 invicem¹3
771 1786 840 1837 ‘cui
861 1807 986 1849 quam
1010 1794 1132 1838 facile
1158 1798 1221 1838 est
1250 1795 1445 1838 resistere
1476 1795 1682 1852 superbis,
1713 1798 1801 1841 tam
1829 1795 1952 1854 facile

399 1875 462 1916 est
490 1871 718 1914 humilibus
740 1861 849 1913 ‘dare
880 1869 1096 1925 gratiam².
1153 1871 1258 1922 Quia
1288 1886 1386 1915 vero
1419 1885 1613 1928 asperum
1646 1875 1728 1927 est,
1769 1872 1950 1916 confusis

398 1937 655 2005 temporibus
687 1961 777 1991 esse
808 1948 1085 2004 praepositos,
1117 1949 1346 1991 curandum
1366 1949 1486 1992 nobis
1507 1951 1572 1992 est
1602 1951 1645 1992 et
1667 1949 1835 1993 omnino
1861 1952 1952 1996 sat-

399 2026 627 2080 agendum,
665 2027 713 2067 ut
748 2038 815 2067 res
847 2025 952 2068 dura
987 2024 1062 2068 fiat
1091 2026 1293 2068 mercedis
1325 2026 1500 2069 occasio,
1554 2025 1667 2069 Dum
1699 2039 1796 2082 ergo
1827 2026 1951 2070 semi-

397 2103 527 2146 nandi
557 2106 722 2158 tempus
754 2104 830 2157 est,
862 2101 1023 2145 semina
1042 2102 1245 2146 bonorum
1267 2116 1441 2159 operum
1462 2116 1600 2146 serere
1622 2116 1707 2146 non
1726 2116 1949 2159 cessemus,

397 2183 445 2222 ut
474 2180 652 2222 maiores
683 2179 728 2221 in
760 2179 826 2221 die
856 2179 1004 2222 messis
1034 2179 1219 2223 laetitiae
1249 2179 1485 2236 manipulos
1515 2184 1790 2236 reportemus»,
1822 2180 1951 2237 capiti

397 2260 554 2311 nostro,
586 2256 697 2312 quod
727 2258 790 2298 est
817 2255 1021 2311 Christus,
1052 2270 1128 2312 per
1158 2269 1400 2312 compagem
1430 2257 1624 2300 karitatis
1655 2256 1947 2312 adhaerentes3

397 2347 450 2377 ne
483 2333 533 2376 ab
566 2347 626 2388 eo,
660 2333 882 2375 mundanis
912 2332 1006 2389 plus
1037 2333 1146 2376 iusto
1175 2333 1325 2376 intenti
1355 2332 1495 2389 lucris,
1527 2347 1769 2390 separemur
1800 2337 1842 2377 et
1863 2334 1949 2378 vel-

398 2411 460 2454 uti
491 2410 684 2466 palmites
716 2410 767 2453 de
794 2410 878 2453 vite
910 2410 1030 2454 eiecti
1062 2407 1333 2454 arescamus³.
1381 2410 1464 2453 Sed
1494 2411 1593 2466 quia
1620 2411 1665 2454 in
1696 2412 1948 2467 exequendis

398 2487 587 2530 iusticiae
610 2487 803 2543 operibus
826 2487 991 2530 divinae
1022 2488 1180 2541 gratiae
1212 2487 1416 2530 adiutorio
1448 2501 1551 2544 opus
1579 2491 1655 2543 est,
1687 2489 1948 2546 omnipoten-

399 2563 453 2607 tis
476 2563 556 2606 Dei
588 2564 765 2607 assiduis
796 2564 988 2620 precibus
1019 2563 1283 2607 clementiam
1314 2567 1497 2619 exorate,
1530 2567 1733 2620 quatenus
1764 2565 1817 2608 ad
1847 2565 1949 2609 haec

398 2639 518 2682 nobis
551 2641 762 2695 operanda
793 2644 833 2684 et
863 2641 969 2683 velle
999 2641 1157 2684 tribuat
1187 2644 1228 2684 et
1258 2654 1380 2697 posse
1411 2641 1627 2696 concedat,
1669 2644 1793 2698 atque
1823 2642 1869 2685 in
1899 2656 1949 2686 ea

400 2729 474 2758 nos
496 2716 564 2758 via
596 2730 689 2759 cum
720 2718 858 2761 fructu
888 2717 986 2761 boni
1018 2718 1168 2774 operis,
1202 2731 1326 2773 quam
1359 2730 1402 2760 se
1434 2731 1524 2761 esse
1554 2720 1731 2761 testatus
1755 2716 1854 2774 est⁴¹,
1885 2719 1947 2762 di-

493 2801 518 2822 a.
551 2793 677 2823 sudores
698 2793 811 2824 iterum
832 2793 902 2824 add.
921 2794 952 2825 V.
1048 2795 1078 2824 b.
1110 2795 1321 2833 penthecostes
1343 2794 1374 2823 V.
1468 2803 1493 2823 c.
1526 2803 1645 2824 manum
1665 2794 1724 2826 VZ.
1817 2795 1846 2825 d.
1877 2795 1946 2826 bea.-

398 2846 517 2875 tissimo
540 2846 578 2876 E.
683 2855 709 2875 e.
741 2857 796 2876 om.
814 2847 901 2877 ΓΖΕ.
1005 2847 1026 2877 f.
1058 2856 1114 2877 om.
1129 2847 1166 2877 H.
1263 2855 1291 2884 g.
1323 2847 1403 2876 omni
1425 2846 1496 2876 add.
1511 2847 1549 2877 E.
1642 2847 1672 2877 h.
1694 2847 1800 2878 Valete
1821 2847 1892 2879 add.
1907 2848 1946 2879 H.

399 2898 419 2928 i.
452 2907 527 2936 quae
550 2900 715 2936 sequuntur
736 2909 791 2930 om.
810 2900 898 2930 VZH.

495 2955 527 2990 1.
553 2955 611 2991 Ps.
631 2956 687 3001 33,
705 2956 739 2993 4.
836 2958 870 2993 2.
895 2957 967 2993 iae.
985 2957 1019 3003 4,
1037 2958 1070 2993 6.
1166 2957 1199 2993 3.
1227 2955 1281 2993 ef.
1305 2956 1379 2993 Ioh.
1395 2957 1450 3002 15,
1468 2957 1500 2992 6.
1596 2957 1631 2993 4.
1657 2956 1803 3003 1011.14,
1822 2958 1855 2994 6.
