2028 3438
422 264 588 305 11301116
617 265 725 296 vri-A
755 263 967 296 orreum.
1014 265 1103 296 Lm.
1125 263 1177 295 111
1206 262 1254 296 25
1539 251 1624 295 687

7 359 10 365 ’
55 369 160 426 111ῠῆ
182 369 473 422 immensum.
489 370 646 419 montis
677 369 959 426 attraherent,
995 369 1228 426 inquisivit.
1292 368 1352 414 At
1388 368 1484 414 ille:
1533 370 1626 414 Noc
1653 379 1748 416 1134

56 447 397 505 mmmm,
437 450 515 505 qui
551 449 803 493 elemosinas.
835 457 875 493 et
912 448 1114 504 beneficia
1145 448 1336 505 plurima
1375 463 1403 490 a
1438 449 1514 504 pio
1549 447 1626 491 Oc-

59 534 182 579 mo,
191 527 498 592 percepimus
527 527 703 583 ideoque
742 527 914 578 domum
955 527 1193 583 preciosam
1235 526 1276 568 ei
1317 526 1365 567 in
1399 525 1626 581 supercilio

58 603 650 659 muhssflmiusadfficamue.
704 602 783 649 Cui
802 602 1071 661 Lyppoldus:
1102 602 1364 659 Ecquando
1397 601 1458 645 ait
1480 603 1628 645 domus

56 681 130 734 Ιιρό,
159 681 542 733 mmbiwr?
585 679 661 729 Ille
692 693 812 731 vero:
851 682 957 726 Post
996 682 1331 738 quinquennium
1360 678 1501 735 inquit
1524 694 1627 736 per-

46 758 171 814 fecta
199 759 345 813 domo,
387 773 480 802 cum
511 759 652 802 leticia
692 767 730 802 et
769 759 1030 802 exultacione
1066 758 1146 801 huc
1177 772 1273 811 eum
1299 757 1626 800 introducemus.

58 835 165 889 »Sed
162 843 242 887 Μ
250 850 380 890 mes
394 851 447 881 ne
476 837 676 893 utiquam
705 836 778 879 hec
797 844 893 879 ante
913 837 1216 893 quinquennii·
1236 843 1397 892 tempus
1419 834 1627 891 expletum

55 913 346 970 menifestum
356 926 596 971 ,presumas-
648 912 707 957 Et
743 912 809 956 his
840 912 985 968 dictis,
1025 912 1192 957 sublata
1224 914 1289 956 est
1318 911 1438 955 visi0.
1492 910 1628 962 Quam

56 993 257 1048 tempora
278 989 544 1043 dormitionis
576 989 811 1034 beatissimi
842 990 977 1048 patris
1007 989 1143 1034 nostri
1173 1003 1227 1034 ex
1257 1002 1330 1033 ore
1352 988 1540 1032 eiusdem
1561 1001 1626 1032 se·
1655 996 1746 1032 1139

55 1067 189 1122 niens
213 1065 441 1125 LyppoIdi
470 1067 729 1122 audivimus;
777 1068 850 1124 qui
887 1070 930 1111 et
966 1067 1058 1124 ipse
1097 1070 1199 1111 tunc
1237 1066 1477 1122 egritudine
1506 1066 1628 1121 gravi

57 1143 383 1201 etsslongiturna
415 1144 695 1199 decumbebat
731 1147 774 1188 et
810 1144 957 1189 morbo
995 1144 1209 1188 confectus
1247 1144 1271 1187 7
1305 1143 1404 1188 Idus
1442 1143 1627 1199 Augusti

56 1221 534 1279 beatusne-..requievit
561 1222 608 1266 in
637 1221 833 1266 Domino.
863 1274 869 1281 q

66 1333 79 1351 2
93 1345 109 1353 .,
136 1299 262 1355 ..fied
286 1303 340 1355 ut
367 1300 447 1355 ad
457 1299 608 1358 priora
634 1313 866 1355 recurram,
905 1299 1000 1357 pius
1039 1302 1161 1357 pater
1191 1301 1336 1343 noster
1366 1298 1488 1354 Otto,
1529 1301 1628 1355 post

55 1377 245 1435 longum
253 1391 448 1431 mersus
478 1377 882 1435 peregrinacionem,
913 1390 1030 1422 more
1049 1390 1125 1421 suo
1155 1390 1232 1420 nos
1254 1376 1447 1432 visitans,
1478 1378 1626 1432 utpote
1700 1384 1792 1419 1127

56 1467 159 1509 eun
180 1454 335 1512 ,quibus
365 1468 438 1504 cor-
465 1468 597 1501 unum
630 1458 674 1499 et
702 1455 890 1499 animam
921 1455 1123 1510 habebat,
1160 1453 1402 1510 requisivit:
1451 1434 1710 1509 (1111113111Ροιῄ
1727 1433 1854 1463 Dec‘w

57 1532 261 1589 agnobi}
290 1546 341 1578 eo
371 1532 545 1578 absente
574 1533 689 1587 viam
719 1533 915 1577 universe
945 1533 1084 1576 carnis
1114 1531 1296 1587 ingressi
1327 1534 1481 1575 essent.
1534 1530 1627 1574 Hoc

57 1610 391 1678 enimisemper,
416 1610 484 1655 de
511 1610 772 1667 profectione
803 1610 991 1667 qualibet
1027 1610 1219 1665 redienS,
1258 1608 1410 1653 affectu
1449 1612 1627 1665 paterno

57 1687 231 1742 solebat
245 1687 482 1744 inquirere.
530 1687 648 1732 Tunc
678 1691 821 1732 autem
852 1691 997 1732 sancte
1035 1687 1339 1732 recordationis
1369 1686 1627 1730 Adalbertus

57 1764 389 1821 elemosinarius,
420 1778 544 1811 verus
565 1764 647 1809 Dei
676 1779 823 1810 servus
855 1768 898 1809 et
927 1765 1007 1810 sibi
1028 1765 1399 1820 familiarissimuS,
1432 1764 1486 1808 ad
1507 1763 1629 1807 Chri-

57 1843 284 1900 stumffcui
313 1846 470 1889 mente*
485 1846 529 1887 et
547 1856 724 1901 corpore
753 1843 1010 1887 indefessam
1031 1842 1223 1887 exhibuit
1253 1841 1515 1897 servitutem,
1547 1841 1628 1885 mi·

56 1923 270 1977 grauem,
295 1920 452 1970 ..Cuius
489 1921 675 1965 transitu
703 1921 769 1965 vir
805 1921 954 1966 beatus
995 1920 1160 1977 audito,
1197 1923 1311 1964 totus
1347 1921 1393 1962 in
1429 1919 1628 1963 lacrimas

55 1997 301 2055 resolutus,
325 2011 373 2043 se
401 1998 613 2044 infelicem
642 1998 909 2055 clamitabat,
949 1999 1061 2055 quod
1098 2001 1187 2042 tam
1218 1998 1341 2042 beate
1371 1997 1533 2053 anime,
1575 1996 1629 2040 ad

55 2076 240 2143 patriam
270 2075 476 2121 claritatis
507 2079 652 2121 eterne
682 2076 902 2132 migranti,
941 2075 1158 2132 solempne
1187 2074 1348 2118 funeris
1381 2074 1628 2131 obsequium

57 2152 255 2208 exhibere
275 2166 362 2198 11011
380 2154 616 2198 meruisset.
717 2153 825 2197 Erat
844 2167 1027 2210 namque
1046 2153 1160 2198 idem
1180 2152 1312 2196 frater
1332 2154 1477 2196 noster
1496 2151 1628 2195 Adal-

56 2230 201 2276 bertus
230 2234 349 2276 tanto
381 2231 516 2276 divini
547 2231 704 2275 amoris
737 2231 834 2286 igne
865 2244 1105 2287 succensus,
1144 2234 1192 2274 ut
1227 2229 1470 2274 cottidianis
1503 2233 1629 2286 atque

56 2308 282 2363 abendune
311 2308 584 2354 lacrimarum
613 2308 800 2352 fontibus
830 2308 986 2364 gaudia
1014 2308 1182 2353 celestis
1222 2308 1358 2365 patrie
1396 2306 1628 2363 anhelaret,

56 2398 210 2443 corpus
248 2386 376 2430 etiam
408 2386 564 2442 vigiliis
603 2399 652 2430 ac
690 2385 860 2430 ieiuniis
892 2386 1189 2430 convenienter
1220 2388 1472 2428 attenuaret.
1518 2384 1629 2428 Huic

57 2476 180 2517 servo
198 2462 282 2508 Dei
310 2477 545 2521 pauperum
572 2476 673 2508 cura
701 2466 794 2507 erat
813 2463 1017 2518 delegata.
1064 2463 1200 2515 Quam
1225 2466 1346 2506 tanta
1375 2461 1628 2506 humilitatis

57 2539 285 2585 devocione
324 2541 495 2598 agebat,
541 2544 591 2585 ut
620 2541 674 2585 ad
706 2540 946 2598 exemplum
977 2540 1161 2584 Martirii
1191 2539 1410 2595 monachi,
1457 2539 1508 2584 de
1545 2553 1627 2597 quo

56 2617 204 2672 beatus
234 2617 463 2674 Gregorius
493 2618 624 2663 refert
635 2616 659 2674 ¹,
691 2618 876 2675 propriis
911 2618 1098 2662 humeris
1128 2617 1319 2675 leprosos
1351 2616 1556 2661 baiolaret
1586 2621 1629 2662 61

55 2698 146 2743 tam
176 2708 247 2740 eos
280 2708 407 2752 quam
445 2699 487 2740 et
524 2695 651 2751 alios,
690 2695 867 2739 diversis
898 2695 1141 2739 morborum
1180 2693 1403 2750 generibus
1441 2708 1626 2752 pressos,

58 2785 162 2829 quos
193 2772 337 2819 videre
366 2773 531 2818 horrori
562 2776 676 2829 erat,
714 2759 802 2816 suis
835 2772 1030 2818 manibus
1070 2771 1268 2817 alacriter
1298 2771 1460 2817 balneis
1492 2776 1535 2817 et
1564 2771 1627 2816 la-

154 2899 182 2922 a.
214 2891 453 2932 quinquennium
478 2891 510 2923 C.

153 2955 187 2992 1.
213 2953 250 2991 S.
269 2954 436 3001 Gregorii
460 2955 498 2991 in
522 2954 715 3001 euangelia
739 2955 781 2991 L.
798 2954 834 2990 11
865 2953 1012 2991 homilia
1036 2955 1083 2990 39
1109 2964 1141 2990 c.
1161 2955 1224 3001 10,
1255 2954 1347 3001 Opp.
1372 2954 1430 2990 ed.
1449 2953 1625 2990 Benedic-

57 3013 124 3049 tini
147 3013 192 3049 T.
210 3013 226 3049 Ι
249 3025 285 3060 p.
303 3014 406 3050 1650.
