2028 3438
428 259 513 302 736
826 274 1063 304 nannonm
1093 274 1332 306 DtALOGUS.
1380 275 1468 306 Lm.
1490 275 1507 306 1
1538 273 1584 307 38

309 385 402 420 1150
426 376 687 431 Ungarorum
718 378 965 422 inimicicias
993 380 1274 436 experiantur.
1320 379 1463 424 Abbas
1484 392 1582 424 vero
1603 380 1903 425 Admuntensis
1918 404 1973 412 -—

425 453 489 496 vir
520 453 644 509 digne
678 456 956 511 auctoritatis,
995 469 1149 511 gnarus
1183 456 1234 499 ad
1266 457 1406 500 omnia
1443 460 1485 500 et
1519 457 1651 501 multo
1685 457 1848 514 pollens
1875 470 1976 502 con-

424 530 531 586 silio,
564 532 724 575 meritis
757 545 804 575 ac
834 533 1036 587 religione
1057 533 1181 576 decus
1211 536 1254 576 et
1275 532 1582 578 firmamentum
1614 534 1835 579 monastici
1864 534 1975 579 ordi-

423 608 489 650 nis
511 633 566 637 —
586 608 639 651 ad
660 609 786 652 verba
805 609 1037 664 legatorum
1067 609 1142 653 hec
1172 610 1338 666 paucis:
1373 611 1425 653 In
1446 612 1523 654 liae
1545 627 1670 655 causa
1689 611 1828 667 inquit
1845 613 1977 655 nichil

424 701 449 728 a
470 688 588 728 nobis
613 701 840 743 perperam
871 695 1007 729 actum
1038 695 1095 730 est
1126 696 1198 730 aut
1229 697 1385 744 ayetur.
1441 690 1528 733 Sed
1556 690 1678 732 hodie
1707 703 1972 732 curant-”cor-

421 777 573 819 porum
604 772 845 815 vestrorum,
880 765 982 819 quia
1012 766 1159 806 itinere
1176 765 1362 822 fatiqati
1390 769 1498 819 estis,
1531 766 1652 808 velim
1672 750 1823 822 aqatiss.
1870 764 1972 808 Ora-

422 841 532 882 etina
571 841 658 882 dies
696 843 912 896 neqocium
950 850 1127 883 vestrum
1166 844 1362 898 expediet.
1418 842 1562 898 Itaque
1599 841 1715 885 lauto
1755 841 1971 898 epularum

368 930 371 932 “
422 920 627 972 apparatu
657 916 871 972 multaque
891 917 1107 972 diligentia
1138 918 1197 961 eis
1228 918 1507 962 ministrabat.
1556 918 1755 974 Sequenti
1775 932 1875 963 vero
1905 919 1972 963 die

422 992 549 1036 abbas
572 993 624 1035 ad
643 993 824 1047 legatos:
856 995 913 1036 Et
935 996 1038 1050 quid
1056 995 1192 1050 inquit
1209 996 1398 1051 facietis,
1423 999 1463 1039 si
1481 998 1652 1039 domina
1673 1004 1808 1040 vestra
1828 1005 1973 1054 sponte

421 1086 498 1112 sua
537 1071 746 1113 vobiscum
783 1073 922 1114 venire
957 1072 1163 1115 noluerit?
1215 1073 1437 1129 Numquid
1481 1075 1656 1117 invitam
1698 1073 1972 1117 abstraheris?

420 1149 625 1204 numquid
653 1148 811 1191 nolenti
840 1157 878 1191 et
905 1151 1098 1192 renitenti
1125 1150 1325 1193 violentas
1357 1165 1506 1193 manus
1535 1151 1742 1194 inicietis?
1791 1149 1847 1194 Si
1876 1152 1969 1207 qui·-

420 1225 511 1266 dem
542 1225 618 1266 hoc
647 1225 812 1281 reqibue
844 1242 893 1268 ac
923 1228 1078 1282 reyinis
1111 1235 1333 1269 eatremam
1364 1228 1538 1270 dedecus
1570 1236 1647 1280 eet,
1686 1229 1731 1270 vi
1768 1227 1882 1270 trahi
1914 1228 1972 1269 ad

420 1303 533 1357 quod
561 1302 708 1354 nolint,
744 1311 781 1345 et
810 1303 955 1355 subici,
991 1305 1159 1359 quando
1181 1319 1265 1347 non
1286 1305 1424 1357 velint,
1458 1314 1583 1361 atque
1605 1305 1741 1351 aliene
1767 1304 1972 1347 voluntati
2019 1293 2028 1298 ’

418 1394 488 1420 seu
509 1379 700 1421 violentie
720 1382 972 1436 mancipari,
1004 1396 1088 1423 non
1117 1389 1219 1437 puto
1251 1383 1298 1423 id
1322 1383 1539 1424 convenire
1568 1383 1744 1438 inqenue
1774 1382 1966 1424 libertati.

418 1453 477 1497 At
505 1454 586 1497 illi:
622 1455 697 1499 Sic
727 1465 786 1499 est
814 1456 1009 1512 inquiunt
1047 1467 1084 1501 et
1112 1473 1187 1500 nos
1220 1473 1310 1500 eam
1342 1459 1524 1502 libertati
1558 1473 1630 1501 sue
1658 1460 1871 1502 restituere
1899 1472 1967 1500 ve-

416 1534 568 1585 nimus,
603 1541 640 1575 et
659 1548 744 1575 non
775 1536 858 1576 vim
888 1535 1046 1590 inferre
1076 1537 1148 1577 sed
1178 1537 1416 1592 obsequium
1441 1544 1632 1592 prestare
1661 1537 1719 1578 ad
1747 1549 1843 1578 euos
1872 1536 1967 1578 red-

418 1611 542 1651 eunti.
595 1610 790 1666 Denique
827 1613 867 1653 si
903 1613 954 1654 ab
991 1613 1170 1668 indiyna
1203 1614 1412 1655 coactione
1441 1613 1578 1655 soluta
1607 1618 1758 1668 eaeque
1788 1612 1971 1655 libertati

416 1688 604 1728 restituta
631 1687 793 1741 fuerit,
832 1703 931 1730 sane
963 1690 1193 1744 quidquid⁰
1222 1691 1402 1745 propria
1434 1690 1729 1732 deliberatione
1755 1689 1965 1745 deleyerit,

415 1777 546 1818 neque
575 1778 650 1805 nos
680 1779 812 1820 neque
841 1780 912 1807 vos
941 1766 1161 1821 prohibere
1191 1767 1403 1816 debemus3
1438 1775 1474 1809 et
1505 1767 1696 1808 dominae
1727 1774 1865 1809 noster
1893 1781 1969 1808 rex

425 1839 689 1895 Unyaroram
718 1842 1012 1883 invictissimus
1042 1843 1275 1885 indecenter
1304 1844 1369 1885 vel
1399 1852 1542 1886 contra
1574 1844 1696 1885 decue
1731 1845 1841 1900 reqii
1867 1858 1965 1886 ean-

411 1918 555 1972 9uinis
587 1918 770 1960 habitam
798 1933 1042 1973 ,firmanam
1073 1934 1192 1961 suam
1214 1922 1467 1962 eouterinam
1489 1922 1660 1962 causari
1685 1935 1770 1962 non
1794 1922 1964 1977 poterit.

414 1991 577 2036 Placuit
606 2007 741 2036 sermo
775 1994 914 2037 abbati
947 1998 988 2038 et
1016 1995 1228 2038 fratribus.
1275 1996 1332 2040 Et
1352 1997 1564 2040 venientes
1596 1997 1641 2039 in
1672 1996 1825 2040 atrium
1856 1996 1966 2054 basi-

413 2069 493 2112 lice
532 2074 628 2113 ante
662 2070 772 2113 fores
804 2071 998 2127 claustri,
1037 2086 1118 2127 quo
1149 2073 1267 2127 virgo
1299 2086 1418 2116 sacra
1449 2087 1541 2116 cum
1573 2073 1804 2128 virginibus
1831 2073 1965 2116 *sacris

415 2146 556 2189 clausa
577 2147 766 2202 degebat,
800 2148 903 2190 duos
934 2148 1077 2203 globos
1108 2149 1329 2204 faciebant,
1362 2164 1548 2193 seorsum
1579 2150 1709 2205 legati
1739 2153 1781 2194 et
1809 2150 1964 2193 milites

414 2223 674 2279 populusque
703 2224 859 2267 multus
881 2225 951 2280 qui
973 2226 1025 2267 ad
1046 2225 1327 2281 spectaculum
1349 2230 1532 2282 venerat,
1565 2230 1606 2270 et
1627 2240 1814 2270 seorsum
1836 2226 1963 2270 abbas

414 2313 507 2342 cum
527 2300 727 2344 fratribus
759 2304 800 2344 et
826 2301 1052 2344 monachis.
1099 2302 1350 2346 Reserantur
1381 2307 1535 2359 postes,
1567 2304 1690 2347 ianue
1721 2303 1963 2347 claustrales

412 2377 666 2432 panduntur,
697 2378 842 2432 regina
873 2378 986 2421 exire
1017 2380 1069 2422 ad
1100 2380 1271 2423 nuncios
1302 2383 1483 2434 rogatur.
1537 2380 1673 2434 Negat
1702 2380 1795 2434 illa;
1835 2379 1963 2424 nichil

414 2454 493 2496 sibi
524 2457 565 2497 et
595 2454 654 2497 eis
686 2454 848 2508 dioens3
889 2455 979 2510 lege
1018 2470 1062 2499 se
1099 2457 1179 2499 loci
1216 2457 1343 2499 limen
1373 2457 1517 2511 ianue,
1557 2457 1638 2499 nisi
1669 2459 1804 2500 morte
1833 2456 1960 2510 obita,

412 2543 495 2572 non
527 2544 617 2574 esse
647 2531 932 2574 transituram.
980 2532 1163 2575 Docetur
1193 2547 1304 2588 ergo,
1337 2533 1436 2589 quid
1465 2534 1576 2576 inter
1607 2533 1800 2577 abbatem
1832 2536 1874 2576 et
1902 2533 1962 2576 le-

412 2610 530 2661 gatos
562 2608 765 2651 sententie
797 2621 844 2651 ac
874 2609 1048 2652 rationis
1080 2610 1130 2652 de
1161 2610 1255 2666 ipsa
1278 2610 1529 2663 constiterit3
1561 2610 1677 2653 illam
1700 2609 1829 2654 desub
1849 2609 1960 2652 clau-

412 2683 510 2725 stris
539 2684 583 2727 in
606 2687 796 2740 apertum
825 2685 966 2739 egredi
988 2689 1192 2742 oportere,
1223 2685 1425 2729 liberamb
1454 2685 1559 2741 fieri,
1592 2687 1803 2730 coactione
1833 2686 1958 2740 solvi3

411 2762 593 2802 ceterum
625 2760 668 2802 in
701 2761 788 2803 eius
820 2761 992 2804 arbitrio
1012 2762 1246 2817 locandum,
1280 2776 1404 2818 quam
1425 2763 1538 2805 viam
1568 2766 1714 2819 postea
1744 2763 1825 2806 sibi
1856 2763 1959 2806 arri-

410 2848 509 2891 pere
541 2836 652 2879 velit.
706 2836 764 2879 At
794 2837 880 2892 illa,
913 2852 1084 2895 corpore
1114 2839 1292 2882 femineo
1323 2838 1465 2881 viriles
1498 2839 1657 2882 animos
1689 2853 1850 2895 gerens,
1887 2840 1959 2882 ubi

409 2912 535 2967 videt,
568 2913 666 2968 quia
686 2913 745 2956 sic
764 2927 933 2957 necesse
954 2918 1029 2969 est,
1060 2928 1195 2971 neque
1227 2915 1348 2958 aliter
1372 2915 1487 2958 litem
1519 2915 1653 2959 decidi
1683 2929 1820 2972 posse,
1850 2915 1957 2972 pede

501 3015 527 3035 a.
560 3006 632 3044 quid
653 3006 734 3045 quod
756 3007 796 3043 N,
820 3007 964 3045 quicquid
989 3007 1081 3038 CBR.
1184 3009 1214 3038 b.
1245 3008 1369 3038 liberam
1388 3023 1420 3030 -
1437 3008 1514 3039 solvi
1535 3018 1592 3039 om.
1607 3010 1656 3046 N;
1677 3009 1782 3049 recepi
1801 3018 1840 3039 ex
1865 3008 1957 3040 OBR.
2026 2996 2028 2998 .
