2028 3438
401 261 488 303 780
747 273 983 304 nnssssonm
1015 273 1253 304 numetis.
1302 274 1387 304 me.
1411 275 1444 304 11
1473 273 1613 306 33—35

283 389 375 423 1124
399 381 544 421 mutuo
583 383 812 435 sperarent.
934 379 991 423 Et
1029 380 1138 435 quod
1178 380 1291 422 omni
1330 380 1589 424 immanitate
1619 380 1834 425 crudelius
1859 385 1954 424 orat

399 455 600 499 femineos
639 459 784 512 partus
823 470 1016 511 enecare,
1064 470 1116 499 ne
1156 456 1267 499 ultra
1304 455 1441 510 fieret,
1484 456 1679 500 mulieres
1716 456 1953 501 collaudare

399 533 606 576 monebat.
669 533 774 576 Nam
816 546 946 589 usque
985 533 1036 576 ad
1076 533 1151 576 hec
1181 536 1395 589 tempora,
1436 533 1471 576 si
1502 532 1643 590 plures
1673 533 1781 577 filias
1812 533 1952 590 aliqua

399 610 623 665 genuisset,
656 613 703 653 ut
734 609 882 653 ceteris
913 609 1077 652 facilius
1111 609 1390 666 providerent,
1423 609 1584 666 aliquas
1617 623 1668 654 ex
1700 609 1759 654 eis
1789 609 1951 666 iugula·

400 686 513 741 bant,
545 700 621 743 pro
653 686 806 730 nichilo
838 686 1034 729 ducentes
1067 686 1352 742 parricidium.
1539 678 1544 682 ⁵
1894 690 1896 692 ’

519 764 588 805 34.
636 762 875 805 Emundata
916 763 1044 817 igitur
1082 763 1250 806 civitate
1289 763 1340 806 ab
1379 764 1640 807 immanitate
1676 764 1877 808 scelerum
1907 767 1952 808 et

400 839 710 895 spurcitiarum,
743 839 934 882 abdicata
965 840 1090 883 etiam
1123 841 1343 895 coniugum
1372 840 1626 897 pluralitate,
1656 840 1950 885 adiuvantibus

400 920 441 959 et
480 916 913 971 coeuangelizantibus
949 916 1032 959 illis
1064 917 1133 972 qui
1167 920 1263 960 ante
1294 917 1570 961 universalem
1602 917 1747 975 populi
1777 930 1950 962 censen-

399 1006 491 1035 sum
523 992 644 1036 fidem
678 993 796 1048 quasi
828 993 1023 1049 privatim
1058 997 1315 1050 acceperant,
1347 994 1452 1037 fiunt
1472 995 1712 1038 cathecismi
1742 1007 1816 1051 per
1836 995 1949 1038 vicos

399 1073 441 1112 et
478 1070 616 1126 capita
651 1070 906 1126 platearum,
948 1071 1048 1114 tuba
1079 1071 1246 1113 insonat
1277 1070 1503 1125 euangelii3
1545 1084 1687 1115 cruces
1718 1071 1948 1127 eriguntur,

399 1146 619 1190 crucifixus
651 1147 870 1199 adoratum
904 1148 1037 1190 omnis
1060 1151 1162 1203 etas,
1195 1148 1330 1191 omnis
1350 1147 1494 1202 lingua
1513 1147 1724 1192 Christum
1745 1148 1948 1204 nominat,

398 1222 608 1266 Christum
641 1224 839 1278 ruminat,
871 1224 1079 1280 verbaque
1109 1223 1206 1268 fidei
1238 1228 1310 1268 aut
1340 1225 1505 1268 discunt
1528 1238 1672 1269 omnes
1693 1228 1766 1268 aut
1785 1225 1946 1269 docent.

397 1299 444 1342 In
483 1303 570 1342 tam
610 1301 768 1355 ingenti
809 1304 945 1343 autem
985 1301 1173 1356 civitate,
1214 1315 1292 1357 que
1330 1305 1559 1357 nongentos
1596 1305 1736 1358 patres
1764 1297 1948 1346 familias

398 1376 554 1432 absque
584 1377 770 1434 parvulis
803 1381 844 1421 et
874 1377 1118 1421 mulieribus
1150 1381 1192 1421 et
1221 1378 1382 1433 reliqua
1412 1378 1680 1423 multitudine
1708 1382 1948 1424 numeratos

399 1453 599 1508 habebat,
632 1468 716 1496 non
747 1459 811 1498 est
840 1455 1011 1498 inventa
1043 1469 1240 1511 persona,
1274 1469 1352 1511 que
1383 1459 1479 1512 post
1507 1456 1744 1511 generalem
1775 1469 1947 1500 consen-

397 1544 487 1572 sum
527 1530 580 1573 ab
619 1531 824 1586 euangelii
856 1533 1032 1575 veritate
1071 1546 1114 1574 se
1152 1532 1365 1575 retrahere
1400 1533 1622 1587 niteretur3
1663 1533 1755 1576 nisi
1782 1536 1945 1577 tantum

397 1607 509 1650 solus
555 1607 626 1651 ille
673 1609 887 1663 sacerdOS,
937 1609 1006 1663 qui
1054 1609 1206 1665 prefati
1247 1609 1396 1652 caballi
1434 1609 1614 1653 habebat
1650 1623 1806 1654 curam.
1867 1609 1947 1654 Hie

397 1688 550 1739 autem,
583 1698 676 1728 cum
708 1685 850 1727 multis
882 1685 1269 1741 importunitatibus
1299 1686 1495 1740 fatigaret
1515 1688 1756 1743 episcopum
1778 1690 1820 1731 et
1840 1687 1946 1731 bono

396 1762 544 1804 semini
577 1762 740 1804 zizania
771 1762 1053 1818 superiaceret
1077 1787 1128 1792 —
1152 1762 1219 1805 die
1241 1763 1419 1817 quadam
1441 1777 1549 1818 cum,
1581 1764 1713 1807 multa
1744 1777 1866 1821 prece
1893 1764 1946 1808 ab

396 1838 588 1881 omnibus
620 1842 790 1893 rogatus
823 1842 864 1882 et
897 1839 947 1882 ab
980 1839 1174 1896 episcopo
1206 1839 1348 1882 multis
1377 1841 1608 1885 rationibus
1629 1845 1863 1898 superatuS,
1894 1854 1946 1885 ex

396 1914 676 1958 obstinatione
707 1915 820 1958 nullo
853 1916 975 1958 modo
1001 1916 1126 1959 vellet
1149 1917 1409 1971 acquiescere
1432 1918 1598 1962 veritati
1619 1942 1673 1949 —-
1696 1922 1818 1962 nocte
1836 1918 1944 1975 ipsa,

396 1992 537 2035 divina
574 1991 732 2035 ultione
771 2005 1012 2048 percussus,
1051 1996 1213 2036 tumore
1246 1995 1401 2037 ventris
1440 2008 1488 2038 ae
1526 1995 1667 2039 dolore
1704 1995 1868 2052 crepuit
1904 1998 1946 2039 et

394 2073 582 2112 mortuus
624 2073 698 2113 est.
762 2069 879 2120 Quod
916 2071 1072 2113 factum
1111 2071 1302 2114 universe
1341 2072 1500 2115 civitati
1539 2085 1734 2128 magnum
1770 2073 1947 2116 incussit

394 2151 617 2201 terrorem,
657 2160 881 2202 omnesque
913 2147 1124 2189 Christum
1164 2147 1402 2202 laudanteS,
1442 2149 1591 2193 fortem
1622 2149 1757 2193 Deum
1789 2162 1944 2205 sueque

393 2223 496 2277 legis
529 2223 797 2266 emulatorem
832 2224 1080 2267 vocitabant.

512 2300 581 2342 35.
629 2311 760 2345 Timo:
793 2311 912 2351 Miror,
946 2311 1035 2353 quod
1066 2316 1158 2343 tante
1190 2312 1324 2354 pietatis
1356 2312 1453 2345 homo
1485 2324 1594 2355 neque
1623 2313 1712 2346 hunc
1735 2313 1944 2347 sacerdotem

393 2381 501 2412 neque
526 2370 658 2403 viduam
683 2370 782 2410 illam,
809 2381 907 2412 quam
932 2369 1031 2402 etiam
1056 2370 1226 2412 superius¹
1255 2383 1274 2404 a
1290 2371 1362 2404 Deo
1387 2382 1579 2414 percussam
1594 2372 1782 2412 meministi,
1807 2377 1845 2405 ut
1859 2382 1940 2405 oon-

392 2429 476 2461 verti
500 2434 656 2471 possent,
683 2441 703 2462 a
726 2434 832 2462 morte
857 2429 1037 2461 suscitavit.
1085 2428 1172 2461 Nam
1196 2429 1238 2461 de
1264 2429 1460 2471 quibusdam
1484 2435 1672 2464 sanctorum
1695 2431 1836 2474 legitur,
1861 2441 1940 2474 per·-

392 2493 561 2520 secutores
587 2499 663 2520 suos
687 2487 1046 2530 hominesque-impios
1072 2488 1294 2521 conversionis
1319 2489 1427 2531 gratia
1450 2499 1624 2522 revocasse
1649 2489 1693 2522 ad
1716 2489 1827 2523 vitam.

508 2546 722 2579 Sefridus:
747 2546 874 2579 Iudicia
889 2545 1022 2578 Domini
1047 2545 1176 2578 abissus
1201 2546 1337 2579 multa2.
1374 2547 1418 2579 Et
1439 2546 1487 2579 illi
1503 2547 1646 2589 quidem,
1672 2547 1749 2590 quia
1772 2547 1938 2590 predesti-

391 2604 461 2636 nati
485 2610 580 2636 erant
605 2605 648 2637 ad
673 2605 773 2637 vitam
798 2609 958 2643 eternam,
975 2604 1104 2639 ,idcirco
1129 2604 1205 2636 huic
1230 2605 1296 2637 vite
1320 2605 1441 2638 redditi
1466 2611 1553 2645 sunt,
1578 2611 1615 2638 ut
1638 2605 1785 2639 converti
1803 2611 1943 2649 possent

391 2668 425 2693 et
458 2662 588 2695 salvari.
638 2663 697 2695 Isti
728 2668 855 2702 autem,
889 2663 964 2705 quia
997 2663 1215 2705 predestinati
1246 2675 1311 2696 non
1337 2669 1450 2703 erant,
1481 2674 1543 2696 nee
1566 2665 1753 2697 resuscitati
1778 2670 1855 2697 sunt
1877 2675 1940 2698 nec

391 2719 528 2759 salvat-i3
561 2721 620 2753 scd
649 2727 785 2763 propter
815 2721 1056 2763 blasphemiam
1087 2722 1120 2753 in
1146 2722 1254 2754 Deum
1279 2734 1299 2755 a
1323 2722 1395 2755 Deo
1428 2722 1512 2755 iuste
1543 2723 1735 2765 dampnati·
1759 2728 1846 2756 sunt.
1895 2723 1939 2755 Et

391 2779 690 2820 condempnatione
715 2779 853 2812 istorum
878 2779 933 2812 alii
958 2780 1046 2812 docti
1071 2786 1147 2813 sunt
1172 2786 1271 2822 atque
1297 2781 1444 2814 correcti.

508 2837 636 2869 Timo:
664 2837 709 2870 Ut
725 2838 833 2878 video,
859 2838 935 2880 quia
952 2838 1157 2881 blasphemia
1174 2838 1316 2881 Spiritus
1335 2839 1440 2872 sancti
1459 2839 1692 2873 irremissibilis
1718 2844 1779 2879 est,
1803 2839 1936 2879 idcirco,

486 2940 511 2960 a.
545 2931 668 2969 dapnati
690 2931 728 2960 N.

488 2994 519 3029 1.
544 3004 580 3040 p.
600 2994 679 3039 766,
705 2994 745 3028 L.
763 2993 797 3028 11
822 3003 852 3029 c.
871 2995 926 3029 23.
1211 2997 1244 3030 2.
1272 2993 1325 3030 Of.
1342 2995 1400 3030 Ps.
1419 2995 1476 3040 35,
1494 2996 1525 3030 7.
