2028 3438
577 266 798 298 nnanmm
827 266 999 298 conux.
1020 292 1035 306 ,
1047 264 1117 298 268
1547 254 1637 298 455

64 373 330 421 introeam
366 373 459 418 Hoc
487 373 600 417 *illud
621 377 697 418 ves-t
723 374 792 417 ius
819 373 992 429 ,ligandi
1031 377 1073 417 et
1111 373 1324 428 solvendi,
1363 373 1466 416 hae·
1498 373 1636 417 claves

4 446 13 504 ’J
63 451 186 508 regni
215 450 430 496 caeles-uui
443 449 466 507 ¹,
484 465 608 508 ‘quus
636 452 880 508 specialiter
909 451 1036 495 Petro
1066 451 1252 495 salvator
1283 450 1474 494 credidit.
1591 450 1637 494 Si

3 572 7 587 ἱ
64 527 432 584 idaiam-Petro,
464 529 563 584 quia
583 529 665 572 soli
683 529 824 585 Petro,
857 532 1110 586 potestatem
1131 529 1240 572 hanc
1261 528 1455 583 contulit,
1484 541 1638 583 ergone

6 638 8 641 .
65 605 276 663 Iacobum.
301 605 775 664 IohannemwAndream
815 611 857 652 et
892 608 1035 664 ipsum
1065 605 1244 650 Paulum
1283 617 1456 649 mancos
1495 609 1538 650 et
1573 606 1638 649 in-

65 682 418 739 utileemeddidit,
436 684 602 741 -quibus
633 685 753 741 quasi
785 685 947 729 devotis
979 683 1236 728 messoribus
1267 683 1420 727 falcem
1452 697 1474 727 e
1503 684 1638 727 mani-

66 761 395 806 bmssoxomit?
433 762 523 806 Ubi
553 765 619 806 est
655 767 777 818 ergo,
815 763 926 819 quod
965 761 1157 819 pluribus
1187 761 1407 819 discipulis
1444 764 1542 818 post
1572 775 1638 804 re—

65 839 367 884 surrectionem
409 853 528 883 suam
568 853 779 898 apparens
816 839 1049 884 insufflavit
1087 843 1130 883 et
1169 840 1279 883 dixit
1316 841 1398 883 eis:
1445 821 1640 897 Accipit}

68 917 524 976 Spalimmtoanowm
561 933 741 976 quorum
771 921 1016 962 remiseritis
1046 927 1232 976 peccata,
1265 921 1532 962 remittuntur
1563 920 1635 971 eis,

66 998 594 1053 ea÷qumm'retinuericis‚
624 1005 783 1040 retenta
803 993 951 1040 suast?
997 996 1078 1039 Ubi
1100 999 1164 1039 est
1186 996 1329 1051 etiam,
1352 995 1463 1052 quod
1483 996 1639 1039 iterum

65 1072 376 1117 dicitvais
399 1075 576 1131 quidem
605 1075 761 1125 multem
801 1084 947 1132 royate
977 1076 1193 1118 dominum
1223 1077 1388 1128 messis,
1426 1083 1475 1118 ut
1503 1076 1641 1117 mittat

66 1152 286 1210 φανῶ-ἰοῦ
299 1190 301 1192 ,
315 1154 554 1202 immonem
572 1149 744 1195 suam³22
790 1151 835 1196 Si
857 1153 987 1207 igitur
1007 1152 1051 1195 in
1073 1152 1329 1196 hereditaria
1351 1151 1636 1208 apostolorum

65 1229 431 1274 successionesoli
451 1230 696 1277 remittendi
725 1233 979 1287 potestatem
1010 1230 1166 1273 habent
1187 1230 1388 1287 episcopi,
1421 1242 1518 1273 vere
1541 1243 1640 1286 ope-

65 1307 420 1352 rariissadmodum
451 1308 577 1365 pauci
608 1312 650 1351 et
678 1322 947 1364 nequaquam
979 1307 1234 1352 sufficientes
1267 1308 1320 1351 ad
1350 1321 1532 1351 messem
1553 1307 1640 1350 Do-

66 1385 209 1442 minis·
229 1385 807 1443 contradicente-scriptura:
847 1387 1139 1430 Dinumerabo
1171 1402 1238 1429 eos
1277 1395 1315 1429 et
1352 1401 1480 1443 super
1516 1386 1639 1429 hare-

65 1461 258 1508 nam⁴uns
280 1482 326 1508 .:.
373 1463 487 1516 Quos
517 1477 616 1520 ergo
648 1478 777 1521 super
807 1464 1007 1507 harenam
1044 1464 1348 1521 multiplicatos
1385 1463 1639 1517 dinumerat,

66 1541 151 1587 nisi
180 1555 294 1599 quos·
318 1542 527 1599 superiori
557 1555 683 1586 versu
714 1542 871 1586 amicos
904 1542 984 1586 Dei
1014 1542 1141 1585 nimis
1172 1542 1398 1585 honoratos
1429 1542 1640 1597 nimisque

66 1619 325 1664 confortatus
354 1620 399 1663 in
430 1620 672 1677 principatu
704 1634 780 1663 suo
814 1618 1050 1677 appellat⁵?

91 1712 114 1741 .;
151 1716 167 1739 υ
189 1697 305 1754 Scio,
337 1698 446 1754 'quia
483 1698 613 1755 aliqui
649 1702 837 1742 vestrum
847 1698 876 1754 ὓ,
909 1697 1232 1755 parrochianam
1264 1710 1407 1740 curam
1448 1701 1641 1752 gerentes

67 1776 482 1835 iu=1plebe,imecesse
503 1777 677 1821 habent:
711 1776 922 1820 subiectos
941 1777 986 1819 in
1007 1776 1135 1819 verbo
1157 1775 1330 1819 Domini
1353 1776 1508 1830 iugiter
1529 1789 1642 1819 com-

68 1858 275 1911 moneres
300 1858 349 1900 et
378 1854 668 1911 delinquentes
700 1855 752 1898 ab
792 1854 969 1898 ecclesia
1005 1867 1308 1909 nonnunquam
1348 1854 1560 1910 expellere
1600 1858 1643 1898 et

70 1933 456 1979 adzsoorrectionom
496 1933 675 1977 aliorum
716 1933 1010 1976 communione
1050 1932 1240 1989 privare3
1281 1946 1334 1975 ne
1371 1946 1448 1988 per
1485 1945 1642 1989 paucas

69 2025 181 2057 oves*
199 2011 412 2056 morbidas
443 2014 556 2055 totus
587 2025 689 2067 grex
722 2011 1044 2054 contaminetur.
1094 2010 1141 2053 In
1164 2023 1245 2066 quo
1268 2023 1366 2065 ergo
1389 2010 1466 2053 hec
1488 2010 1640 2065 facitis,

69 2090 108 2135 si
136 2093 389 2148 potestatem
419 2090 464 2133 in
497 2089 660 2146 Spiritu
692 2093 836 2132 sancto
869 2103 952 2132 non
984 2088 1235 2145 accepistis?

112 2189 129 2196 ·-
191 2167 238 2212 Si
269 2172 424 2223 autem,
455 2171 504 2211 ut
524 2167 676 2211 vestris
707 2167 886 2210 fortasse
908 2171 1004 2210 utar
1025 2167 1178 2221 verbis,
1211 2180 1287 2209 nos
1316 2165 1554 2209 sacerdotes
1576 2165 1641 2208 ius

69 2249 236 2291 tantum
266 2246 450 2302 ligandi⁰
480 2246 698 2301 habemus,
731 2259 826 2288 cum
850 2248 1037 2302 potestas
1060 2244 1250 2287 solvendi
1270 2257 1399 2300 penes
1422 2244 1642 2300 episcopos

71 2324 140 2381 sit,
171 2324 464 2368 incunctanter
485 2324 598 2368 dico:
632 2324 743 2379 quia,
777 2324 814 2366 si
834 2323 896 2366 ita
916 2327 993 2378 est,
1026 2322 1352 2366 miserabiliores
1375 2335 1522 2365 sumus
1553 2335 1642 2364 om-

70 2402 194 2447 nibus
224 2402 480 2458 hominibus,
511 2402 598 2458 qui,
630 2415 726 2445 cum
755 2401 912 2457 regulis
937 2404 980 2445 et
1000 2400 1305 2457 scorpionibus,
1338 2413 1431 2443 cum
1458 2399 1570 2455 lupis
1602 2402 1643 2442 et

70 2480 261 2526 leonibus
291 2481 432 2525 ledere
453 2494 691 2538 possumus,
724 2479 898 2523 curandi
920 2492 1018 2521 vero
1045 2481 1298 2534 potestatem
1319 2490 1403 2520 non
1424 2477 1641 2520 habemus.

71 2559 236 2615 Adhuc,
268 2559 379 2616 quod
398 2559 583 2602 deterius
605 2562 682 2613 est,
713 2558 825 2600 dico:
860 2557 959 2612 quia
979 2556 1172 2599 inmundi
1193 2556 1366 2612 spiritus
1388 2554 1643 2598 mortificare

73 2637 241 2694 quidem
288 2640 489 2695 possunt,
536 2637 611 2680 sed
649 2635 889 2679 vivificandi
934 2637 1188 2692 potestatem
1227 2634 1366 2677 sortiti
1409 2647 1494 2676 non
1531 2637 1640 2677 sunt.

73 2715 211 2768 Quare
241 2728 341 2771 ergo
373 2719 416 2759 et
434 2728 511 2758 nos
544 2715 597 2758 ad
629 2714 949 2758 similitudinem
972 2713 1223 2756 daemonum
1254 2712 1456 2755 fratribus
1487 2712 1642 2754 nostris

171 2808 197 2829 a.
230 2798 306 2829 heae
321 2799 353 2830 V.
437 2798 466 2828 b.
495 2798 589 2838 aliqui
611 2808 647 2828 ex
661 2797 748 2828 vobis
763 2798 797 2828 Z.
882 2806 907 2827 c.
936 2806 996 2827 non
1018 2795 1242 2836 superscripsit
1261 2806 1373 2826 manus
1389 2794 1551 2835 posterior
1565 2795 1598 2824 in
1613 2795 1644 2825 V.

171 2859 203 2894 1.
228 2857 356 2894 nauh,
376 2858 437 2904 16,
465 2858 520 2893 19.
678 2858 711 2892 2.
745 2855 820 2892 Iob.
840 2856 904 2900 20,
931 2856 988 2891 22.
1008 2855 1066 2891 23.
1225 2855 1259 2890 3.
1294 2853 1421 2889 Matth.
1441 2855 1481 2899 9,
1508 2854 1565 2889 37,
1585 2854 1643 2889 38.

73 2919 110 2955 4.
142 2917 202 2954 Ps.
221 2919 307 2963 138,
333 2918 396 2954 18:
436 2915 713 2962 „Dinumerabo
751 2926 814 2952 eos
856 2918 893 2950 et
929 2925 1039 2960 super
1077 2925 1223 2951 arenam
1262 2913 1642 2959 multiplicabuntur“.

75 2978 109 3014 5.
141 2978 200 3014 Ps.
220 2978 300 3024 138,
320 2978 383 3013 17:
413 2976 520 3022 „Mihi
545 2979 667 3012 autem
693 2975 800 3011 nimis
825 2973 1052 3010 honorificati
1069 2977 1155 3010 sunt
1171 2974 1278 3009 amici
1298 2974 1364 3019 tui,
1390 2974 1510 3019 Deus3
1537 2972 1645 3008 nimis

76 3036 302 3074 confortatus
327 3039 385 3073 est
408 3036 633 3082 principatus
658 3034 819 3071 eorum“.
