2028 3438
614 257 838 290 nmmum
868 257 1045 289 conum:
1089 256 1157 290 113
1588 247 1673 290 207

101 361 206 412 lima
234 363 416 420 populi·
431 366 536 414 men}-
573 373 621 408 ut
656 373 789 408 essent
818 366 972 408 viduae
1006 367 1172 422 praeda
1203 380 1369 418 eorum,
1411 374 1450 409 et
1487 366 1675 423 pupillos

97 436 429 498 Μένων-61
463 440 639 497 reliqua.
695 441 874 486 Tantam
917 441 1119 486 ecclesiae
1150 442 1475 498 desolationem,
1513 445 1676 486 tantam

98 529 345 574 pauperum.
367 520 411 562 et
440 517 662 562 viduarum
695 519 1027 576 oppressionem,
1059 523 1220 563 tantam
1251 520 1504 577 praedarum
1539 523 1581 564 61
1609 534 1678 563 ra-

94 593 298 651 pinarum
326 595 620 639 inmanitatem
653 599 707 651 et,
741 596 853 652 quod
883 596 950 640 his
980 597 1153 652 gravius
1177 601 1256 653 est,
1286 598 1573 654 promiscuam
1604 597 1678 641 bo-

97 684 252 720 norum
283 675 353 716 ‘et
376 672 586 716 malorum
625 674 902 730 occisionem,
948 675 1026 719 hcc
1072 678 1114 718 et
1152 675 1300 732 peiora
1339 675 1406 718 his
1448 678 1676 732 praecepto

98 749 464 807 apostolicifacta
494 763 607 805 esse,
640 751 734 807 quis
766 752 974 807 crederet,
1007 753 1091 796 nisi
1122 753 1214 809 ipse
1247 766 1322 796 suo
1354 766 1400 796 se
1433 765 1505 796 ore
1536 752 1679 809 prodi-

97 826 256 872 disset?
276 843 280 857 ³
350 827 534 882 Taceo,
573 827 922 873 Cameracensem
953 830 1242 887 episcopatum
1274 830 1320 873 in
1352 831 1458 873 duos
1491 843 1583 873 esse
1614 829 1678 872 di-

97 904 260 949 visum,
288 905 444 950 iudicio
489 905 704 950 Romanae
751 907 964 950 ecclesiae.
1021 908 1156 952 Taceo
1197 907 1468 952 Walcherum
1508 931 1563 937 ——
1606 908 1679 964 qui

99 980 320 1040 apostolici
328 979 350 1023 ².
374 995 582 1027 consensu
613 986 657 1027 et
686 985 937 1028 auctoritate
968 984 1172 1041 probatus
1204 989 1271 1029 et·
1310 985 1428 1041 prior
1460 985 1678 1028 ordinatus

96 1060 269 1104 fuit—
299 1059 438 1105 subito
471 1061 767 1104 exordinatum
799 1063 1230 1118 excommunicatum3
1265 1067 1307 1106 61
1330 1060 1483 1106 alium³
1516 1063 1555 1106 ei
1580 1063 1678 1106 sub-

98 1137 342 1182 ordinatum
351 1135 379 1181 ⁴.
434 1137 525 1182 Hcc
544 1139 656 1183 iuste
676 1152 807 1183 necne
828 1143 948 1195 gesta
968 1140 1067 1195 sint,
1099 1140 1144 1183 in
1166 1140 1246 1184 Dei
1277 1140 1434 1197 pendet
1454 1140 1676 1184 sententia.

219 1215 315 1264 Non
345 1215 585 1260 invehimur
614 1217 660 1259 in
681 1216 884 1260 christum
907 1218 1095 1274 Domini,
1128 1218 1181 1261 ad
1202 1232 1327 1274 quem
1359 1218 1543 1274 pertinet
1563 1217 1678 1261 solli-

99 1293 260 1339 citudo·
281 1293 471 1338 omnium
500 1294 795 1338 ecclesiarum.
852 1294 935 1339 Sed
982 1296 1082 1352 quia
1121 1296 1376 1352 apostolicus
1421 1296 1525 1339 haec
1564 1296 1678 1338 mala

99 1370 187 1415 sibi>
226 1371 424 1416 metibit
468 1375 512 1416 et
548 1372 749 1416 ecclesiae
792 1373 998 1416 vastatori
1042 1387 1120 1430 per
1166 1374 1399 1429 gratiarum
1445 1373 1677 1417 actionemb

98 1447 342 1507 applaudit,
373 1463 502 1507 super
521 1450 598 1493 his
627 1450 870 1493 mirandum
901 1464 955 1494 611
987 1452 1122 1506 magis
1153 1451 1210 1494 sit
1240 1451 1488 1507 dolendum,
1520 1451 1675 1495 nescio.

98 1524 178 1571 cti
213 1526 295 1571 hoc
331 1527 468 1583 magis
506 1528 565 1572 sit
599 1527 902 1585 periculosum,
939 1528 1103 1572 iubenti
1134 1543 1187 1572 an
1219 1529 1451 1584 obedienti,
1492 1529 1560 1572 cui
1598 1529 1678 1571 hoc

97 1604 237 1660 magis
265 1604 638 1663 sitdsznosum,
669 1606 844 1650 facienti
865 1620 918 1649 an
945 1607 1143 1664 pacienti,
1177 1607 1271 1663 quis
1291 1607 1416 1650 homo
1439 1606 1676 1650 discernet?

97 1681 200 1738 Nos,
220 1682 404 1726 -attonifi
431 1683 512 1727 hac
531 1683 720 1727 novitate
743 1698 900 1739 rerum,
933 1685 1168 1740 querimus:
1201 1684 1313 1728 unde
1345 1685 1402 1728 sit
1420 1684 1500 1728 hoc
1519 1697 1677 1727 novum

97 1759 363 1817 exemplum,
402 1764 452 1805 ut
487 1761 756 1818 praedicator
794 1762 912 1819 pacis
943 1776 1019 1805 suo
1058 1777 1131 1806 ore
1162 1766 1206 1806 et
1236 1762 1410 1806 alterius
1449 1776 1579 1805 manu
1610 1763 1675 1804 in-

94 1837 210 1882 ‘ferat
239 1837 440 1883 ecclesiae
471 1838 655 1883 bellum?

96 1931 99 1933 “
150 1939 151 1942 =
218 1914 378 1960 Contra
416 1916 693 1961 barbarorum
733 1921 775 1962 et
811 1918 1079 1962 inimicorum
1110 1918 1192 1961 Dei
1224 1918 1408 1961 assultus
1445 1918 1679 1961 concedunt

97 2006 281 2038 canones
312 1994 441 2038 etiam
471 1995 636 2039 clericis
667 2009 786 2039 arma
817 1996 872 2039 ad
902 1996 1211 2039 defensionem⁰
1242 1995 1360 2038 urbis
1392 1999 1435 2038 et
1462 1995 1675 2039 ecclesiae.

97 2069 221 2115 Bella
232 2084 337 2115 vero
356 2072 487 2116 indici
510 2072 712 2117 ecclesiae
742 2087 820 2130 per
850 2074 1145 2117 auctoritatem
1174 2074 1434 2128 canonicam,
1466 2086 1677 2129 nusquam

98 2149 406 2207 scripturarum
435 2149 628 2205 legimus.

218 2226 370 2283 Quero,
403 2228 516 2284 quod
545 2229 708 2282 nesci03
741 2229 848 2283 dico,
881 2229 993 2284 quod
1024 2228 1124 2271 scio.
1179 2227 1333 2272 Pacem
1364 2229 1494 2284 Iesus,
1527 2241 1675 2285 pacem

99 2304 303 2362 apostoli,
341 2318 491 2363 pacem
532 2306 753 2363 apostolici
789 2306 869 2349 viri
909 2306 1175 2363 praedicant3
1215 2308 1439 2362 peccantes
1481 2310 1676 2362 arguunt,

98 2382 336 2438 obsecrant,
367 2383 590 2440 increpant
608 2384 652 2426 in
676 2383 791 2427 omni
816 2383 1027 2441 pacientia
1048 2385 1090 2426 et
1111 2380 1340 2426 doctrina⁵.
1385 2383 1676 2427 Inobedientes

97 2459 217 2504 iubet
233 2459 390 2504 Paulus
422 2460 526 2504 dure
556 2458 805 2518 increpari⁶.
852 2461 1068 2512 Quomodo
1100 2460 1203 2504 dure
1233 2461 1505 2518 increpentur
1531 2461 1677 2505 inobe-

99 2538 277 2594 dientes,
310 2538 412 2582 dicit
434 2538 569 2582 Iesus:
605 2539 660 2583 Si
672 2542 910 2597 peccaverit
934 2541 978 2582 in
1000 2548 1038 2582 te
1048 2539 1195 2595 frater
1215 2547 1324 2591 tuus,
1351 2542 1518 2597 corripe
1537 2541 1673 2594 illum,

98 2619 239 2674 pruno
287 2617 401 2660 solue
439 2618 596 2670 solum,
644 2619 824 2660 secundo
865 2632 957 2660 cum
998 2617 1159 2659 duobus
1207 2625 1281 2660 aut
1317 2618 1450 2660 wihus
1489 2619 1672 2670 testibus,

100 2696 228 2738 tercio
267 2709 361 2737 cum
400 2694 584 2737 ecclesia.
637 2694 691 2739 Si
730 2695 944 2738 ecclesiam
981 2710 1068 2737 non
1107 2695 1309 2747 audierit,
1361 2697 1417 2738 sit
1455 2696 1533 2738 tibi
1569 2698 1676 2738 siout

100 2772 286 2815 ethnicus
319 2780 358 2815 et
383 2768 673 2829 publicanus⁷.
722 2771 833 2814 Hinc
865 2771 925 2814 ait
955 2771 1242 2826 Augustinus:
1284 2773 1422 2826 Illud,
1465 2774 1579 2829 quod
1615 2774 1676 2815 ait

194 2893 222 2915 a.
253 2885 285 2914 et
305 2893 362 2915 om.
377 2884 408 2915 V.
533 2884 564 2915 b.
596 2894 653 2915 om.
672 2885 711 2914 Β.
837 2893 863 2914 6.
897 2884 1101 2914 defossionem
1122 2884 1163 2914 B.

197 2954 231 2989 1.
256 2954 340 2990 lsai.
356 2955 412 3000 10,
431 2955 464 2990 1.
482 2954 516 2990 2.
626 2955 660 2989 2.
686 2953 826 2989 Urbani
842 2953 888 2989 II.
1000 2955 1034 2989 3.
1061 2954 1282 2990 Manassem.
1393 2955 1428 2991 4.
1455 2964 1550 2990 anno
1570 2954 1673 2990 1095.

101 3012 136 3048 5.
163 3013 186 3049 2
202 3012 362 3049 Τ11110111.
378 3013 413 3059 4,
432 3014 466 3049 2.
586 3014 620 3049 (5.
645 3013 717 3049 Tit.
738 3014 770 3058 1,
790 3014 845 3049 13.
960 3014 993 3049 7.
1019 3014 1064 3050 V.
1082 3013 1209 3050 Matth.
1225 3015 1280 3060 18,
1301 3014 1459 3050 15-17.

1752 377 1845 412 1103

1696 425 1782 455 Febr.
1791 442 1821 446 —
1834 425 1898 456 Iun.
