2028 3438
417 258 501 300 756
806 270 1043 301 immonni
1073 269 1312 301 nunccius.
1360 270 1447 300 Lm.
1470 269 1503 299 11
1537 267 1581 300 14

298 385 390 422 1124
415 376 616 419 dilatione
656 378 900 420 contristetis
909 409 921 430 ,
961 391 1012 419 ne
1034 376 1155 432 forte
1185 385 1221 418 et
1251 377 1398 418 domni
1425 376 1546 417 duces
1577 390 1619 417 se
1649 375 1816 429 doleant
1844 389 1970 432 nuper

313 435 377 465 ¹⁰¹¹·
415 454 490 496 hoc
525 455 760 496 iniuriam&
890 454 947 496 Ec
978 462 1036 495 eet
1066 452 1261 508 inquiunt
1291 461 1376 495 tam
1413 451 1573 508 prope?
1692 450 1875 507 Quibus,
1909 451 1970 494 ita

415 543 519 585 esse,
550 529 917 586 respondentibus:
949 531 1008 573 Ει
1039 532 1179 573 omnia
1209 529 1405 584 inquiunt
1435 529 1611 571 consilia
1637 536 1781 572 noma
1799 537 1970 586 ruptum

416 616 523 651 eunt.
574 607 786 661 Quoniam
816 623 911 664 erqo
945 622 1083 649 rerum
1115 608 1396 649 convenientia
1427 608 1488 648 sie
1517 606 1724 663 postulat,
1749 605 1969 661 faciamus

415 693 559 741 Sponte
590 694 627 728 et
657 685 830 737 alacres,
865 686 977 740 quod
995 685 1165 740 facturi
1193 699 1347 726 sumus.
1396 683 1510 726 Nam
1541 691 1578 726 et
1605 683 1832 726 altissimus
1851 682 1969 726 Deus

415 777 492 804 sua
523 777 598 804 noe
630 764 777 805 virtute
809 764 1103 804 circumventos
1136 762 1320 817 undique
1343 761 1504 803 trahere
1524 762 1698 803 videtur.
1743 760 1970 803 Declinare
1986 783 1999 785 >

415 854 499 880 non
527 854 761 895 possumne,
799 854 1023 895 sequamur
1044 852 1140 894 erqo
1163 838 1387 880 trahentem
1407 840 1465 880 ad
1485 840 1635 888 vitam,·
1664 852 1729 890 ne,
1761 836 1968 885 reluctan-

417 924 474 958 tes
506 916 682 958 bonitati
711 918 810 968 eius,
842 917 1138 972 precipitemur
1167 917 1213 957 in
1244 924 1426 958 mortem.
1475 915 1557 957 Dii
1581 915 1729 967 nostri,
1759 916 1867 956 sicut
1888 929 1967 970 ap-

412 1001 547 1049 paret,
582 994 646 1034 dii
673 1008 757 1035 non
786 1001 903 1042 sunt5
935 1001 1079 1035 contra
1110 1007 1201 1034 eum
1225 1006 1300 1034 nos
1321 993 1466 1035 iuvare
1485 1007 1569 1034 non
1587 999 1774 1048 possunt.
1815 990 1970 1034 Melius

417 1084 513 1125 erqo
546 1078 615 1122 est,
652 1078 707 1122 ut,
740 1070 894 1112 relictis
927 1069 1216 1121 desertoribus,
1250 1070 1307 1110 ad
1336 1084 1478 1111 verum
1498 1070 1650 1122 Deum,
1684 1069 1866 1124 quinon
1897 1068 1968 1110 de-

416 1148 515 1188 serit
551 1155 763 1202 sperantes
802 1148 847 1188 in
887 1161 929 1188 se
941 1142 964 1198 ¹,
1009 1161 1057 1188 em
1095 1154 1176 1189 toto
1221 1148 1343 1189 corde
1381 1155 1652 1189 transeamus.
1704 1143 1859 1202 Verum
1898 1143 1969 1187 ubi

417 1236 508 1266 eam
541 1223 788 1266 sententiam
821 1226 908 1265 tam
941 1222 1091 1265 bonam
1123 1226 1291 1277 tamque
1319 1222 1526 1265 salubrem
1549 1221 1738 1276 diligenti
1769 1215 1970 1265 retracta-

416 1300 530 1342 tione
560 1299 842 1355 probaverant
863 1324 916 1328 ——
942 1300 1076 1356 primo
1110 1299 1274 1355 quidem
1307 1299 1417 1356 apud
1449 1313 1494 1342 se
1524 1298 1567 1341 in
1589 1298 1790 1353 conclavi,
1821 1297 1970 1342 deinde

418 1390 515 1419 vero
549 1389 640 1419 cum
674 1376 823 1431 legatis
856 1380 898 1420 et
917 1376 1101 1420 Paulicio
1135 1377 1185 1420 ad
1217 1376 1387 1433 plenum
1420 1376 1603 1431 vigorem
1625 1375 1776 1419 laxiori
1797 1374 1970 1427 consilio

416 1452 687 1496 firmaverant
719 1478 773 1482 —
799 1467 893 1496 cum
926 1454 1082 1497 eisdem
1115 1453 1167 1496 ad
1198 1453 1397 1510 populum
1432 1452 1608 1508 egressi,
1649 1452 1741 1508 qui,
1780 1452 1888 1496 sicut
1917 1451 1970 1495 ad

416 1530 569 1572 festum
587 1529 855 1585 confluxerat,
873 1534 1019 1573 contra
1035 1544 1190 1573 morem
1213 1530 1471 1587 indispersus
1489 1529 1566 1573 Dei
1587 1532 1691 1572 nutu
1710 1530 1755 1572 in
1769 1528 1861 1574 loco
1881 1542 1970 1572 ma-

417 1608 543 1650 nebat
573 1620 649 1650 nec
670 1607 713 1649 in
735 1621 806 1650 rus
829 1607 1089 1662 discesserat,
1122 1607 1322 1650 luculenti
1353 1607 1555 1650 sermonis
1577 1605 1807 1661 dulcedine,
1838 1605 1969 1655 multo

419 1684 695 1727 benivolentie
735 1687 859 1740 captu
899 1698 968 1727 eos
1008 1685 1058 1727 de
1097 1685 1175 1727 hoc
1211 1684 1336 1727 verbo
1377 1684 1544 1727 allocuti
1583 1687 1692 1726 sunt.
1753 1681 1836 1727 Sed
1872 1682 1971 1738 quid

419 1761 576 1803 multa?
623 1759 776 1803 Mirum
808 1761 920 1804 dictu
952 1774 1076 1816 quam
1109 1761 1269 1816 subito,
1302 1775 1423 1817 quam
1455 1760 1570 1804 facili
1601 1773 1805 1804 consensu
1836 1760 1972 1805 omnis

418 1837 491 1880 illa
522 1837 743 1880 multitudo
774 1837 933 1894 populi,
973 1838 1126 1880 auditis
1157 1838 1382 1894 primatum
1418 1837 1568 1892 verbiS,
1600 1837 1645 1880 in
1676 1836 1851 1881 eandem
1882 1850 1973 1880 sese

419 1914 750 1957 convenientiam
784 1914 1060 1958 inclinaverit.
1108 1915 1164 1958 Et
1196 1916 1294 1970 quia
1325 1915 1406 1958 dici
1437 1915 1624 1969 audiunt,
1657 1914 1897 1971 episcopum
1928 1914 1972 1956 in

419 1992 612 2047 proximo
646 2004 749 2046 esse,
782 1991 891 2034 facto
921 1992 1082 2046 ingenti
1114 1992 1309 2047 clamore,
1348 1996 1395 2036 ut
1426 1992 1664 2047 advocetur,
1696 1994 1861 2046 rogant,
1891 2004 1972 2047 quo

420 2067 536 2110 illum
571 2068 712 2111 videre
744 2071 897 2123 queant
929 2072 970 2112 et
1002 2069 1166 2124 audire,
1200 2073 1420 2125 antequam
1454 2069 1589 2112 soluto
1621 2071 1715 2112 cetu
1745 2067 1898 2123 singuli
1928 2068 1973 2110 in

419 2144 512 2188 loca
551 2158 625 2187 sua
664 2145 892 2188 discedant.
1023 2146 1305 2190 Redeuntibus
1343 2147 1484 2201 itaque
1514 2145 1699 2189 Paulicio
1738 2149 1780 2189 et
1809 2144 1972 2199 legatis,

422 2221 614 2264 abierunt
645 2221 814 2277 quidam
846 2222 896 2266 de
927 2223 1163 2266 castellanis
1195 2236 1289 2266 cum
1321 2223 1381 2266 eis
1413 2223 1466 2265 ad
1498 2222 1759 2278 episcopum,
1799 2221 1869 2277 qui
1902 2221 1974 2264 ob-

422 2298 522 2340 nixa
559 2299 825 2341 veneratione
865 2299 917 2342 ad
957 2313 1001 2342 se
1040 2299 1159 2342 illum
1197 2300 1444 2354 invitarent,
1490 2299 1718 2342 salutatum
1756 2312 1808 2343 ex
1855 2301 1974 2355 parte

422 2374 625 2417 nobilium
658 2375 872 2431 plebisque
904 2376 1118 2430 universe,
1159 2376 1311 2431 quique
1343 2376 1465 2419 fidem
1497 2376 1700 2418 facerent:
1740 2375 1829 2420 sine
1860 2375 1974 2418 omni

423 2451 607 2506 periculo
639 2451 706 2495 vel
743 2452 894 2495 iniurie
925 2455 1038 2495 metu
1070 2452 1418 2497 eum.ascendere
1457 2465 1600 2508 posse,
1641 2452 1740 2507 quin
1772 2452 1899 2496 etiam
1929 2452 1972 2494 in

424 2528 614 2571 omnibus
638 2528 675 2571 ei
697 2529 965 2572 obaudituros
988 2543 1031 2572 se
1054 2543 1104 2572 ex
1127 2530 1277 2572 animo.
1324 2529 1557 2585 Episcopus
1579 2542 1691 2584 vero,
1724 2531 1811 2572 tam
1834 2528 1973 2584 quieto

424 2616 617 2647 successu
647 2605 770 2648 rebus
803 2619 847 2649 se
867 2606 1222 2663 promoventibus,
1254 2606 1410 2660 gratias
1433 2619 1559 2660 agens
1580 2604 1684 2660 Deo,
1717 2605 1770 2648 ad
1789 2608 1972 2649 castrum

425 2693 469 2722 se
506 2680 682 2723 levabat.
816 2682 897 2725 Sed
937 2696 1029 2726 ecce
1068 2683 1138 2726 ubi
1178 2683 1400 2738 quadrigas
1437 2681 1627 2725 vehicula
1665 2684 1707 2725 et
1744 2681 1972 2736 sagmarios

425 2760 589 2799 nostros
631 2757 825 2801 victualia
864 2762 1098 2815 portanteS,
1138 2760 1325 2802 iumenta
1363 2772 1524 2814 quoque
1565 2761 1606 2801 et
1640 2757 1862 2814 populum,
1902 2758 1973 2812 qui

425 2832 640 2875 nobiscum
681 2835 892 2890 veniebat,
932 2836 1093 2878 eminus
1132 2836 1272 2879 videre
1310 2838 1529 2891 ceperunt,
1569 2835 1687 2890 quasi
1725 2838 1972 2890 apparatum

426 2909 524 2951 belli
565 2910 844 2966 suspicanteS,
884 2912 1091 2955 modicum
1131 2912 1287 2955 turbati
1327 2915 1435 2954 sunt.
1487 2911 1547 2954 Re
1579 2914 1714 2954 autem
1748 2911 1855 2953 sicut
1885 2913 1974 2953 erat

521 2997 553 3031 1.
579 2995 699 3032 Iudith
727 2997 780 3042 13,
808 2998 863 3032 17.
