2028 3438
6 207 21 211 f·
0 0 32 200 warenn

6 359 15 398 f
79 361 737 419 offitiapr'ewgmdiopmoxque
767 377 961 419 egressus
992 376 1087 407 cum
1120 364 1236 407 omni
1267 364 1379 408 clero
1411 368 1454 408 et
1486 364 1655 422 popule,
1683 375 1778 411 1124

1698 424 1768 454 Mai.

473 255 648 288 neonis
670 256 778 287 vim
808 255 1021 288 owoms.
1067 257 1156 287 Lm.
1181 258 1214 287 11
1247 255 1270 288 4
1569 246 1654 290 627

13 447 16 470 ³
78 438 234 484 §iillum
271 439 384 496 patri
414 440 548 485 nudis
575 441 765 498 *pedibus
797 441 993 486 occurrit.
1049 441 1268 497 Tantaque
1300 456 1396 486 eum
1429 442 1656 487 devocione

77 516 506 574 excepit4rvt2miam
538 517 646 562 filios
679 529 777 563 suos
809 519 1014 563 lactentes
1043 519 1108 563 illi
1140 519 1285 563 obvios
1319 521 1480 576 portari
1513 524 1555 565 et
1584 534 1656 564 ve—

77 594 218 650 digia-2
235 595 333 641 sius
358 595 595 639 exosculari
621 597 788 640 iuberet
808 610 1011 654 sacraque
1033 597 1123 641 eius
1146 597 1437 642 benedictione
1470 611 1543 655 per
1564 612 1655 642 ma-

76 677 158 717 nns
187 673 501 730 impositionem
523 673 764 718 confirmari
795 688 890 718 cum
916 675 1101 719 lacrimis
1125 679 1353 732 expeteret.
1402 676 1509 719 Erat
1539 677 1652 720 enim

76 749 170 794 du*
193 750 467 808 ipse‘mbgne
492 752 540 796 jn
563 751 722 796 Christi
746 752 991 796 ecclesiam·
1015 754 1263 809 reverentie,
1298 758 1462 798 amator
1493 769 1654 812 paupe·

75 831 250 873 muco
275 829 494 886 piissimus
522 829 696 887 inopum
730 831 983 886 consolator,
1015 831 1267 875 humilitatis
1293 835 1336 875 et
1355 832 1547 876 caritatis
1569 833 1654 875 vir-

75 907 167 951 fite
204 907 410 951 omnibus:
437 908 652 963 amabilis,
691 909 1087 964 congregationibus
1124 909 1314 953 fidelium
1353 914 1398 953 et
1428 909 1653 954 domiciliis

75 987 319 1029 sanctorum
343 986 483 1041 magis
515 1000 640 1042 quam
674 986 848 1030 urbibus
879 987 1144 1031 exstruendis
1167 1001 1341 1044 operam
1363 987 1464 1032 dare
1487 988 1651 1032 solitus.

74 1061 314 1116 Quisotiam
347 1063 782 1108 desiderantissimum
816 1065 895 1109 sibi
929 1069 1091 1122 patrem
1125 1065 1320 1109 Ottonem
1355 1079 1432 1122 per
1462 1069 1549 1110 tres
1583 1066 1652 1110 eb-

75 1139 285 1184 domadas:
302 1141 352 1184 ⁵in
376 1142 631 1199 ,episcopatu
652 1141 861 1187 Gnezensi
893 1157 1031 1187 secum
1057 1144 1250 1198 detinuit,
1283 1144 1327 1186 in
1353 1144 1476 1187 domo
1500 1144 1651 1200 Iacobi,

75 1218 285 1276 prepositi
310 1220 484 1264 maioris
517 1220 710 1275 ecclesie,
749 1221 822 1277 qui
854 1225 1003 1278 postea
1034 1219 1280 1279 episcopus¹
1311 1222 1446 1265 factus
1479 1225 1564 1276 est;
1605 1226 1652 1266 ut

74 1295 330 1341 etdoctrine
357 1298 448 1342 eius
470 1299 722 1342 suavitatem
744 1299 988 1354 degustaret
1018 1304 1061 1343 et
1082 1305 1290 1356 oportuna
1314 1313 1477 1356 queque
1508 1315 1652 1357 sump-

73 1376 207 1418 tuum
236 1374 290 1418 ad
327 1375 409 1420 iter
447 1376 552 1420 illud
589 1378 922 1421 necessariorum
964 1377 1002 1420 ei
1050 1377 1302 1434 provideret.
1441 1378 1651 1433 Egressus

75 1454 216 1497 autem
248 1453 347 1510 pius
376 1453 501 1498 Ottob
531 1468 555 1498 a
575 1454 786 1499 Gnezensi
818 1455 1007 1510 ecclesia,
1039 1455 1197 1498 furtum
1233 1456 1442 1511 quoddam
1475 1456 1519 1499 in
1551 1470 1650 1513 pro-

73 1530 192 1574 xima
212 1531 314 1583 villa
343 1531 540 1588 incurrit3
574 1533 686 1589 quod
717 1547 816 1576 mox
849 1534 985 1577 edicto
1008 1533 1186 1576 Polizlai
1217 1534 1335 1577 ducis
1367 1535 1646 1591 recuperavit.

74 1607 295 1653 Ibi-etiam
324 1610 501 1655 comites
541 1612 631 1654 eius
663 1611 872 1655 Heroldus
909 1615 952 1655 et
982 1611 1271 1666 Godeboldus,
1313 1616 1486 1669 accepta
1524 1612 1650 1656 bene-

72 1686 269 1743 dictione,
300 1688 361 1732 ad
379 1702 457 1732 sua
475 1689 651 1733 rediere.
774 1689 877 1733 Post
898 1689 988 1744 hec,
1019 1690 1110 1734 Deo
1134 1690 1410 1745 gubernante,
1443 1704 1647 1747 prospero

71 1763 225 1809 itinere
257 1779 390 1822 usque
421 1767 474 1810 ad
505 1766 609 1810 fines
641 1772 752 1812 terre
783 1767 1055 1811 Poloniorum
1089 1768 1305 1825 processit.

192 1842 382 1901 Cumque
412 1845 467 1888 ad
496 1849 684 1889 castrum
717 1846 924 1902 quoddam
959 1847 1070 1902 quod
1096 1844 1238 1889 Uzda2
1269 1847 1532 1890 nominatum
1568 1851 1645 1903 est,

73 1921 187 1978 quod
215 1925 283 1966 est
310 1922 355 1965 in
385 1922 564 1966 confinio
597 1924 814 1980 utriusque
846 1928 979 1979 terre,
1013 1939 1108 1968 cum
1141 1925 1227 1968 suis
1260 1925 1464 1980 venisset,
1507 1939 1646 1969 comes

71 1997 242 2055 Paulus,
275 2000 424 2044 ductor
455 2001 558 2055 eius,
590 2003 784 2058 premisit
813 2003 988 2045 nuncios
1022 2003 1075 2046 ad
1098 2002 1375 2047 Wortizlaum
1397 2003 1647 2048 Pomeranie

57 2070 241 2132 sdueem3
281 2077 354 2134 qui
391 2091 561 2122 servum
592 2078 673 2123 Dei
704 2080 925 2135 Ottonem,
964 2081 1079 2124 fama
1118 2081 1230 2137 apud
1270 2095 1340 2124 eos
1373 2081 1648 2125 celeberrima

71 2154 304 2210 vulgatum,
335 2155 440 2199 fines
473 2170 570 2200 suos
603 2158 921 2212 euangelizandi
953 2159 1090 2213 gratia
1122 2159 1239 2202 adire
1269 2159 1547 2214 insinuarent,
1580 2160 1646 2203 cui

70 2236 157 2276 tam
189 2246 268 2290 pro
299 2247 373 2277 sue
395 2234 633 2278 sanctitatis
659 2237 908 2291 reverentia,
944 2250 1069 2292 quam
1102 2237 1229 2280 etiam
1262 2238 1513 2280 auctoritate
1545 2251 1647 2294 apo-

71 2310 210 2354 stolici
237 2311 383 2355 domni
415 2310 586 2367 Calixti,
619 2313 737 2356 cuius
770 2313 924 2357 missus
957 2317 1061 2368 erat,
1097 2314 1211 2356 omni
1244 2314 1470 2358 devocione
1504 2328 1646 2358 occur-

71 2391 215 2432 rerent
243 2391 287 2432 et
315 2389 488 2433 monitis
521 2390 609 2433 eius
647 2405 721 2434 seu
758 2392 968 2448 preceptis
1009 2405 1085 2448 per
1117 2392 1258 2448 omnia
1291 2392 1643 2448 obtemperarent.

71 2464 161 2517 Quo
192 2466 391 2512 mandato
417 2467 504 2510 dux
520 2467 774 2512 Wortizlaus
798 2474 983 2526 accepto,
1016 2470 1060 2512 in
1083 2473 1220 2512 castro
1241 2469 1508 2524 Zitarigroda
1538 2484 1645 2513 nun-

68 2546 223 2600 cupato
254 2544 294 2588 ei
315 2545 509 2600 occurrit,
542 2546 768 2590 honorifice
791 2547 910 2590 illum
933 2552 979 2590 ut
1000 2547 1193 2601 angelum
1219 2546 1391 2590 Domini
1415 2548 1642 2605 excipiens.

67 2618 150 2664 Oui
179 2621 276 2677 pius
298 2621 396 2665 Otto
428 2636 574 2679 pacem
601 2623 759 2668 Christi
790 2624 981 2679 offerens,
1015 2625 1126 2668 dona
1156 2625 1284 2668 etiam
1315 2639 1432 2669 more
1464 2640 1538 2669 suo
1572 2626 1644 2669 ob-

70 2697 182 2752 tulit,
214 2698 293 2742 hoc
314 2703 379 2743 est
399 2700 540 2743 sedem
563 2701 846 2759 episcopalem
878 2702 1006 2758 pallio
1029 2702 1251 2746 obductam
1286 2707 1328 2746 et
1352 2703 1517 2746 dorsale
1549 2717 1644 2760 pre-

69 2774 229 2820 ciosum
262 2789 356 2819 cum
389 2777 483 2821 aliis
522 2779 784 2834 muneribus,
826 2783 873 2822 ut
910 2779 1213 2836 temporalibus
1255 2781 1373 2824 illum
1415 2782 1558 2825 bonis⁰
1592 2782 1644 2824 ad

163 2861 191 2882 a.
223 2853 381 2883 ecclesiam
411 2854 526 2894 scripsi
548 2865 611 2894 pro
640 2856 769 2886 ecclesia
795 2856 826 2887 C.
973 2856 1003 2886 b.
1035 2867 1146 2887 manus
1169 2858 1329 2897 posterior
1351 2859 1383 2888 ἰη
1410 2857 1436 2889 C
1458 2857 1581 2888 addidit
1602 2859 1644 2888 in.

70 2913 97 2935 c.
130 2905 219 2936 donis
246 2905 278 2942 C,
302 2906 389 2936 bonis
412 2908 450 2937 E.

167 2959 199 2993 1.
225 2957 521 3005 archiepiscopus
547 2960 783 2997 Gnesnensis.
902 2963 935 2997 2.
969 2961 1063 2998 Uscz
1089 2962 1136 2998 ad
1162 2963 1313 2999 Netzani
1340 2963 1388 3009 fl.‚
1414 2974 1437 2999 a
1461 2964 1645 2999 Posnania

70 3015 118 3052 ad
142 3018 434 3062 septemtriones.

1274 3082 1322 3116 40
1332 3081 1354 3104 ἤ
