2028 3438
252 649 369 685 1103?

173 2345 374 2379 1100-1105

392 288 478 331 226
850 299 1070 341 [munium
1101 299 1269 332 conssx.
1279 305 1295 327 -;
1320 283 1398 331 114.
1416 298 1482 332 115

397 404 510 450 114.
543 406 637 450 Otto
659 406 691 449 I
716 408 934 463 episcopus·
972 415 1009 449 et
1039 401 1234 449 canonici
1261 404 1951 462 Bambe7·9enses⁷F.z³miiyi8wmh

539 492 704 541 royant,
738 492 785 527 ut
813 484 996 527 scholam
1025 484 1374 539 Bamberyemem
1404 484 1628 540 rependam
1652 481 1931 540 maeviam

1265 594 1268 600 ,
1469 600 1475 605 ι
1728 558 1833 612 (Ε
1843 557 1951 612 222)

511 636 643 690 O(tto)
675 636 756 680 Dei
786 638 924 692 gratia
943 636 1302 692 Babenbergensis
1325 596 1524 680 ecclesiae
1555 636 1805 693 episcopus,
1819 634 1953 690 Edgil-

392 713 551 766 bertus)
583 714 862 770 praepositus,
895 714 1199 768 A(dalbertus)
1217 714 1397 758 decanus
1429 728 1523 758 cum
1554 713 1770 758 universa
1780 709 1954 767 cou'gre-

392 790 559 844 gatione
591 791 726 834 sancti
757 790 927 846 Georgii
956 790 1019 846 F.
1057 791 1300 836 scolasticae
1332 792 1578 848 disciplinae
1608 791 1712 847 viro,
1739 790 1953 847 ‘paternae

392 866 686 922 fraternaeque
717 868 951 911 dilectionis
984 867 1191 912 affectum.

511 944 618 995 Quia
648 959 813 988 morum
843 948 1010 988 tuorum
1044 946 1309 1002 qualitatem,
1341 947 1453 990 vitae
1484 943 1954 1000 conversationemcsdi-

392 1021 597 1065 beralium
628 1023 863 1065 studiorum
894 1024 1202 1079 maturitatem,
1243 1037 1336 1066 cum
1370 1024 1504 1067 adhue
1533 1023 1751 1066 nobiscum
1773 1022 1954 1065 conuer-

393 1098 561 1153 sareris,
595 1099 882 1155 experimento
904 1100 1140 1155 didicimus,
1171 1101 1216 1143 in
1245 1104 1288 1144 te
1311 1101 1566 1144 unanimiter
1585 1099 1954 1154 intendimus,⁷i1t-

394 1189 473 1231 que
504 1189 611 1218 unus
644 1190 697 1219 ex
727 1176 848 1219 nobis
880 1176 955 1219 fias
986 1178 1226 1221 invitamus.
1282 1178 1570 1229 Intelleximus
1603 1177 1714 1220 enim
1736 1176 1818 1219 ille
1847 1178 1954 1219 tem-

394 1266 516 1308 pore,
550 1266 645 1296 cum
677 1267 789 1296 esses
822 1254 932 1310 apud
965 1269 1061 1310 nos,
1104 1255 1314 1298 assiduum
1350 1259 1392 1299 et
1420 1255 1584 1299 fidelem
1615 1254 1804 1298 laborem
1834 1257 1953 1297 tuum

393 1330 504 1372 circa
535 1329 717 1373 officium
750 1331 826 1374 tibi
859 1332 1142 1387 commissum,
1178 1332 1240 1375 ita
1269 1336 1317 1375 ut
1345 1333 1468 1376 facile
1498 1332 1637 1376 notari
1666 1324 1822 1388 posset,
1852 1330 1956 1388 quid

393 1407 513 1451 nobis
552 1410 593 1450 et
637 1407 835 1451 ecclesiae
873 1412 1042 1452 nostrae
1080 1415 1252 1466 cuperes
1293 1410 1492 1465 etquid,
1540 1409 1955 1466 constitutus-super

393 1484 539 1539 multa,
572 1497 665 1527 cum
699 1485 923 1528 admodum
955 1486 999 1528 in
1031 1488 1176 1542 paucis
1203 1501 1315 1530 esses
1337 1487 1472 1531 fidelis
1485 1484 1953 1544 ¹,promitteresmNos

393 1561 541 1616 igitur,
575 1561 765 1604 destituti
796 1563 1002 1606 scolarum
1035 1564 1299 1619 magisterio,
1334 1578 1359 1607 a
1389 1568 1431 1608 te
1461 1577 1538 1621 pro
1570 1564 1743 1619 antiqua
1771 1562 1954 1607 familia-

392 1638 518 1680 ritate
548 1639 820 1695 impetratum
849 1641 1070 1695 mittimus,
1101 1644 1149 1683 ut
1179 1642 1371 1697 probatio
1393 1645 1490 1685 tuae
1512 1640 1755 1684 dilectionis
1777 1640 1852 1684 fiat
1882 1653 1954 1684 ex-

393 1715 541 1758 hibitio
574 1717 724 1772 operis.
770 1716 982 1779 Rogamus
1013 1718 1154 1773 etiam,
1186 1721 1233 1761 ut
1253 1718 1418 1761 facilem
1440 1722 1487 1762 te.
1503 1732 1630 1775 super
1648 1718 1733 1762 hac
1757 1732 1802 1761 re
1826 1731 1954 1775 ‘prae-

394 1793 492 1836 beas
525 1796 567 1835 et
595 1793 639 1835 in
671 1793 789 1836 brevi
821 1794 980 1840 adnos
1002 1795 1145 1838 venire
1175 1795 1290 1838 nullo
1318 1796 1442 1839 modo
1471 1795 1653 1839 differas.
1719 1819 1721 1821 ·
1775 1794 1822 1839 Si
1854 1795 1954 1851 quid

394 1883 492 1912 vero
532 1869 629 1912 huic
670 1870 809 1913 obstat
847 1871 1128 1926 festinationi,
1168 1872 1278 1915 hunc
1314 1876 1474 1916 certum
1512 1872 1591 1916 tibi
1627 1871 1953 1929 praescribimus

395 1946 640 1989 terminum:
674 1950 721 1989 ut
750 1947 793 1989 in
824 1948 979 1990 ieiunio
1003 1947 1283 2005 Septembris²
1315 1949 1461 2006 procul
1492 1949 1616 1993 dubio
1637 1950 1758 1994 nobis
1778 1948 1954 2004 Mogun-

394 2023 478 2066 tiae
511 2036 717 2067 occurras.

400 2164 513 2210 115.
545 2165 728 2219 Quidam
759 2166 1026 2209 Friclericum
1047 2168 1079 2210 I
1103 2169 1463 2226 archiepiscopum
1495 2169 1776 2213 Coloniensem
1809 2170 1951 2214 Itona-

542 2251 623 2296 tur,
656 2252 704 2286 ut
726 2246 1071 2300 praeposituram
1102 2247 1316 2301 quandam
1346 2247 1429 2289 sibi
1454 2245 1726 2303 prospiciatb.
1774 2246 1827 2300 (E
1847 2247 1951 2300 223)

513 2331 695 2374 Domino
743 2345 816 2374 suo
856 2332 1114 2376 Coloniensis
1156 2334 1354 2377 ecclesiae
1394 2335 1706 2392 archiepiscopo
1745 2334 1805 2378 N,
1838 2335 1954 2379 mille

394 2408 502 2450 votis
535 2411 780 2464 exoptatum
811 2410 1045 2466 praesentis
1077 2413 1118 2453 et
1147 2411 1314 2454 futurae
1345 2412 1456 2455 vitae
1486 2412 1648 2455 felicem
1681 2415 1850 2455 statum.

514 2484 669 2535 Quibus
702 2489 743 2528 et
774 2487 940 2541 quantis
962 2487 1193 2530 devotionis
1222 2487 1436 2531 affectibus
1461 2503 1555 2532 mea
1576 2489 1692 2533 vobis
1714 2489 1953 2533 devincian-

395 2564 463 2603 tur
493 2562 752 2617 praecordia,
786 2564 852 2606 cui
878 2564 1062 2619 loquitur
1084 2565 1218 2607 omnis
1240 2565 1429 2619 intentio,
1463 2566 1606 2608 divina
1636 2569 1800 2609 tantum
1830 2579 1953 2623 prae-

394 2637 509 2680 videt
547 2639 741 2692 cognitio.
795 2639 882 2683 Nec
919 2641 1065 2683 mirari
1097 2641 1219 2684 debet
1250 2645 1412 2684 vestrae
1449 2642 1652 2686 claritatis
1691 2630 1952 2698 excellentia,

396 2714 506 2769 quod
536 2717 656 2757 tanta
679 2717 879 2772 temporis
902 2717 1102 2761 distantia
1124 2721 1263 2761 vestra
1285 2718 1488 2762 destituor
1519 2720 1767 2775 praesentia.
1817 2718 1952 2774 Testis

397 2791 550 2833 etenim
583 2795 646 2834 est
677 2794 932 2836 conscientia
962 2808 1076 2849 mea,
1111 2795 1242 2850 quod,
1278 2808 1452 2851 parcens
1484 2795 1621 2850 vobis,
1653 2796 1791 2839 vultus
1823 2795 1952 2839 vestri

397 2868 620 2910 serenitate
651 2868 773 2923 longo
806 2873 994 2926 tempore
1025 2872 1154 2914 carui.
1211 2871 1280 2915 Sic
1309 2886 1490 2927 namque
1522 2873 1700 2916 cesareis
1737 2872 1952 2929 praesensi

489 2977 516 2997 a.
548 2977 585 2997 ex
607 2968 635 2997 V
650 2969 726 3004 9421,
751 2969 825 3008 Zp.
842 2971 920 2999 202.
1046 2971 1075 3000 b.
1108 2981 1146 3001 ex
1168 2972 1196 3001 V
1212 2972 1387 3007 9422—95,
1412 2971 1486 3010 Zp.
1502 2972 1582 3009 202,
1610 2971 1636 3002 O
1654 2973 1731 3003 4622.

492 3031 524 3066 1.
551 3029 605 3066 Cf.
623 3031 750 3066 Matth.
769 3033 825 3077 25,
852 3033 907 3067 21.
1020 3034 1052 3069 2.
1079 3035 1125 3069 20
1150 3033 1249 3079 Sept.
1270 3034 1386 3069 1103?
