2028 3438
0 0 278 204 ξ’

0 211 11 267 1³·
421 233 586 266 anolus
614 233 722 264 vrrs
753 232 964 265 or‘roms.
1009 233 1097 264 Lm.
1119 233 1172 264 111
1201 230 1258 264 22.
1278 231 1324 266 23
1570 221 1657 265 683

0 328 7 382 ἓ
87 339 150 387 eo·
169 337 370 399 specialis
383 340 564 385 'domine
592 343 738 385 nostre
774 342 979 398 perpetue
1008 339 1186 396 virginis
1224 340 1464 384 reverentia
1497 340 1542 384 in
1571 339 1657 384 illis
1683 349 1776 386 1127

0 410 5 461 ,ἶ
79 417 286 476 partibus·
311 417 422 463 sicut
450 418 566 463 etin
598 418 714 462 omni
744 417 1066 463 christianitatis
1096 416 1188 461 loco
1219 417 1418 461 excrevit.

79 495 117 534 23¹
133 519 147 527 <—
190 493 310 540 r-*Post
337 495 416 541 hec
435 495 556 540 miles
578 496 762 552 quidam,
794 494 950 539 frenesi
979 494 1191 550 laborans,
1223 494 1387 538 insano’
1401 494 1585 539 clamore
1615 498 1658 539 et

87 572 623 619 noireudanmombrorum
656 573 840 617 motibus
862 572 1023 617 cunctis
1045 585 1246 616 onerosus
1269 576 1373 617 erat.
1423 572 1536 616 Socii
1556 586 1655 616 vero

79 649 133 696 nt
159 654 452 710 cooperatores
472 651 554 695 viri
574 650 668 707 Dei,
699 650 1065 708 importunitatem
1087 651 1257 694 vesanie
1283 651 1374 694 eius
1403 663 1489 694 non
1518 651 1655 694 feren-

78 727 523 786 -t'awappmhensum
562 742 659 772 eum
695 729 740 772 in
778 728 940 784 locum,
977 727 1051 771 ubi
1082 741 1228 772 servus
1258 728 1432 772 Domini
1461 741 1583 771 orare
1614 731 1657 771 et

86 805 571 864 missarnm's'olempnia
590 806 804 850 celebrare
826 805 1002 861 solebat,
1035 805 1264 850 attrahunt.
1310 805 1418 849 Erat
1447 805 1560 849 enim
1590 809 1656 849 ta-

79 883 276 928 ·‘hulatum
313 883 500 940 ligneum
535 883 625 928 illic
663 886 938 927 exstructum.
995 882 1076 926 Ubi
1108 883 1208 926 dum
1239 882 1360 927 miles
1396 882 1656 939 aliquamdiu

77 961 376 1018 decumberet,
414 964 590 1019 repente
620 964 794 1005 sanatus
826 964 903 1004 est.
954 942 1012 1004 Et
1042 960 1219 1004 exiliens
1257 961 1417 1015 gratias
1449 961 1535 1016 egit
1564 960 1655 1005 Deo

84 1051 138 1084 ac
162 1038 289 1084 beato
319 1038 502 1097 presuli;
534 1027 762 1095 multisque
794 1039 921 1083 verbo
953 1042 996 1082 et
1026 1038 1343 1082 conversatione
1375 1038 1501 1082 saluti
1531 1038 1624 1082 fuit.

191 1116 289 1160 23.-
328 1116 465 1172 Igitur
502 1116 660 1161 electus
690 1116 772 1160 Dei
810 1116 1001 1174 pontifex
1039 1129 1136 1160 cum
1170 1115 1320 1171 legatis
1353 1115 1656 1160 Stetinensium

78 1193 142 1247 nd
171 1193 320 1239 ducem
350 1193 600 1238 Pomeranie
630 1194 829 1249 tendens,
868 1194 1014 1239 urbem
1048 1193 1272 1238 Gaminam
1304 1194 1420 1238 adiit.
1473 1194 1557 1239 Ubi
1588 1207 1656 1238 oc—

84 1275 281 1317 currente
310 1272 392 1317 sibi
422 1272 527 1316 duce
546 1271 776 1317 Wortizlao
809 1285 905 1316 cum
936 1273 1051 1316 omni
1082 1271 1218 1329 plebe,
1249 1272 1393 1316 debita
1414 1273 1658 1317 reverencia

79 1349 204 1394 velut
231 1350 406 1406 angelus
436 1349 517 1394 Dei
553 1353 754 1407 exceptus
786 1354 862 1394 est.
917 1349 1127 1406 Cumque,
1168 1349 1388 1394 ecclesiam
1426 1350 1656 1407 ingressus,

78 1427 213 1472 *sulita
242 1427 333 1472 Deo
367 1440 542 1485 precum
570 1441 878 1485 ymnorumque
910 1431 1009 1472 vota
1038 1427 1329 1485 persolvisset,
1369 1441 1540 1472 causam
1578 1442 1656 1486 pro

84 1507 172 1562 qua
200 1509 376 1551 venerat
404 1509 589 1550 tractare
609 1506 740 1563 cepit3
774 1509 816 1549 et
846 1506 938 1549 uti*
955 1506 1089 1550 bonus
1119 1509 1278 1563 pastor,
1310 1506 1427 1561 gregi
1459 1519 1534 1549 suo
1564 1506 1657 1550 ubi-

86 1585 169 1640 que
197 1583 474 1640 prospiciens,
503 1583 550 1627 in
580 1583 742 1627 unitate
773 1597 941 1640 semper
968 1583 1106 1627 divisa
1135 1583 1327 1627 membra
1357 1583 1531 1627 ecclesie
1561 1584 1657 1641 paci

86 1660 250 1705 studuit
277 1661 520 1706 reformare.
567 1661 666 1705 Dux
699 1665 840 1705 autem
871 1661 1054 1719 piissimi
1085 1661 1266 1718 apostoli
1297 1662 1363 1704 sui
1394 1662 1536 1718 verba,
1569 1663 1658 1706 acsi

85 1738 321 1784 colitusad
351 1752 448 1783 eum
478 1738 631 1794 delata,
663 1739 909 1797 suscipiens,
943 1739 1121 1795 benigne
1152 1738 1452 1796 humiliterque
1481 1753 1657 1797 respon-

86 1816 170 1861 dit:
197 1816 336 1861 Tuum
356 1826 428 1871 est,
454 1825 583 1874 pater
603 1820 903 1871 amantissime,
937 1819 1142 1875 quicquid
1162 1819 1360 1875 diqnatus
1379 1819 1538 1875 fueris,
1571 1834 1657 1862 non

82 1896 261 1953 petendo
292 1912 322 1938 a
349 1910 415 1938 me
451 1897 525 1938 sed
559 1897 697 1952 maqis
729 1897 1007 1953 precipiendo
1027 1914 1029 1916 ·
1047 1899 1222 1954 exiqere.
1276 1897 1335 1939 Εὐ
1363 1911 1441 1939 nos
1473 1899 1584 1940 enim
1621 1906 1658 1940 et

87 1974 231 2016 onmia
259 1982 406 2017 nostra
435 1981 510 2016 tua
536 1982 656 2024 sunt‚·
688 1975 791 2030 quia
812 1975 858 2016 in
880 1972 1042 2017 Christo
1064 1975 1161 2018 Iesu
1184 1990 1267 2032 per
1288 1975 1551 2032 euanqelium
1580 1990 1657 2018 nos

83 2053 271 2108 qenuvlsti
289 2060 327 2095 et
346 2052 524 2095 tenebris
555 2053 800 2108 iqnorancie
818 2060 958 2095 nostre
979 2054 1111 2095 eterni
1131 2053 1232 2096 solis
1253 2053 1518 2110 splendorem
1537 2053 1654 2109 infu-

87 2130 200 2172 disti.
246 2129 440 2186 Populus
470 2131 561 2182 iste,
591 2144 672 2186 pro
705 2143 787 2185 quo
817 2131 940 2186 petis,
973 2131 1079 2173 dure
1109 2132 1280 2173 cervicis
1312 2127 1392 2173 est¹
1421 2146 1496 2173 nec
1516 2131 1657 2174 Deum

85 2221 162 2250 nec
191 2207 376 2250 homines
406 2204 661 2258 reveretur²3
690 2207 821 2250 multo
842 2209 930 2250 iam
950 2216 1133 2265 tempore
1162 2210 1330 2265 rapinis
1362 2217 1401 2252 et
1421 2209 1656 2252 latrociniis

85 2299 262 2342 reqnum
291 2300 428 2328 meum
462 2286 667 2328 vastando
698 2285 937 2328 maculavit.
993 2285 1082 2329 Sed
1115 2294 1182 2339 tu,
1221 2295 1371 2343 pastor
1401 2286 1654 2340 dulcissime,

88 2363 232 2419 efferos
251 2364 472 2420 mitiyasti,
505 2364 555 2406 de
577 2363 690 2420 lupis
712 2377 844 2419 aynos
862 2363 1014 2419 fecisti
1020 2379 1035 2414 ,·
1065 2364 1242 2421 ideoque
1268 2366 1390 2421 pacis
1410 2365 1657 2418 firmissime

84 2441 247 2498 qaudia
277 2442 484 2498 deinceps,
518 2449 556 2483 te
584 2441 807 2493 mediante,
841 2441 1063 2484 obtineant.
1112 2439 1349 2497 Statimque
1378 2440 1506 2496 legati
1529 2440 1656 2485 Steti-

85 2517 302 2573 nensium,
334 2517 524 2572 vestigiis
556 2518 645 2562 eius
677 2516 884 2572 advoluti,
917 2531 1084 2562 omnem
1115 2519 1269 2575 prioris
1299 2518 1506 2562 discordie
1537 2532 1656 2562 occa-

87 2595 248 2639 sionem
294 2595 462 2652 penitus
501 2595 771 2650 abdicarunt,
818 2596 1019 2653 pacisque
1057 2596 1197 2639 osculo
1237 2609 1263 2639 a
1301 2596 1404 2640 duce
1442 2601 1655 2653 perceptO,

86 2672 210 2717 beato
256 2671 446 2730 pontifici
485 2672 649 2717 debitas
694 2672 1053 2716 reconciliacionis
1100 2673 1223 2716 huius
1261 2674 1426 2729 gracias
1466 2677 1654 2730 egerunt.

87 2749 360 2807 Emptisque,
399 2754 527 2807 prout
561 2750 780 2805 volebant,
821 2750 1092 2806 necessariis,
1133 2751 1244 2807 quod
1280 2755 1405 2795 antea
1443 2752 1655 2796 discordes

87 2825 204 2870 nullo
234 2827 360 2871 modo
391 2831 750 2885 presumpserant,
781 2828 826 2871 in
857 2841 934 2871 sua
964 2830 1137 2872 ovantes
1166 2832 1422 2874 remearunt.

184 2936 212 2958 a.
243 2926 296 2957 ubi
321 2926 353 2958 0.

185 2992 216 3026 1.
242 2990 359 3027 Exod.
378 2991 436 3037 32,
462 2991 496 3027 9.
783 2992 817 3028 2.
849 2990 904 3029 Cf.
931 2992 1020 3028 Luc.
1040 2992 1096 3038 18,
1120 2993 1156 3028 4.
