<?xml version="1.0" encoding="UTF-8"?>
<!DOCTYPE html PUBLIC "-//W3C//DTD XHTML 1.0 Transitional//EN"
    "http://www.w3.org/TR/xhtml1/DTD/xhtml1-transitional.dtd">
<html xmlns="http://www.w3.org/1999/xhtml" xml:lang="en" lang="en">
 <head>
  <title>
</title>
<meta http-equiv="Content-Type" content="text/html;charset=utf-8" />
  <meta name='ocr-system' content='tesseract 3.04.00' />
  <meta name='ocr-capabilities' content='ocr_page ocr_carea ocr_par ocr_line ocrx_word'/>
</head>
<body>
  <div class='ocr_page' id='page_1' title='image "bibliothecarerum05wattuoft_0236.png"; bbox 0 0 2028 3438; ppageno 0'>
   <div class='ocr_carea' id='block_1_1' title="bbox 232 366 321 400">
    <p class='ocr_par' dir='ltr' id='par_1_1' title="bbox 232 366 321 400">
     <span class='ocr_line' id='line_1_1' title="bbox 232 366 321 400; baseline 0 0"><span class='ocrx_word' id='word_1_1' title='bbox 232 366 321 400; x_wconf 88' lang='grc'><strong>1103</strong></span> 
     </span>
    </p>
   </div>
   <div class='ocr_carea' id='block_1_2' title="bbox 178 413 376 443">
    <p class='ocr_par' dir='ltr' id='par_1_2' title="bbox 178 413 376 443">
     <span class='ocr_line' id='line_1_2' title="bbox 178 413 376 443; baseline 0 0"><span class='ocrx_word' id='word_1_2' title='bbox 178 413 262 443; x_wconf 83' lang='lat' dir='ltr'><strong>Febr.</strong></span> <span class='ocrx_word' id='word_1_3' title='bbox 271 430 299 434; x_wconf 87' lang='lat'><em>-</em></span> <span class='ocrx_word' id='word_1_4' title='bbox 313 414 376 443; x_wconf 85' lang='lat' dir='ltr'>Iun.</span> 
     </span>
    </p>
   </div>
   <div class='ocr_carea' id='block_1_3' title="bbox 396 237 1441 280">
    <p class='ocr_par' dir='ltr' id='par_1_3' title="bbox 396 237 1441 280">
     <span class='ocr_line' id='line_1_3' title="bbox 396 237 1441 280; baseline 0 -1"><span class='ocrx_word' id='word_1_5' title='bbox 396 237 483 279; x_wconf 81' lang='lat'>220</span> <span class='ocrx_word' id='word_1_6' title='bbox 907 247 1126 280; x_wconf 71' lang='lat' dir='ltr'>nmmum</span> <span class='ocrx_word' id='word_1_7' title='bbox 1158 247 1325 279; x_wconf 47' lang='lat' dir='ltr'>connx,</span> <span class='ocrx_word' id='word_1_8' title='bbox 1374 246 1441 279; x_wconf 79' lang='lat'>113</span> 
     </span>
    </p>
   </div>
   <div class='ocr_carea' id='block_1_4' title="bbox 390 353 1952 2722">
    <p class='ocr_par' dir='ltr' id='par_1_4' title="bbox 394 353 1952 1090">
     <span class='ocr_line' id='line_1_4' title="bbox 395 353 1951 410; baseline 0.001 -13"><span class='ocrx_word' id='word_1_9' title='bbox 395 355 533 410; x_wconf 85' lang='lat' dir='ltr'>guinis</span> <span class='ocrx_word' id='word_1_10' title='bbox 565 356 723 397; x_wconf 88' lang='lat' dir='ltr'>vestem</span> <span class='ocrx_word' id='word_1_11' title='bbox 755 353 844 397; x_wconf 89' lang='lat' dir='ltr'>eius</span> <span class='ocrx_word' id='word_1_12' title='bbox 877 353 1082 410; x_wconf 85' lang='lat' dir='ltr'>tetigerit,</span> <span class='ocrx_word' id='word_1_13' title='bbox 1122 354 1327 410; x_wconf 88' lang='lat' dir='ltr'>quomodo</span> <span class='ocrx_word' id='word_1_14' title='bbox 1365 354 1410 397; x_wconf 91' lang='lat' dir='ltr'>in</span> <span class='ocrx_word' id='word_1_15' title='bbox 1441 356 1588 397; x_wconf 77' lang='lat' dir='ltr'>sancta</span> <span class='ocrx_word' id='word_1_16' title='bbox 1616 356 1856 399; x_wconf 66' lang='lat' dir='ltr'>sanctorm</span> <span class='ocrx_word' id='word_1_17' title='bbox 1885 354 1951 399; x_wconf 87' lang='lat' dir='ltr'>in-</span> 
     </span>
     <span class='ocr_line' id='line_1_5' title="bbox 394 420 1952 490; baseline 0.001 -16"><span class='ocrx_word' id='word_1_18' title='bbox 394 431 540 474; x_wconf 87' lang='lat' dir='ltr'>troibit</span> <span class='ocrx_word' id='word_1_19' title='bbox 576 444 670 474; x_wconf 87' lang='lat' dir='ltr'>cum</span> <span class='ocrx_word' id='word_1_20' title='bbox 709 431 912 486; x_wconf 88' lang='lat' dir='ltr'>sanguine</span> <span class='ocrx_word' id='word_1_21' title='bbox 943 430 1122 487; x_wconf 77' lang='lat' dir='ltr'>Christi,</span> <span class='ocrx_word' id='word_1_22' title='bbox 1163 420 1286 488; x_wconf 73' lang='lat' dir='ltr'>quen&#39;l</span> <span class='ocrx_word' id='word_1_23' title='bbox 1318 430 1466 474; x_wconf 86' lang='lat' dir='ltr'>offerat</span> <span class='ocrx_word' id='word_1_24' title='bbox 1502 444 1578 487; x_wconf 88' lang='lat' dir='ltr'>pro</span> <span class='ocrx_word' id='word_1_25' title='bbox 1600 438 1710 474; x_wconf 66' lang='lat' dir='ltr'>‘sua&#39;</span> <span class='ocrx_word' id='word_1_26' title='bbox 1735 431 1952 490; x_wconf 54' lang='lat' dir='ltr'>etsspopuli</span> 
     </span>
     <span class='ocr_line' id='line_1_6' title="bbox 394 505 1951 563; baseline 0.001 -12"><span class='ocrx_word' id='word_1_27' title='bbox 394 505 680 563; x_wconf 82' lang='lat' dir='ltr'>ignorantia¹?</span> <span class='ocrx_word' id='word_1_28' title='bbox 733 507 790 551; x_wconf 68' lang='lat'>0⁶</span> <span class='ocrx_word' id='word_1_29' title='bbox 827 508 989 551; x_wconf 88' lang='lat' dir='ltr'>utinam</span> <span class='ocrx_word' id='word_1_30' title='bbox 1027 522 1113 552; x_wconf 88' lang='lat' dir='ltr'>non</span> <span class='ocrx_word' id='word_1_31' title='bbox 1152 522 1246 552; x_wconf 93' lang='lat' dir='ltr'>cum</span> <span class='ocrx_word' id='word_1_32' title='bbox 1276 507 1413 551; x_wconf 81' lang='lat' dir='ltr'><strong>Pilato</strong></span> <span class='ocrx_word' id='word_1_33' title='bbox 1451 510 1616 551; x_wconf 86' lang='lat' dir='ltr'>tantum</span> <span class='ocrx_word' id='word_1_34' title='bbox 1642 507 1769 552; x_wconf 78' lang='lat' dir='ltr'>&#39;lavet</span> <span class='ocrx_word' id='word_1_35' title='bbox 1794 520 1951 553; x_wconf 76' lang='lat' dir='ltr'>-manus</span> 
     </span>
     <span class='ocr_line' id='line_1_7' title="bbox 395 582 1951 642; baseline 0.001 -14"><span class='ocrx_word' id='word_1_36' title='bbox 395 582 530 639; x_wconf 80' lang='lat' dir='ltr'>suas²,</span> <span class='ocrx_word' id='word_1_37' title='bbox 572 585 735 629; x_wconf 84' lang='lat' dir='ltr'>dicens:</span> <span class='ocrx_word' id='word_1_38' title='bbox 775 586 962 628; x_wconf 67' lang='lat' dir='ltr'>Mundus</span> <span class='ocrx_word' id='word_1_39' title='bbox 1001 601 1072 642; x_wconf 69' lang='lat' dir='ltr'>eqo</span> <span class='ocrx_word' id='word_1_40' title='bbox 1113 601 1204 628; x_wconf 75' lang='lat' dir='ltr'>sum</span> <span class='ocrx_word' id='word_1_41' title='bbox 1242 601 1268 627; x_wconf 87' lang='lat' dir='ltr'>a</span> <span class='ocrx_word' id='word_1_42' title='bbox 1307 587 1511 641; x_wconf 70' lang='lat' dir='ltr'>sanquine</span> <span class='ocrx_word' id='word_1_43' title='bbox 1548 586 1951 640; x_wconf 46' lang='lat' dir='ltr'>innocenmmfsed</span> 
     </span>
     <span class='ocr_line' id='line_1_8' title="bbox 396 661 1949 720; baseline 0.001 -16"><span class='ocrx_word' id='word_1_44' title='bbox 396 662 522 705; x_wconf 88' lang='lat' dir='ltr'>etiam</span> <span class='ocrx_word' id='word_1_45' title='bbox 553 675 647 704; x_wconf 87' lang='lat' dir='ltr'>cum</span> <span class='ocrx_word' id='word_1_46' title='bbox 677 661 801 705; x_wconf 88' lang='lat' dir='ltr'>Petro</span> <span class='ocrx_word' id='word_1_47' title='bbox 834 662 966 705; x_wconf 86' lang='lat' dir='ltr'>dicat:</span> <span class='ocrx_word' id='word_1_48' title='bbox 1007 663 1203 715; x_wconf 77' lang='lat' dir='ltr'><em>Domine,</em></span> <span class='ocrx_word' id='word_1_49' title='bbox 1237 663 1334 705; x_wconf 79' lang='lat' dir='ltr'>lava</span> <span class='ocrx_word' id='word_1_50' title='bbox 1364 677 1448 705; x_wconf 78' lang='lat' dir='ltr'>non</span> <span class='ocrx_word' id='word_1_51' title='bbox 1480 671 1643 706; x_wconf 78' lang='lat' dir='ltr'>tantum</span> <span class='ocrx_word' id='word_1_52' title='bbox 1668 664 1800 720; x_wconf 58' lang='lat' dir='ltr'>pedes</span> <span class='ocrx_word' id='word_1_53' title='bbox 1823 664 1949 717; x_wconf 68' lang='lat' dir='ltr'>meos,</span> 
     </span>
     <span class='ocr_line' id='line_1_9' title="bbox 394 735 1950 796; baseline 0.001 -14"><span class='ocrx_word' id='word_1_54' title='bbox 394 741 467 782; x_wconf 70' lang='lat' dir='ltr'>sed</span> <span class='ocrx_word' id='word_1_55' title='bbox 505 754 654 781; x_wconf 72' lang='lat' dir='ltr'>manus</span> <span class='ocrx_word' id='word_1_56' title='bbox 696 749 735 783; x_wconf 74' lang='lat' dir='ltr'>et</span> <span class='ocrx_word' id='word_1_57' title='bbox 764 735 924 796; x_wconf 75' lang='lat' dir='ltr'>caput³.</span> <span class='ocrx_word' id='word_1_58' title='bbox 1048 739 1162 782; x_wconf 92' lang='lat' dir='ltr'>Iudei</span> <span class='ocrx_word' id='word_1_59' title='bbox 1201 752 1283 782; x_wconf 89' lang='lat' dir='ltr'>non</span> <span class='ocrx_word' id='word_1_60' title='bbox 1322 742 1627 782; x_wconf 88' lang='lat' dir='ltr'>excusaverunt</span> <span class='ocrx_word' id='word_1_61' title='bbox 1662 751 1833 783; x_wconf 58' lang='lat' dir='ltr'>manus}</span> <span class='ocrx_word' id='word_1_62' title='bbox 1852 747 1950 784; x_wconf 81' lang='lat' dir='ltr'>suas</span> 
     </span>
     <span class='ocr_line' id='line_1_10' title="bbox 396 815 1952 873; baseline 0.002 -15"><span class='ocrx_word' id='word_1_63' title='bbox 396 830 420 859; x_wconf 88' lang='lat' dir='ltr'>a</span> <span class='ocrx_word' id='word_1_64' title='bbox 459 816 661 871; x_wconf 90' lang='lat' dir='ltr'>sanguine</span> <span class='ocrx_word' id='word_1_65' title='bbox 700 815 878 871; x_wconf 78' lang='lat' dir='ltr'>Christi,</span> <span class='ocrx_word' id='word_1_66' title='bbox 920 829 1042 871; x_wconf 91' lang='lat' dir='ltr'>quem</span> <span class='ocrx_word' id='word_1_67' title='bbox 1081 817 1164 873; x_wconf 90' lang='lat' dir='ltr'>ipsi</span> <span class='ocrx_word' id='word_1_68' title='bbox 1201 816 1305 859; x_wconf 87' lang='lat' dir='ltr'>hora</span> <span class='ocrx_word' id='word_1_69' title='bbox 1342 816 1473 859; x_wconf 87' lang='lat' dir='ltr'>tercia</span> <span class='ocrx_word' id='word_1_70' title='bbox 1509 816 1664 871; x_wconf 88' lang='lat' dir='ltr'>linguis</span> <span class='ocrx_word' id='word_1_71' title='bbox 1680 840 1685 844; x_wconf 70' lang='lat'>,</span> <span class='ocrx_word' id='word_1_72' title='bbox 1702 816 1814 872; x_wconf 65' lang='lat' dir='ltr'>suis,</span> <span class='ocrx_word' id='word_1_73' title='bbox 1847 817 1952 861; x_wconf 75' lang='lat' dir='ltr'>hora</span> 
     </span>
     <span class='ocr_line' id='line_1_11' title="bbox 395 892 1949 951; baseline 0.002 -16"><span class='ocrx_word' id='word_1_74' title='bbox 395 896 515 936; x_wconf 88' lang='lat' dir='ltr'>sexta</span> <span class='ocrx_word' id='word_1_75' title='bbox 565 892 759 936; x_wconf 88' lang='lat' dir='ltr'>manibus</span> <span class='ocrx_word' id='word_1_76' title='bbox 808 892 1092 936; x_wconf 87' lang='lat' dir='ltr'>Romanorum</span> <span class='ocrx_word' id='word_1_77' title='bbox 1144 892 1450 936; x_wconf 86' lang='lat' dir='ltr'>crucifixerunt.</span> <span class='ocrx_word' id='word_1_78' title='bbox 1518 892 1817 951; x_wconf 24' lang='lat' dir='ltr'>Apostolieuss</span> <span class='ocrx_word' id='word_1_79' title='bbox 1835 903 1949 950; x_wconf 74' lang='lat' dir='ltr'>vero,</span> 
     </span>
     <span class='ocr_line' id='line_1_12' title="bbox 395 969 1952 1029; baseline 0.002 -17"><span class='ocrx_word' id='word_1_80' title='bbox 395 983 439 1013; x_wconf 93' lang='lat' dir='ltr'>se</span> <span class='ocrx_word' id='word_1_81' title='bbox 479 983 704 1022; x_wconf 87' lang='lat' dir='ltr'>excusans,</span> <span class='ocrx_word' id='word_1_82' title='bbox 746 969 848 1012; x_wconf 86' lang='lat' dir='ltr'>dicit</span> <span class='ocrx_word' id='word_1_83' title='bbox 885 983 978 1012; x_wconf 90' lang='lat' dir='ltr'>cum</span> <span class='ocrx_word' id='word_1_84' title='bbox 1018 969 1167 1013; x_wconf 82' lang='lat' dir='ltr'>Paulo:</span> <span class='ocrx_word' id='word_1_85' title='bbox 1216 971 1403 1013; x_wconf 77' lang='lat' dir='ltr'>Mundus</span> <span class='ocrx_word' id='word_1_86' title='bbox 1442 986 1515 1027; x_wconf 73' lang='lat' dir='ltr'>eqo</span> <span class='ocrx_word' id='word_1_87' title='bbox 1554 986 1646 1014; x_wconf 77' lang='lat' dir='ltr'>sum</span> <span class='ocrx_word' id='word_1_88' title='bbox 1681 972 1709 1014; x_wconf 76' lang='grc' dir='ltr'>α’</span> <span class='ocrx_word' id='word_1_89' title='bbox 1746 973 1952 1029; x_wconf 58' lang='lat' dir='ltr'>sanqscine</span> 
     </span>
     <span class='ocr_line' id='line_1_13' title="bbox 395 1049 1764 1090; baseline -0.002 0"><span class='ocrx_word' id='word_1_90' title='bbox 395 1049 578 1090; x_wconf 78' lang='lat' dir='ltr'>omnium</span> <span class='ocrx_word' id='word_1_91' title='bbox 610 1056 799 1090; x_wconf 76' lang='lat' dir='ltr'>vestrum.</span> <span class='ocrx_word' id='word_1_92' title='bbox 1762 1056 1764 1060; x_wconf 87' lang='lat'>&#39;</span> 
     </span>
    </p>

    <p class='ocr_par' dir='ltr' id='par_1_5' title="bbox 390 1123 1951 2180">
     <span class='ocr_line' id='line_1_14' title="bbox 512 1123 1951 1180; baseline 0.002 -14"><span class='ocrx_word' id='word_1_93' title='bbox 512 1123 611 1175; x_wconf 87' lang='lat' dir='ltr'>Quis</span> <span class='ocrx_word' id='word_1_94' title='bbox 643 1123 887 1180; x_wconf 89' lang='lat' dir='ltr'>pontificum</span> <span class='ocrx_word' id='word_1_95' title='bbox 916 1123 1199 1167; x_wconf 88' lang='lat' dir='ltr'>Romanorum</span> <span class='ocrx_word' id='word_1_96' title='bbox 1230 1126 1316 1168; x_wconf 90' lang='lat' dir='ltr'>suis</span> <span class='ocrx_word' id='word_1_97' title='bbox 1348 1138 1530 1180; x_wconf 88' lang='lat' dir='ltr'>unquam</span> <span class='ocrx_word' id='word_1_98' title='bbox 1563 1124 1741 1168; x_wconf 79' lang='lat' dir='ltr'>decretis</span> <span class='ocrx_word' id='word_1_99' title='bbox 1771 1125 1951 1169; x_wconf 80' lang='lat' dir='ltr'>auctori-</span> 
     </span>
     <span class='ocr_line' id='line_1_15' title="bbox 394 1200 1950 1259; baseline 0.001 -16"><span class='ocrx_word' id='word_1_100' title='bbox 394 1201 519 1256; x_wconf 87' lang='lat' dir='ltr'>zavit,</span> <span class='ocrx_word' id='word_1_101' title='bbox 550 1204 598 1243; x_wconf 93' lang='lat' dir='ltr'>ut</span> <span class='ocrx_word' id='word_1_102' title='bbox 629 1201 778 1244; x_wconf 88' lang='lat' dir='ltr'>debeat</span> <span class='ocrx_word' id='word_1_103' title='bbox 808 1201 996 1257; x_wconf 82' lang='lat' dir='ltr'>pontifex</span> <span class='ocrx_word' id='word_1_104' title='bbox 1028 1201 1166 1256; x_wconf 85' lang='lat' dir='ltr'>gladio</span> <span class='ocrx_word' id='word_1_105' title='bbox 1199 1201 1296 1245; x_wconf 92' lang='lat' dir='ltr'>belli</span> <span class='ocrx_word' id='word_1_106' title='bbox 1326 1203 1371 1245; x_wconf 89' lang='lat' dir='ltr'>in</span> <span class='ocrx_word' id='word_1_107' title='bbox 1402 1205 1622 1259; x_wconf 78' lang='lat' dir='ltr'>peccantes</span> <span class='ocrx_word' id='word_1_108' title='bbox 1654 1202 1742 1246; x_wconf 77' lang='lat' dir='ltr'>uti?</span> <span class='ocrx_word' id='word_1_109' title='bbox 1775 1215 1779 1231; x_wconf 76' lang='lat'>³</span> <span class='ocrx_word' id='word_1_110' title='bbox 1822 1200 1950 1246; x_wconf 36' lang='lat' dir='ltr'>*Gre-</span> 
     </span>
     <span class='ocr_line' id='line_1_16' title="bbox 392 1278 1950 1337; baseline 0.002 -17"><span class='ocrx_word' id='word_1_111' title='bbox 392 1278 547 1333; x_wconf 87' lang='lat' dir='ltr'>gorius,</span> <span class='ocrx_word' id='word_1_112' title='bbox 579 1278 741 1334; x_wconf 91' lang='lat' dir='ltr'>primus</span> <span class='ocrx_word' id='word_1_113' title='bbox 773 1278 918 1321; x_wconf 55' lang='lat' dir='ltr'>huius*</span> <span class='ocrx_word' id='word_1_114' title='bbox 939 1278 1121 1322; x_wconf 89' lang='lat' dir='ltr'>nominis</span> <span class='ocrx_word' id='word_1_115' title='bbox 1153 1292 1276 1335; x_wconf 88' lang='lat' dir='ltr'>papa,</span> <span class='ocrx_word' id='word_1_116' title='bbox 1308 1279 1408 1334; x_wconf 90' lang='lat' dir='ltr'>quid</span> <span class='ocrx_word' id='word_1_117' title='bbox 1439 1292 1583 1322; x_wconf 85' lang='lat' dir='ltr'>omnes</span> <span class='ocrx_word' id='word_1_118' title='bbox 1613 1282 1711 1323; x_wconf 82' lang='lat' dir='ltr'>ante</span> <span class='ocrx_word' id='word_1_119' title='bbox 1741 1292 1784 1323; x_wconf 87' lang='lat' dir='ltr'>se</span> <span class='ocrx_word' id='word_1_120' title='bbox 1815 1292 1950 1337; x_wconf 78' lang='lat' dir='ltr'>papae</span> 
     </span>
     <span class='ocr_line' id='line_1_17' title="bbox 394 1355 1948 1412; baseline 0.002 -15"><span class='ocrx_word' id='word_1_121' title='bbox 394 1369 519 1412; x_wconf 90' lang='lat' dir='ltr'>super</span> <span class='ocrx_word' id='word_1_122' title='bbox 556 1355 634 1398; x_wconf 93' lang='lat' dir='ltr'>hoc</span> <span class='ocrx_word' id='word_1_123' title='bbox 674 1355 881 1398; x_wconf 87' lang='lat' dir='ltr'>senserint</span> <span class='ocrx_word' id='word_1_124' title='bbox 921 1359 962 1398; x_wconf 87' lang='lat' dir='ltr'>et</span> <span class='ocrx_word' id='word_1_125' title='bbox 1000 1356 1099 1411; x_wconf 90' lang='lat' dir='ltr'>quid</span> <span class='ocrx_word' id='word_1_126' title='bbox 1138 1369 1281 1399; x_wconf 90' lang='lat' dir='ltr'>omnes</span> <span class='ocrx_word' id='word_1_127' title='bbox 1327 1360 1423 1412; x_wconf 92' lang='lat' dir='ltr'>post</span> <span class='ocrx_word' id='word_1_128' title='bbox 1469 1370 1513 1400; x_wconf 90' lang='lat' dir='ltr'>se</span> <span class='ocrx_word' id='word_1_129' title='bbox 1553 1357 1708 1400; x_wconf 90' lang='lat' dir='ltr'>sentire</span> <span class='ocrx_word' id='word_1_130' title='bbox 1757 1356 1948 1412; x_wconf 67' lang='lat' dir='ltr'>debeant,</span> 
     </span>
     <span class='ocr_line' id='line_1_18' title="bbox 393 1432 1950 1491; baseline 0.002 -16"><span class='ocrx_word' id='word_1_131' title='bbox 393 1433 594 1486; x_wconf 83' lang='lat' dir='ltr'>ostendit3</span> <span class='ocrx_word' id='word_1_132' title='bbox 627 1432 813 1476; x_wconf 86' lang='lat' dir='ltr'>scribens</span> <span class='ocrx_word' id='word_1_133' title='bbox 837 1432 1062 1476; x_wconf 88' lang='lat' dir='ltr'>Sabiniano</span> <span class='ocrx_word' id='word_1_134' title='bbox 1095 1433 1288 1476; x_wconf 87' lang='lat' dir='ltr'>diacono:</span> <span class='ocrx_word' id='word_1_135' title='bbox 1331 1434 1466 1476; x_wconf 81' lang='lat' dir='ltr'><em>Unum</em></span> <span class='ocrx_word' id='word_1_136' title='bbox 1497 1443 1567 1487; x_wconf 73' lang='lat' dir='ltr'>est,</span> <span class='ocrx_word' id='word_1_137' title='bbox 1602 1436 1716 1491; x_wconf 81' lang='lat' dir='ltr'>quod</span> <span class='ocrx_word' id='word_1_138' title='bbox 1742 1434 1950 1478; x_wconf 60' lang='lat' dir='ltr'>humiter</span> 
     </span>
     <span class='ocr_line' id='line_1_19' title="bbox 392 1511 1949 1568; baseline 0.002 -16"><span class='ocrx_word' id='word_1_139' title='bbox 392 1526 591 1567; x_wconf 71' lang='lat' dir='ltr'>suyyeras</span> <span class='ocrx_word' id='word_1_140' title='bbox 623 1512 896 1553; x_wconf 72' lang='lat' dir='ltr'>serenissimis</span> <span class='ocrx_word' id='word_1_141' title='bbox 918 1511 1099 1552; x_wconf 76' lang='lat' dir='ltr'>dominis</span> <span class='ocrx_word' id='word_1_142' title='bbox 1129 1513 1296 1563; x_wconf 68' lang='lat' dir='ltr'>nostrie,</span> <span class='ocrx_word' id='word_1_143' title='bbox 1332 1514 1446 1567; x_wconf 81' lang='lat' dir='ltr'>quia,</span> <span class='ocrx_word' id='word_1_144' title='bbox 1480 1514 1520 1554; x_wconf 72' lang='lat' dir='ltr'>si</span> <span class='ocrx_word' id='word_1_145' title='bbox 1543 1527 1615 1568; x_wconf 74' lang='lat' dir='ltr'>eqo</span> <span class='ocrx_word' id='word_1_146' title='bbox 1636 1516 1777 1555; x_wconf 67' lang='lat' dir='ltr'>servus</span> <span class='ocrx_word' id='word_1_147' title='bbox 1809 1523 1949 1555; x_wconf 63' lang='lat' dir='ltr'>eorum</span> 
     </span>
     <span class='ocr_line' id='line_1_20' title="bbox 392 1584 1949 1644; baseline 0.002 -15"><span class='ocrx_word' id='word_1_148' title='bbox 392 1590 438 1629; x_wconf 81' lang='lat' dir='ltr'>in</span> <span class='ocrx_word' id='word_1_149' title='bbox 459 1596 629 1630; x_wconf 75' lang='lat' dir='ltr'>mortem</span> <span class='ocrx_word' id='word_1_150' title='bbox 651 1588 715 1629; x_wconf 80' lang='lat' dir='ltr'>vel</span> <span class='ocrx_word' id='word_1_151' title='bbox 735 1588 1112 1644; x_wconf 69' lang='lat' dir='ltr'>Lonyobardorum</span> <span class='ocrx_word' id='word_1_152' title='bbox 1143 1603 1206 1630; x_wconf 81' lang='lat' dir='ltr'>me</span> <span class='ocrx_word' id='word_1_153' title='bbox 1235 1591 1406 1631; x_wconf 74' lang='lat' dir='ltr'>miseere</span> <span class='ocrx_word' id='word_1_154' title='bbox 1424 1584 1658 1642; x_wconf 58' lang='lat' dir='ltr'>valuissem,</span> <span class='ocrx_word' id='word_1_155' title='bbox 1691 1588 1949 1632; x_wconf 63' lang='lat' dir='ltr'>hodioL‘on-</span> 
     </span>
     <span class='ocr_line' id='line_1_21' title="bbox 390 1666 1951 1721; baseline 0.001 -14"><span class='ocrx_word' id='word_1_156' title='bbox 390 1666 675 1721; x_wconf 70' lang='lat' dir='ltr'>yobardorum</span> <span class='ocrx_word' id='word_1_157' title='bbox 718 1680 819 1720; x_wconf 68' lang='lat' dir='ltr'>qens</span> <span class='ocrx_word' id='word_1_158' title='bbox 867 1668 940 1707; x_wconf 65' lang='grc' dir='ltr'>πρὸ</span> <span class='ocrx_word' id='word_1_159' title='bbox 981 1680 1118 1721; x_wconf 72' lang='lat' dir='ltr'>reyem</span> <span class='ocrx_word' id='word_1_160' title='bbox 1162 1680 1237 1707; x_wconf 79' lang='lat' dir='ltr'>nec</span> <span class='ocrx_word' id='word_1_161' title='bbox 1276 1667 1397 1707; x_wconf 73' lang='lat' dir='ltr'>duces</span> <span class='ocrx_word' id='word_1_162' title='bbox 1442 1681 1516 1708; x_wconf 77' lang='lat' dir='ltr'>nec</span> <span class='ocrx_word' id='word_1_163' title='bbox 1554 1668 1719 1709; x_wconf 72' lang='lat' dir='ltr'>comites</span> <span class='ocrx_word' id='word_1_164' title='bbox 1756 1667 1951 1710; x_wconf 71' lang='lat' dir='ltr'>haberent</span> 
     </span>
     <span class='ocr_line' id='line_1_22' title="bbox 394 1737 1949 1798; baseline 0.001 -13"><span class='ocrx_word' id='word_1_165' title='bbox 394 1751 516 1798; x_wconf 79' lang='lat' dir='ltr'>atque</span> <span class='ocrx_word' id='word_1_166' title='bbox 546 1744 591 1784; x_wconf 79' lang='lat' dir='ltr'>in</span> <span class='ocrx_word' id='word_1_167' title='bbox 623 1737 1058 1797; x_wconf 62' lang='lat' dir='ltr'>summa·“confusione</span> <span class='ocrx_word' id='word_1_168' title='bbox 1094 1751 1234 1785; x_wconf 70' lang='lat' dir='ltr'>essent.</span> <span class='ocrx_word' id='word_1_169' title='bbox 1285 1742 1372 1785; x_wconf 86' lang='lat' dir='ltr'>Sed</span> <span class='ocrx_word' id='word_1_170' title='bbox 1411 1745 1511 1798; x_wconf 82' lang='lat' dir='ltr'>quia</span> <span class='ocrx_word' id='word_1_171' title='bbox 1542 1743 1680 1786; x_wconf 81' lang='lat' dir='ltr'>Deum</span> <span class='ocrx_word' id='word_1_172' title='bbox 1718 1745 1869 1795; x_wconf 66' lang='lat' dir='ltr'>timeo,</span> <span class='ocrx_word' id='word_1_173' title='bbox 1902 1745 1949 1786; x_wconf 75' lang='lat' dir='ltr'>in</span> 
     </span>
     <span class='ocr_line' id='line_1_23' title="bbox 392 1817 1948 1877; baseline 0.001 -16"><span class='ocrx_word' id='word_1_174' title='bbox 392 1828 563 1862; x_wconf 77' lang='lat' dir='ltr'>mortem</span> <span class='ocrx_word' id='word_1_175' title='bbox 601 1819 817 1861; x_wconf 72' lang='lat' dir='ltr'>cuiuslibet</span> <span class='ocrx_word' id='word_1_176' title='bbox 846 1819 1024 1861; x_wconf 74' lang='lat' dir='ltr'>hominis</span> <span class='ocrx_word' id='word_1_177' title='bbox 1055 1834 1119 1861; x_wconf 86' lang='lat' dir='ltr'>me</span> <span class='ocrx_word' id='word_1_178' title='bbox 1154 1821 1324 1862; x_wconf 81' lang='lat' dir='ltr'>miscere</span> <span class='ocrx_word' id='word_1_179' title='bbox 1350 1820 1546 1875; x_wconf 80' lang='lat' dir='ltr'>formido</span> <span class='ocrx_word' id='word_1_180' title='bbox 1557 1817 1582 1862; x_wconf 80' lang='lat'>⁴.</span> <span class='ocrx_word' id='word_1_181' title='bbox 1635 1819 1726 1863; x_wconf 81' lang='lat' dir='ltr'>Hoc</span> <span class='ocrx_word' id='word_1_182' title='bbox 1755 1818 1948 1877; x_wconf 76' lang='lat' dir='ltr'>exemplo</span> 
     </span>
     <span class='ocr_line' id='line_1_24' title="bbox 394 1894 1948 1953; baseline 0.002 -16"><span class='ocrx_word' id='word_1_183' title='bbox 394 1909 537 1938; x_wconf 90' lang='lat' dir='ltr'>omnes</span> <span class='ocrx_word' id='word_1_184' title='bbox 570 1909 594 1937; x_wconf 90' lang='lat' dir='ltr'>a</span> <span class='ocrx_word' id='word_1_185' title='bbox 625 1895 761 1951; x_wconf 88' lang='lat' dir='ltr'>primo</span> <span class='ocrx_word' id='word_1_186' title='bbox 794 1894 996 1949; x_wconf 87' lang='lat' dir='ltr'>Gregorio</span> <span class='ocrx_word' id='word_1_187' title='bbox 1029 1895 1232 1950; x_wconf 84' lang='lat' dir='ltr'>contenti,</span> <span class='ocrx_word' id='word_1_188' title='bbox 1274 1896 1499 1939; x_wconf 89' lang='lat' dir='ltr'>utebantur</span> <span class='ocrx_word' id='word_1_189' title='bbox 1537 1895 1624 1939; x_wconf 91' lang='lat' dir='ltr'>solo</span> <span class='ocrx_word' id='word_1_190' title='bbox 1656 1896 1794 1951; x_wconf 82' lang='lat' dir='ltr'>gladio</span> <span class='ocrx_word' id='word_1_191' title='bbox 1824 1896 1948 1953; x_wconf 70' lang='lat' dir='ltr'>spiri—-</span> 
     </span>
     <span class='ocr_line' id='line_1_25' title="bbox 393 1971 1945 2028; baseline 0.001 -14"><span class='ocrx_word' id='word_1_192' title='bbox 393 1972 498 2015; x_wconf 87' lang='lat' dir='ltr'>tuali</span> <span class='ocrx_word' id='word_1_193' title='bbox 536 1986 668 2027; x_wconf 89' lang='lat' dir='ltr'>usque</span> <span class='ocrx_word' id='word_1_194' title='bbox 707 1972 760 2014; x_wconf 88' lang='lat' dir='ltr'>ad</span> <span class='ocrx_word' id='word_1_195' title='bbox 790 1972 984 2015; x_wconf 87' lang='lat' dir='ltr'>ultimum</span> <span class='ocrx_word' id='word_1_196' title='bbox 1018 1971 1286 2027; x_wconf 88' lang='lat' dir='ltr'>Gregorium,</span> <span class='ocrx_word' id='word_1_197' title='bbox 1325 1973 1370 2015; x_wconf 88' lang='lat' dir='ltr'>id</span> <span class='ocrx_word' id='word_1_198' title='bbox 1401 1976 1465 2016; x_wconf 91' lang='lat' dir='ltr'>est</span> <span class='ocrx_word' id='word_1_199' title='bbox 1495 1973 1547 2016; x_wconf 83' lang='lat' dir='ltr'>ad</span> <span class='ocrx_word' id='word_1_200' title='bbox 1577 1973 1945 2028; x_wconf 79' lang='lat' dir='ltr'>Hildebrandum⁰‚</span> 
     </span>
     <span class='ocr_line' id='line_1_26' title="bbox 394 2049 1947 2108; baseline 0.002 -17"><span class='ocrx_word' id='word_1_201' title='bbox 394 2050 466 2106; x_wconf 91' lang='lat' dir='ltr'>qui</span> <span class='ocrx_word' id='word_1_202' title='bbox 504 2050 666 2106; x_wconf 90' lang='lat' dir='ltr'>primus</span> <span class='ocrx_word' id='word_1_203' title='bbox 699 2063 742 2092; x_wconf 89' lang='lat' dir='ltr'>se</span> <span class='ocrx_word' id='word_1_204' title='bbox 775 2052 816 2092; x_wconf 85' lang='lat' dir='ltr'>et</span> <span class='ocrx_word' id='word_1_205' title='bbox 848 2062 922 2092; x_wconf 91' lang='lat' dir='ltr'>suo</span> <span class='ocrx_word' id='word_1_206' title='bbox 955 2050 1147 2106; x_wconf 90' lang='lat' dir='ltr'>exemplo</span> <span class='ocrx_word' id='word_1_207' title='bbox 1187 2049 1288 2093; x_wconf 89' lang='lat' dir='ltr'>alios</span> <span class='ocrx_word' id='word_1_208' title='bbox 1327 2049 1544 2106; x_wconf 89' lang='lat' dir='ltr'>pontifices</span> <span class='ocrx_word' id='word_1_209' title='bbox 1585 2054 1732 2094; x_wconf 88' lang='lat' dir='ltr'>contra</span> <span class='ocrx_word' id='word_1_210' title='bbox 1765 2051 1947 2108; x_wconf 48' lang='lat' dir='ltr'>imperas</span> 
     </span>
     <span class='ocr_line' id='line_1_27' title="bbox 393 2126 1048 2180; baseline 0 -11"><span class='ocrx_word' id='word_1_211' title='bbox 393 2130 525 2170; x_wconf 88' lang='lat' dir='ltr'>torem</span> <span class='ocrx_word' id='word_1_212' title='bbox 558 2126 738 2169; x_wconf 85' lang='lat' dir='ltr'>accinxit</span> <span class='ocrx_word' id='word_1_213' title='bbox 768 2126 907 2180; x_wconf 87' lang='lat' dir='ltr'>gladio</span> <span class='ocrx_word' id='word_1_214' title='bbox 937 2126 1048 2169; x_wconf 93' lang='lat' dir='ltr'>belli.</span> 
     </span>
    </p>

    <p class='ocr_par' dir='ltr' id='par_1_6' title="bbox 392 2203 1950 2722">
     <span class='ocr_line' id='line_1_28' title="bbox 511 2203 1945 2259; baseline 0.002 -14"><span class='ocrx_word' id='word_1_215' title='bbox 511 2203 636 2254; x_wconf 85' lang='lat' dir='ltr'>Quisd</span> <span class='ocrx_word' id='word_1_216' title='bbox 669 2203 802 2259; x_wconf 86' lang='lat' dir='ltr'>possit</span> <span class='ocrx_word' id='word_1_217' title='bbox 832 2217 972 2258; x_wconf 87' lang='lat' dir='ltr'>regem</span> <span class='ocrx_word' id='word_1_218' title='bbox 1006 2217 1201 2258; x_wconf 86' lang='lat' dir='ltr'>arguere,</span> <span class='ocrx_word' id='word_1_219' title='bbox 1234 2203 1382 2246; x_wconf 89' lang='lat' dir='ltr'>melius</span> <span class='ocrx_word' id='word_1_220' title='bbox 1413 2203 1532 2247; x_wconf 88' lang='lat' dir='ltr'>nobis</span> <span class='ocrx_word' id='word_1_221' title='bbox 1564 2203 1782 2248; x_wconf 86' lang='lat' dir='ltr'>intellexit·</span> <span class='ocrx_word' id='word_1_222' title='bbox 1801 2204 1945 2259; x_wconf 80' lang='lat' dir='ltr'>Heliu3</span> 
     </span>
     <span class='ocr_line' id='line_1_29' title="bbox 394 2279 1950 2338; baseline 0.002 -16"><span class='ocrx_word' id='word_1_223' title='bbox 394 2280 465 2335; x_wconf 87' lang='lat' dir='ltr'>qui</span> <span class='ocrx_word' id='word_1_224' title='bbox 494 2280 538 2322; x_wconf 91' lang='lat' dir='ltr'>in</span> <span class='ocrx_word' id='word_1_225' title='bbox 569 2280 675 2323; x_wconf 87' lang='lat' dir='ltr'>libro</span> <span class='ocrx_word' id='word_1_226' title='bbox 706 2280 779 2323; x_wconf 90' lang='lat' dir='ltr'>Iob</span> <span class='ocrx_word' id='word_1_227' title='bbox 811 2280 862 2323; x_wconf 90' lang='lat' dir='ltr'>de</span> <span class='ocrx_word' id='word_1_228' title='bbox 894 2280 982 2323; x_wconf 91' lang='lat' dir='ltr'>Deo</span> <span class='ocrx_word' id='word_1_229' title='bbox 1016 2281 1094 2323; x_wconf 87' lang='lat' dir='ltr'>ait:</span> <span class='ocrx_word' id='word_1_230' title='bbox 1131 2281 1217 2334; x_wconf 78' lang='lat' dir='ltr'>Qui</span> <span class='ocrx_word' id='word_1_231' title='bbox 1244 2290 1365 2324; x_wconf 77' lang='lat' dir='ltr'>vocat</span> <span class='ocrx_word' id='word_1_232' title='bbox 1395 2283 1516 2323; x_wconf 80' lang='lat' dir='ltr'>duces</span> <span class='ocrx_word' id='word_1_233' title='bbox 1543 2279 1733 2338; x_wconf 77' lang='lat' dir='ltr'>impios⁵,</span> <span class='ocrx_word' id='word_1_234' title='bbox 1767 2284 1827 2325; x_wconf 87' lang='lat' dir='ltr'>et:</span> <span class='ocrx_word' id='word_1_235' title='bbox 1863 2282 1950 2336; x_wconf 79' lang='lat' dir='ltr'>Qui</span> 
     </span>
     <span class='ocr_line' id='line_1_30' title="bbox 392 2354 1946 2414; baseline 0.002 -15"><span class='ocrx_word' id='word_1_236' title='bbox 392 2373 567 2414; x_wconf 67' lang='lat' dir='ltr'>reynare</span> <span class='ocrx_word' id='word_1_237' title='bbox 586 2359 703 2413; x_wconf 75' lang='lat' dir='ltr'>facit</span> <span class='ocrx_word' id='word_1_238' title='bbox 732 2358 994 2414; x_wconf 68' lang='lat' dir='ltr'>hypocritam</span> <span class='ocrx_word' id='word_1_239' title='bbox 1019 2367 1197 2414; x_wconf 81' lang='lat' dir='ltr'>propter</span> <span class='ocrx_word' id='word_1_240' title='bbox 1225 2367 1396 2413; x_wconf 75' lang='lat' dir='ltr'>peccata</span> <span class='ocrx_word' id='word_1_241' title='bbox 1423 2359 1576 2414; x_wconf 78' lang='lat' dir='ltr'>populi</span> <span class='ocrx_word' id='word_1_242' title='bbox 1584 2354 1612 2400; x_wconf 81' lang='lat'>⁶.</span> <span class='ocrx_word' id='word_1_243' title='bbox 1705 2357 1823 2410; x_wconf 87' lang='lat' dir='ltr'>Quod</span> <span class='ocrx_word' id='word_1_244' title='bbox 1842 2357 1946 2403; x_wconf 81' lang='lat' dir='ltr'>Gre-</span> 
     </span>
     <span class='ocr_line' id='line_1_31' title="bbox 393 2434 1943 2492; baseline 0.001 -16"><span class='ocrx_word' id='word_1_245' title='bbox 393 2434 533 2488; x_wconf 89' lang='lat' dir='ltr'>gorius</span> <span class='ocrx_word' id='word_1_246' title='bbox 556 2447 790 2490; x_wconf 83' lang='lat' dir='ltr'>exponens:</span> <span class='ocrx_word' id='word_1_247' title='bbox 824 2435 979 2477; x_wconf 74' lang='lat' dir='ltr'>Nullus</span> <span class='ocrx_word' id='word_1_248' title='bbox 1010 2434 1147 2489; x_wconf 89' lang='lat' dir='ltr'>inquit</span> <span class='ocrx_word' id='word_1_249' title='bbox 1168 2437 1244 2491; x_wconf 79' lang='lat' dir='ltr'>qui</span> <span class='ocrx_word' id='word_1_250' title='bbox 1263 2436 1385 2478; x_wconf 74' lang='lat' dir='ltr'>talem</span> <span class='ocrx_word' id='word_1_251' title='bbox 1405 2443 1602 2477; x_wconf 77' lang='lat' dir='ltr'>rectorem</span> <span class='ocrx_word' id='word_1_252' title='bbox 1626 2438 1804 2492; x_wconf 71' lang='lat' dir='ltr'>patitur,</span> <span class='ocrx_word' id='word_1_253' title='bbox 1838 2451 1943 2489; x_wconf 79' lang='lat' dir='ltr'>eum,</span> 
     </span>
     <span class='ocr_line' id='line_1_32' title="bbox 394 2512 1949 2570; baseline 0.001 -17"><span class='ocrx_word' id='word_1_254' title='bbox 394 2526 513 2567; x_wconf 80' lang='lat' dir='ltr'>quem</span> <span class='ocrx_word' id='word_1_255' title='bbox 542 2513 725 2567; x_wconf 76' lang='lat' dir='ltr'>patitur,</span> <span class='ocrx_word' id='word_1_256' title='bbox 767 2521 948 2561; x_wconf 51' lang='lat' dir='ltr'>accusem</span> <span class='ocrx_word' id='word_1_257' title='bbox 989 2514 1088 2568; x_wconf 83' lang='lat' dir='ltr'>quia</span> <span class='ocrx_word' id='word_1_258' title='bbox 1119 2514 1318 2553; x_wconf 76' lang='lat' dir='ltr'>nimirum</span> <span class='ocrx_word' id='word_1_259' title='bbox 1348 2514 1417 2553; x_wconf 79' lang='lat' dir='ltr'>sui</span> <span class='ocrx_word' id='word_1_260' title='bbox 1442 2512 1538 2567; x_wconf 76' lang='lat' dir='ltr'>fuit</span> <span class='ocrx_word' id='word_1_261' title='bbox 1566 2514 1723 2565; x_wconf 75' lang='lat' dir='ltr'>meriti,</span> <span class='ocrx_word' id='word_1_262' title='bbox 1760 2515 1949 2570; x_wconf 77' lang='lat' dir='ltr'>perversi</span> 
     </span>
     <span class='ocr_line' id='line_1_33' title="bbox 393 2587 1946 2645; baseline 0.003 -17"><span class='ocrx_word' id='word_1_263' title='bbox 393 2590 562 2630; x_wconf 72' lang='lat' dir='ltr'>rectoris</span> <span class='ocrx_word' id='word_1_264' title='bbox 602 2589 811 2630; x_wconf 76' lang='lat' dir='ltr'>subiacere</span> <span class='ocrx_word' id='word_1_265' title='bbox 842 2590 1011 2631; x_wconf 78' lang='lat' dir='ltr'>dicioni.</span> <span class='ocrx_word' id='word_1_266' title='bbox 1069 2587 1246 2645; x_wconf 82' lang='lat' dir='ltr'>Culpam</span> <span class='ocrx_word' id='word_1_267' title='bbox 1284 2603 1379 2644; x_wconf 73' lang='lat' dir='ltr'>erqo</span> <span class='ocrx_word' id='word_1_268' title='bbox 1414 2591 1590 2645; x_wconf 72' lang='lat' dir='ltr'>proprii</span> <span class='ocrx_word' id='word_1_269' title='bbox 1618 2590 1752 2645; x_wconf 73' lang='lat' dir='ltr'>mayis</span> <span class='ocrx_word' id='word_1_270' title='bbox 1784 2598 1946 2632; x_wconf 70' lang='lat' dir='ltr'>accuset</span> 
     </span>
     <span class='ocr_line' id='line_1_34' title="bbox 394 2665 1943 2722; baseline 0.002 -17"><span class='ocrx_word' id='word_1_271' title='bbox 394 2666 531 2721; x_wconf 73' lang='lat' dir='ltr'>operis</span> <span class='ocrx_word' id='word_1_272' title='bbox 572 2680 698 2720; x_wconf 80' lang='lat' dir='ltr'><em>quam</em></span> <span class='ocrx_word' id='word_1_273' title='bbox 735 2668 1012 2708; x_wconf 78' lang='lat' dir='ltr'>iniusticiam⁹</span> <span class='ocrx_word' id='word_1_274' title='bbox 1049 2666 1331 2721; x_wconf 73' lang='lat' dir='ltr'>yubernantis.</span> <span class='ocrx_word' id='word_1_275' title='bbox 1397 2665 1611 2722; x_wconf 78' lang='lat' dir='ltr'>Scriptum</span> <span class='ocrx_word' id='word_1_276' title='bbox 1650 2680 1830 2722; x_wconf 79' lang='lat' dir='ltr'>namque</span> <span class='ocrx_word' id='word_1_277' title='bbox 1865 2675 1943 2709; x_wconf 72' lang='lat' dir='ltr'>est:</span> 
     </span>
    </p>
   </div>
   <div class='ocr_carea' id='block_1_5' title="bbox 392 2757 1944 2902">
    <p class='ocr_par' dir='ltr' id='par_1_7' title="bbox 392 2757 1944 2902">
     <span class='ocr_line' id='line_1_35' title="bbox 486 2757 1944 2797; baseline 0.003 -11"><span class='ocrx_word' id='word_1_278' title='bbox 486 2767 512 2786; x_wconf 86' lang='lat' dir='ltr'>a.</span> <span class='ocrx_word' id='word_1_279' title='bbox 546 2757 568 2787; x_wconf 95' lang='grc' dir='ltr'>Ο</span> <span class='ocrx_word' id='word_1_280' title='bbox 590 2773 620 2777; x_wconf 92' lang='lat'>——</span> <span class='ocrx_word' id='word_1_281' title='bbox 639 2767 657 2787; x_wconf 86' lang='lat' dir='ltr'>a</span> <span class='ocrx_word' id='word_1_282' title='bbox 679 2759 821 2795; x_wconf 87' lang='lat' dir='ltr'>sanguine</span> <span class='ocrx_word' id='word_1_283' title='bbox 851 2759 983 2788; x_wconf 88' lang='lat' dir='ltr'>omnium</span> <span class='ocrx_word' id='word_1_284' title='bbox 1008 2760 1140 2788; x_wconf 85' lang='lat' dir='ltr'>vestrum</span> <span class='ocrx_word' id='word_1_285' title='bbox 1168 2768 1223 2789; x_wconf 89' lang='lat' dir='ltr'>om.</span> <span class='ocrx_word' id='word_1_286' title='bbox 1240 2759 1277 2788; x_wconf 92' lang='lat' dir='ltr'>B.</span> <span class='ocrx_word' id='word_1_287' title='bbox 1423 2759 1451 2787; x_wconf 91' lang='lat' dir='ltr'>b.</span> <span class='ocrx_word' id='word_1_288' title='bbox 1485 2758 1574 2787; x_wconf 90' lang='lat' dir='ltr'>huius</span> <span class='ocrx_word' id='word_1_289' title='bbox 1595 2774 1626 2778; x_wconf 91' lang='lat'>-</span> <span class='ocrx_word' id='word_1_290' title='bbox 1645 2767 1662 2787; x_wconf 78' lang='lat' dir='ltr'>a</span> <span class='ocrx_word' id='word_1_291' title='bbox 1681 2759 1779 2797; x_wconf 87' lang='lat' dir='ltr'>primo</span> <span class='ocrx_word' id='word_1_292' title='bbox 1801 2759 1944 2797; x_wconf 84' lang='lat' dir='ltr'>Gregorio</span> 
     </span>
     <span class='ocr_line' id='line_1_36' title="bbox 393 2810 1944 2852; baseline 0.001 -12"><span class='ocrx_word' id='word_1_293' title='bbox 393 2810 527 2840; x_wconf 85' lang='lat' dir='ltr'>contenti</span> <span class='ocrx_word' id='word_1_294' title='bbox 549 2820 604 2840; x_wconf 86' lang='lat' dir='ltr'>om.</span> <span class='ocrx_word' id='word_1_295' title='bbox 619 2811 657 2846; x_wconf 88' lang='grc' dir='ltr'>Β,</span> <span class='ocrx_word' id='word_1_296' title='bbox 681 2811 734 2840; x_wconf 84' lang='lat' dir='ltr'>ubi</span> <span class='ocrx_word' id='word_1_297' title='bbox 751 2821 812 2850; x_wconf 78' lang='lat' dir='ltr'>pro</span> <span class='ocrx_word' id='word_1_298' title='bbox 833 2811 941 2842; x_wconf 77' lang='lat' dir='ltr'>iisdem</span> <span class='ocrx_word' id='word_1_299' title='bbox 962 2811 1063 2841; x_wconf 75' lang='lat' dir='ltr'>verbis</span> <span class='ocrx_word' id='word_1_300' title='bbox 1085 2811 1165 2841; x_wconf 76' lang='lat' dir='ltr'>nihil</span> <span class='ocrx_word' id='word_1_301' title='bbox 1186 2811 1298 2852; x_wconf 68' lang='lat' dir='ltr'>legitur</span> <span class='ocrx_word' id='word_1_302' title='bbox 1319 2811 1382 2841; x_wconf 77' lang='lat' dir='ltr'>nisi</span> <span class='ocrx_word' id='word_1_303' title='bbox 1403 2812 1433 2840; x_wconf 85' lang='lat' dir='ltr'>et</span> <span class='ocrx_word' id='word_1_304' title='bbox 1455 2811 1491 2841; x_wconf 82' lang='lat' dir='ltr'>ab</span> <span class='ocrx_word' id='word_1_305' title='bbox 1514 2821 1549 2841; x_wconf 88' lang='lat' dir='ltr'>eo</span> <span class='ocrx_word' id='word_1_306' title='bbox 1573 2820 1686 2841; x_wconf 89' lang='lat' dir='ltr'>omnes.</span> <span class='ocrx_word' id='word_1_307' title='bbox 1790 2820 1816 2841; x_wconf 87' lang='lat' dir='ltr'>c.</span> <span class='ocrx_word' id='word_1_308' title='bbox 1847 2811 1944 2842; x_wconf 85' lang='lat' dir='ltr'>Hilte-</span> 
     </span>
     <span class='ocr_line' id='line_1_37' title="bbox 392 2863 1943 2902; baseline 0.002 -10"><span class='ocrx_word' id='word_1_309' title='bbox 392 2863 539 2892; x_wconf 83' lang='lat' dir='ltr'>brandum</span> <span class='ocrx_word' id='word_1_310' title='bbox 562 2864 599 2892; x_wconf 90' lang='grc' dir='ltr'>Β.</span> <span class='ocrx_word' id='word_1_311' title='bbox 702 2864 731 2893; x_wconf 82' lang='lat' dir='ltr'>d.</span> <span class='ocrx_word' id='word_1_312' title='bbox 765 2864 837 2900; x_wconf 91' lang='lat' dir='ltr'>Quis</span> <span class='ocrx_word' id='word_1_313' title='bbox 861 2880 888 2884; x_wconf 83' lang='lat'>-</span> <span class='ocrx_word' id='word_1_314' title='bbox 907 2865 1096 2902; x_wconf 82' lang='lat' dir='ltr'>imperatoris</span> <span class='ocrx_word' id='word_1_315' title='bbox 1119 2865 1239 2894; x_wconf 89' lang='lat' dir='ltr'>nomine</span> <span class='ocrx_word' id='word_1_316' title='bbox 1263 2864 1401 2902; x_wconf 84' lang='lat' dir='ltr'>dignatur</span> <span class='ocrx_word' id='word_1_317' title='bbox 1422 2874 1478 2893; x_wconf 87' lang='lat' dir='ltr'>om.</span> <span class='ocrx_word' id='word_1_318' title='bbox 1494 2864 1531 2893; x_wconf 92' lang='lat' dir='ltr'>B.</span> <span class='ocrx_word' id='word_1_319' title='bbox 1630 2874 1654 2893; x_wconf 90' lang='lat' dir='ltr'>e.</span> <span class='ocrx_word' id='word_1_320' title='bbox 1687 2865 1836 2895; x_wconf 83' lang='lat' dir='ltr'>iusticiam</span> <span class='ocrx_word' id='word_1_321' title='bbox 1857 2863 1943 2895; x_wconf 78' lang='lat' dir='ltr'>codd.</span> 
     </span>
    </p>
   </div>
   <div class='ocr_carea' id='block_1_6' title="bbox 392 2919 1944 3025">
    <p class='ocr_par' dir='ltr' id='par_1_8' title="bbox 392 2919 1944 3025">
     <span class='ocr_line' id='line_1_38' title="bbox 489 2919 1944 2966; baseline 0.001 -12"><span class='ocrx_word' id='word_1_322' title='bbox 489 2921 520 2955; x_wconf 88' lang='lat'>1.</span> <span class='ocrx_word' id='word_1_323' title='bbox 547 2919 655 2955; x_wconf 87' lang='lat' dir='ltr'>Hebr.</span> <span class='ocrx_word' id='word_1_324' title='bbox 675 2921 707 2964; x_wconf 83' lang='lat'>9,</span> <span class='ocrx_word' id='word_1_325' title='bbox 728 2922 759 2955; x_wconf 85' lang='lat'>7.</span> <span class='ocrx_word' id='word_1_326' title='bbox 856 2922 888 2955; x_wconf 80' lang='lat'>2.</span> <span class='ocrx_word' id='word_1_327' title='bbox 922 2921 1048 2956; x_wconf 83' lang='lat' dir='ltr'>Matth.</span> <span class='ocrx_word' id='word_1_328' title='bbox 1067 2922 1123 2966; x_wconf 81' lang='lat'>27,</span> <span class='ocrx_word' id='word_1_329' title='bbox 1142 2922 1198 2956; x_wconf 78' lang='lat'>24.</span> <span class='ocrx_word' id='word_1_330' title='bbox 1295 2922 1328 2956; x_wconf 85' lang='lat'>3.</span> <span class='ocrx_word' id='word_1_331' title='bbox 1359 2921 1435 2956; x_wconf 90' lang='lat' dir='ltr'>Ioh.</span> <span class='ocrx_word' id='word_1_332' title='bbox 1455 2922 1509 2966; x_wconf 87' lang='grc'>13,</span> <span class='ocrx_word' id='word_1_333' title='bbox 1528 2922 1561 2956; x_wconf 88' lang='grc'>9,</span> <span class='ocrx_word' id='word_1_334' title='bbox 1660 2921 1694 2956; x_wconf 83' lang='grc'>4.</span> <span class='ocrx_word' id='word_1_335' title='bbox 1720 2922 1765 2958; x_wconf 92' lang='lat' dir='ltr'>V.</span> <span class='ocrx_word' id='word_1_336' title='bbox 1784 2922 1944 2966; x_wconf 83' lang='lat' dir='ltr'>Regesta</span> 
     </span>
     <span class='ocr_line' id='line_1_39' title="bbox 392 2978 1581 3025; baseline 0 -11"><span class='ocrx_word' id='word_1_337' title='bbox 392 2981 491 3023; x_wconf 85' lang='lat' dir='ltr'>pont.</span> <span class='ocrx_word' id='word_1_338' title='bbox 510 2979 613 3014; x_wconf 87' lang='lat' dir='ltr'>Rom.</span> <span class='ocrx_word' id='word_1_339' title='bbox 633 2990 666 3014; x_wconf 89' lang='lat' dir='ltr'>n.</span> <span class='ocrx_word' id='word_1_340' title='bbox 686 2979 765 3014; x_wconf 83' lang='lat'>968.</span> <span class='ocrx_word' id='word_1_341' title='bbox 887 2980 919 3014; x_wconf 80' lang='lat'>5.</span> <span class='ocrx_word' id='word_1_342' title='bbox 947 2979 1010 3015; x_wconf 95' lang='lat' dir='ltr'>Iob</span> <span class='ocrx_word' id='word_1_343' title='bbox 1035 2979 1091 3025; x_wconf 88' lang='lat'>34,</span> <span class='ocrx_word' id='word_1_344' title='bbox 1120 2980 1174 3014; x_wconf 91' lang='lat'>18.</span> <span class='ocrx_word' id='word_1_345' title='bbox 1297 2981 1328 3014; x_wconf 83' lang='grc'>6.</span> <span class='ocrx_word' id='word_1_346' title='bbox 1354 2978 1418 3014; x_wconf 94' lang='lat' dir='ltr'>Iob</span> <span class='ocrx_word' id='word_1_347' title='bbox 1443 2979 1499 3024; x_wconf 88' lang='lat'>34,</span> <span class='ocrx_word' id='word_1_348' title='bbox 1525 2979 1581 3014; x_wconf 86' lang='lat'>30.</span> 
     </span>
    </p>
   </div>
  </div>
 </body>
</html>
