2028 3438
282 393 373 428 1146

256 441 343 472 Mart.
357 443 396 472 14

423 266 510 310 532
834 280 1082 313 EPISTOLAE
1112 282 1481 314 BAMnnncnnsns.
1528 282 1573 316 35

421 383 530 428 finae
561 384 801 442 episcopum
836 389 878 430 et
909 386 1144 440 T(homam)
1177 387 1467 444 presbyterum
1499 386 1776 433 cardinalem¹
1804 389 1974 446 prodi-

423 461 555 504 versis
587 462 766 518 negotiis
789 462 841 506 ad
872 466 1013 519 partes
1045 463 1138 506 illas
1161 463 1211 506 de
1236 467 1379 506 nostro
1410 463 1540 508 latere
1562 465 1863 521 delegavimus;
1895 465 1975 509 eis-

423 551 502 593 que
527 538 623 582 viva
650 552 750 582 voce
781 539 1076 595 iniuncximus,
1109 543 1156 583 ut
1187 540 1241 583 ad
1272 540 1487 584 ecclesiam
1519 544 1700 586 vestram
1733 534 1975 586 accederent

423 617 547 670 atque
579 615 629 658 de
650 615 737 658 vita
769 618 810 659 et
840 617 1052 660 miraculis
1073 616 1243 660 Henrici
1274 618 1384 673 regis
1415 618 1476 661 rei
1504 619 1722 662 veritatem
1754 618 1974 674 diligenter

420 691 680 747 inquirerem
711 696 753 735 et
782 692 934 736 litteris
966 693 1052 735 suis
1083 693 1202 737 nobis
1235 694 1529 749 significarent.
1911 689 1913 691 ¹

538 768 659 812 Nunc
691 772 827 813 autem
862 770 1085 813 eorundem
1118 770 1295 814 flatrum
1326 775 1563 815 nostrorum
1596 775 1637 815 et
1659 771 1885 815 multorum
1902 782 1972 815 're-

419 845 663 900 ligiosorum
686 849 728 889 et
749 844 1022 890 discretorum
1044 846 1228 890 virorum
1251 849 1517 892 attestatione
1539 848 1589 891 de
1614 848 1806 892 castitate
1824 843 1972 905 ipsius,

421 921 473 965 de
516 922 758 966 fundatione
798 922 1154 978 Pabenbergensis
1195 924 1392 979 ecclesiae
1433 928 1475 968 et
1512 924 1738 968 multarum
1782 925 1972 979 aliarum,

422 1000 695 1054 quarumdam
729 1013 891 1055 quoque
923 1001 1221 1057 episcopalium
1259 1001 1417 1044 sedium
1458 1002 1724 1058 reparatione
1761 1006 1804 1046 et
1833 1001 1972 1045 multi-

421 1075 521 1131 plici
553 1076 873 1119 elemosinarum
905 1076 1145 1133 largitione,
1181 1078 1231 1121 de
1263 1078 1530 1122 conversione
1561 1079 1670 1133 regis
1699 1077 1902 1135 Stephani
1932 1082 1974 1122 et

421 1153 548 1196 totius
579 1152 788 1208 Ungariae
819 1153 1000 1196 Domino
1033 1158 1281 1211 cooperante
1311 1169 1386 1211 per
1419 1168 1512 1198 eum
1544 1155 1676 1210 facta,
1710 1155 1762 1199 de
1792 1154 1971 1211 glorioso

422 1229 547 1272 etiam
578 1230 711 1286 ipsius
744 1230 879 1286 obitu,
918 1231 1190 1287 pluribusque
1222 1231 1433 1275 miraculis
1471 1234 1567 1288 post
1597 1232 1685 1276 eius
1723 1232 1880 1276 obitum
1920 1232 1972 1276 ad

420 1306 552 1362 ipsius
584 1308 770 1363 corporis
802 1308 1055 1364 presentiam
1088 1309 1287 1351 divinitus
1319 1308 1497 1352 ostensis
1529 1308 1662 1352 multa
1689 1309 1969 1364 cognovimus.

420 1382 533 1426 Inter
554 1397 633 1439 que
654 1384 757 1427 illud
779 1385 975 1441 precipue
999 1385 1268 1429 memorabile
1294 1385 1521 1442 plurimum
1543 1385 1818 1441 attendentes,
1848 1386 1971 1442 quod,

421 1473 515 1503 cum
547 1461 740 1504 diadema
772 1464 813 1504 et
845 1466 1057 1518 sceptrum
1088 1462 1255 1519 imperii
1287 1463 1550 1519 suscepisset,
1583 1476 1666 1505 non
1696 1462 1972 1519 imperialiter

421 1537 494 1580 sed
532 1537 807 1594 spiritualiter
838 1538 963 1594 vixit,
1005 1540 1047 1582 in
1087 1535 1216 1582 thoro
1247 1540 1370 1582 etiam
1409 1539 1595 1594 legitimo
1636 1539 1817 1596 positus,
1862 1539 1971 1595 quod

420 1627 648 1670 paucorum
679 1615 808 1658 fuisse
838 1615 1003 1671 legitur,
1035 1616 1318 1671 integritatem
1342 1617 1612 1669 castimoniae
1633 1616 1827 1672 usquein
1845 1615 1970 1660 finem

420 1690 531 1734 vitae
562 1692 835 1735 conservavit.

539 1767 652 1819 Quae
673 1768 839 1824 quidem
872 1769 1012 1812 omnia
1036 1769 1206 1812 insimul
1236 1770 1541 1826 perpendentes
1563 1772 1687 1825 atque
1709 1770 1971 1814 devotionem

419 1848 599 1887 vestram
634 1848 676 1888 et
707 1845 878 1889 ecclesie
899 1845 1268 1901 Pabenbergensis,
1303 1860 1381 1902 que
1405 1850 1546 1890 sancte
1566 1846 1779 1891 Romanae
1801 1847 1971 1891 ecclesie

421 1921 498 1964 soli
530 1921 698 1966 subesse
729 1923 971 1977 dinoscitur,
1010 1922 1230 1977 diligenter
1261 1923 1593 1978 considerantes,
1631 1925 1799 1968 tametsi
1829 1924 1971 1968 huius-

421 1998 534 2041 modi
574 1999 720 2055 petitio
758 2000 841 2042 nisi
878 2000 921 2042 in
968 2000 1230 2054 generalibus
1277 2000 1461 2044 conciliis
1503 2000 1669 2044 admitti
1705 2015 1788 2045 non
1826 2001 1970 2056 soleat,

422 2076 669 2119 auctoritate
700 2079 839 2120 tamen
873 2080 1041 2120 sanctae
1063 2077 1274 2120 Romanae
1306 2077 1515 2133 ecclesiae,
1549 2091 1627 2134 que
1658 2077 1842 2122 omnium
1873 2090 1970 2121 con-

421 2151 609 2195 ciliorum
642 2152 949 2197 firmamentum
983 2156 1058 2209 est,
1090 2154 1360 2210 petitionibus
1382 2155 1531 2198 vestris
1557 2155 1875 2210 acquiescimus3
1908 2157 1970 2198 at-

422 2243 501 2284 que
532 2229 715 2273 eiusdem
746 2230 1026 2274 memorabilis
1051 2231 1141 2286 viri,
1175 2231 1290 2274 cuius
1314 2231 1608 2275 exaltationem
1630 2231 1855 2288 requiritiS,
1886 2231 1970 2274 fra-

420 2308 532 2348 trum
569 2311 805 2350 ncstrorum
848 2308 1254 2365 archiepiscoporum
1294 2308 1603 2365 episcoporum,
1648 2309 1719 2364 qui
1754 2305 1969 2366 presentes

422 2383 608 2439 aderant,
642 2385 945 2428 communicato
968 2385 1154 2440 consilio,
1182 2385 1426 2428 memoriam
1447 2386 1556 2429 inter
1577 2389 1741 2429 sanctos
1762 2386 1813 2429 de
1833 2389 1968 2429 cetero

420 2458 511 2502 fieri
543 2465 759 2504 censemus
801 2464 842 2504 et
873 2462 1203 2505 anniversarium
1242 2462 1374 2518 ipsius
1406 2462 1516 2505 diem
1548 2461 1834 2519 sollempniter
1863 2462 1969 2506 celc-

421 2536 533 2579 brari
565 2538 868 2581 constituimus.
990 2538 1140 2581 Vestra
1171 2539 1310 2594 itaque
1341 2539 1527 2593 interest,
1561 2539 1620 2582 sic
1651 2540 1694 2582 in
1726 2542 1868 2582 sancte
1887 2538 1969 2581 Ro-

420 2627 543 2656 mane
576 2614 745 2658 ecclesie
784 2615 1021 2658 obedientia
1052 2618 1092 2658 et
1127 2615 1326 2658 fidelitate
1358 2616 1583 2671 persistere
1615 2616 1747 2675 etsie
1777 2615 1814 2659 ei
1846 2615 1969 2670 digne

421 2690 651 2733 devotionis
684 2692 893 2747 obsequiis
914 2692 1178 2748 respondere,
1210 2695 1257 2735 ut
1277 2692 1474 2748 ampliori⁴
1491 2692 1602 2735 beati
1622 2692 1737 2736 Petri
1760 2696 1802 2735 et
1827 2695 1970 2735 nostra

421 2767 556 2821 gratia
587 2768 702 2821 digni
732 2768 1016 2811 inveniamini.
1064 2768 1175 2811 Data
1207 2769 1507 2812 Transtiberim
1539 2770 1565 2811 2
1596 2769 1692 2812 Idus
1723 2769 1876 2812 Mart.⁰.

514 2857 540 2878 a.
573 2848 717 2887 dependet
746 2849 831 2879 bulla
854 2850 1014 2889 plumbea,
1043 2850 1077 2880 in
1101 2851 1189 2881 cuius
1218 2851 1320 2882 altera
1344 2854 1437 2890 parte
1465 2850 1607 2890 leyimus:
1634 2850 1829 2882 EVGENIVS
1851 2840 1897 2881 ᾗ
1918 2851 1968 2888 ΙΙΙ,

420 2900 454 2930 in
476 2900 578 2931 altera
599 2911 693 2940 super
715 2901 794 2932 duas
815 2901 949 2942 effigies.-
972 2902 992 2932 S
1013 2902 1072 2939 PA,
1096 2903 1116 2933 S
1138 2903 1196 2934 PE.
1863 2898 1882 2908 '⁸

516 2959 549 2994 1.
574 2958 669 2994 tituli
693 2957 729 2994 S.
745 2959 928 2995 Vestinae.
