2028 3438
280 362 370 398 1127

245 1052 318 1082 Deo.
334 1052 373 1082 20

398 235 484 278 824
746 245 984 276 nnnssonm
1014 244 1254 276 DIALOGUS.
1301 245 1387 275 Lm.
1410 245 1461 275 111
1490 242 1547 277 31.
1562 242 1609 276 32

396 353 605 406 timentes,
637 351 711 394 sed
732 364 783 395 ex
805 350 1118 407 captivitatibus
1140 350 1267 393 etiam
1298 349 1351 393 ad
1371 349 1549 393 humiles
1571 353 1614 394 et
1633 349 1736 393 satis
1755 348 1947 406 indignas

396 428 719 484 compositiones
751 441 820 471 eos
852 427 1143 481 astringentes.

514 505 646 559 Atqui
667 504 764 547 Otto
796 503 1076 557 beatissimus,
1107 502 1300 545 omnibus
1330 505 1503 558 propter
1533 515 1613 557 que
1642 505 1816 545 venerat
1842 501 1949 546 bene

396 568 600 636 conpletis
632 584 674 623 et
703 580 941 623 civitatibus
973 579 1170 634 omnique
1209 578 1364 634 populo
1401 579 1447 620 in
1477 578 1628 632 gaudio
1668 581 1711 622 et
1738 577 1822 622 fide
1845 581 1948 635 apte

396 657 652 712 compositis,
674 657 849 700 visitans
862 654 872 674 ¹
896 668 1039 698 omnes
1062 668 1164 710 quos
1192 654 1343 710 potuit,
1371 654 1567 698 decorum
1588 653 1679 698 vale
1698 654 1744 697 in
1763 653 1950 698 maxima

395 732 537 776 leticia
566 732 650 775 illis
678 732 879 793 faciebat3
911 744 986 787 per
1008 731 1153 774 ducem
1175 730 1346 774 Polonie
1377 744 1425 774 ac
1454 744 1530 787 per
1551 731 1654 774 alios
1676 730 1949 774 amicos'suos

395 809 477 852 iter
508 809 559 851 ad
596 809 736 852 sedem
777 822 894 851 suam
933 807 1158 862 relegens⁸.
1213 807 1358 862 Itaque
1396 807 1555 864 aliquot
1585 807 1730 850 diebus
1766 806 1951 861 gratiosa

396 885 634 941 presentia*
666 885 731 927 sui
761 888 804 928 et
833 884 940 927 caris
972 883 1208 940 aspectibus
1229 883 1376 927 ducem
1405 887 1446 927 et
1465 883 1746 938 Polonienses,
1777 882 1949 927 dilectos

397 961 615 1005 dilectores
638 974 748 1015 suos,
780 961 825 1004 in
855 961 1116 1017 plenitudine
1137 960 1372 1003 sanctitatis
1393 960 1724 1003 mansuetudinis
1745 962 1791 1003 et
1815 959 1951 1014 gratie

396 1037 614 1092 letificans,
645 1038 706 1080 ita
737 1051 782 1080 se
812 1037 1036 1094 promovit,
1069 1040 1116 1079 ut
1145 1037 1190 1079 in
1210 1036 1356 1090 vigilia
1379 1037 1513 1079 sancti
1534 1036 1691 1080 Thome
1709 1035 1951 1080 Babenberc

396 1114 442 1157 in
463 1113 639 1157 ecclesia
658 1113 887 1157 cathedrali
917 1114 962 1156 in
984 1113 1116 1157 multo
1138 1113 1344 1156 desiderio
1378 1116 1420 1156 et
1450 1113 1736 1169 expectatione
1766 1125 1950 1168 suorum,

399 1191 519 1245 quasi
550 1190 601 1234 de
625 1191 800 1233 victoria
830 1203 923 1233 cum
957 1190 1213 1233 exultatione
1243 1190 1424 1245 rediens,
1456 1190 1749 1246 susciperetur,
1779 1192 1951 1232 cantan-

397 1267 509 1310 tibus
550 1267 660 1310 clero
699 1270 741 1310 et
778 1266 992 1310 monachis
1031 1270 1120 1309 tota
1150 1270 1290 1310 mente
1319 1267 1501 1322 totisque
1533 1266 1712 1310 viribus:
1750 1267 1948 1319 Domine,

397 1347 561 1401 suscipe
591 1360 667 1397 me,
700 1354 747 1387 ut
776 1359 868 1386 cum
893 1345 1109 1399 fratribus
1139 1345 1240 1386 meis
1271 1346 1362 1386 sim.

514 1420 572 1463 Et
604 1434 698 1463 ecce
729 1420 796 1463 hic
828 1433 1026 1463 excursus
1062 1420 1150 1463 eius
1190 1420 1271 1463 fuit
1311 1423 1353 1463 et
1392 1432 1607 1475 recursus,
1646 1422 1688 1463 et
1716 1418 1793 1463 hec
1823 1432 1952 1476 opera

398 1497 461 1540 bis
499 1497 806 1554 peregrinantis
837 1510 913 1553 pro
946 1496 1159 1539 dilatanda
1189 1495 1272 1540 fide
1302 1496 1517 1539 catholica.
1638 1495 1811 1551 Fateor,
1847 1496 1950 1540 insi-

399 1574 518 1630 piens
549 1574 684 1616 factus
717 1587 828 1627 sum3
861 1587 934 1616 vos
965 1587 1032 1616 me
1063 1573 1269 1627 coegistis.

520 1651 714 1694 Tiemo:
745 1649 840 1693 Non
861 1654 902 1693 te
932 1650 1005 1692 ait
1034 1650 1202 1692 estimes
1225 1649 1358 1692 adhuc
1377 1648 1568 1692 liberum.
1616 1648 1723 1700 Quia
1742 1662 1794 1693 ex
1813 1649 1952 1706 prima

400 1727 674 1770 conventione
711 1733 856 1769 nostra
892 1726 1017 1782 plura
1052 1726 1128 1768 tibi
1166 1726 1219 1768 ad
1255 1725 1510 1768 narrandum
1549 1729 1714 1769 servata
1742 1725 1949 1781 recordor,

401 1817 574 1859 quorum
617 1804 784 1858 quidem
821 1817 948 1845 unam
979 1806 1163 1859 partem,
1201 1802 1360 1845 scilicet
1391 1802 1490 1857 quid
1521 1803 1565 1844 in
1595 1802 1786 1846 barbaris
1815 1803 1950 1846 natio-

400 1880 523 1923 nibus
554 1880 707 1934 egerit,
739 1883 902 1922 tantum
934 1879 1185 1935 explicuisti.
1239 1878 1452 1930 Quomodo
1483 1882 1624 1922 autem
1655 1879 1767 1936 apud
1796 1879 1950 1936 princi-

401 1970 498 2012 pem
528 1957 574 1998 in
594 1957 710 1999 curia
729 1956 942 2010 deguerit⁶
965 1956 1032 1999 vel
1062 1970 1144 2011 qua
1172 1955 1455 2012 oportunitate
1475 1955 1519 1998 in
1540 1956 1698 1999 curiam
1718 1956 1879 2000 venerit
1908 1959 1952 2000 et

400 2033 498 2076 inde
531 2033 582 2075 ad
616 2032 881 2088 pontificatus
913 2033 1173 2088 dignitatem,
1205 2033 1389 2076 nondum
1422 2047 1447 2076 a
1477 2038 1518 2076 te
1548 2033 1796 2077 audivimus.

522 2108 775 2152 Sefridus:
804 2109 860 2151 Ut
880 2110 1015 2164 video,
1038 2109 1156 2164 quasi
1178 2109 1405 2152 debitorem
1427 2123 1495 2153 me
1515 2110 1778 2164 constringis.
1819 2109 1951 2166 Atqui

402 2198 455 2228 ex
486 2185 697 2228 voluntate
733 2186 901 2229 obedire
930 2186 1091 2229 felicius
1123 2190 1223 2242 puto
1256 2199 1381 2241 quam
1412 2200 1465 2229 ex
1494 2187 1753 2230 necessitate.
1804 2186 1950 2241 Igitur,

403 2276 484 2317 qua
514 2263 797 2318 oportunitate
829 2262 925 2305 Otto
958 2266 1095 2305 vester
1124 2263 1168 2304 in
1199 2263 1357 2305 curiam
1388 2263 1561 2318 venerit,
1594 2263 1630 2306 si
1661 2263 1805 2307 audire
1834 2263 1949 2318 libet,

403 2339 529 2381 etiam
561 2343 698 2381 ortum
731 2340 819 2382 eius
851 2342 893 2382 et
922 2339 1059 2394 prima
1089 2339 1326 2382 rudimenta
1356 2339 1537 2382 breviter
1567 2339 1741 2383 edicam.

522 2417 591 2458 32.
641 2415 815 2472 Semper
853 2415 1093 2458 honorande
1125 2428 1172 2458 ac
1203 2415 1296 2458 dive
1326 2416 1527 2458 memorie
1558 2415 1655 2458 Otto
1686 2416 1950 2459 beatissimus

403 2505 454 2534 ex
476 2492 628 2535 Suevia
659 2492 779 2535 duxit
808 2489 1047 2547 originem2.
1094 2491 1294 2534 Parentes
1317 2492 1508 2547 equidem
1540 2492 1642 2547 eius,
1673 2495 1837 2548 patrem
1858 2492 1950 2535 dico

403 2581 451 2628 ac
481 2572 682 2623 matrem,
715 2573 762 2611 ut
792 2582 936 2611 verum
966 2569 1192 2622 fateamur,
1223 2568 1442 2611 nobilitate
1471 2569 1605 2622 magis
1637 2582 1762 2624 quam
1793 2569 1950 2612 divitiis

402 2644 670 2687 claruerant..
698 2645 820 2700 Nam,
851 2645 1021 2699 ingenui
1052 2644 1307 2699 condicione,
1339 2645 1513 2687 summis
1543 2645 1801 2701 principibus
1827 2659 1950 2702 pares

403 2724 523 2762 erant
562 2722 635 2763 sed
673 2722 821 2777 opibus
860 2722 1056 2777 impares.
1119 2721 1305 2776 Cumque
1336 2720 1530 2764 Ottonem
1568 2720 1700 2764 filium
1740 2736 1861 2764 suum
1891 2746 1947 2752 —-

402 2797 539 2852 prima
561 2800 669 2839 etate
699 2797 850 2840 litteris
875 2798 1091 2852 traditum,
1123 2797 1312 2851 diligenti
1333 2811 1432 2840 cura
1461 2798 1628 2853 proviso
1651 2798 1689 2841 ei
1709 2798 1948 2853 magisterio

499 2905 525 2925 a.
558 2896 686 2933 religens
710 2897 750 2933 N,
774 2896 910 2934 relegens
932 2897 970 2926 R.
1094 2897 1122 2926 b.
1155 2897 1294 2935 preciosa
1314 2896 1354 2933 N,
1377 2897 1530 2935 presentia
1551 2897 1589 2926 R.
1714 2906 1739 2927 o.
1771 2896 1825 2927 sic.

498 2959 530 2993 1.
557 2957 611 2994 Of.
634 2957 715 2994 Ebo
738 2959 790 2993 III
815 2959 873 2994 24.
1156 2960 1190 2994 2.
1223 2958 1276 2995 Of.
1302 2958 1381 2994 Ebo
1404 2959 1421 2994 1
1447 2960 1479 2994 1.
