2014 3432
667 833 1146 902 PROOEMIUM.

123 1089 309 1171 Quinti
339 1090 486 1160 'huius
519 1110 639 1160 tomi
670 1114 981 1161 monumenta
1007 1110 1066 1161 ad
1090 1110 1411 1174 Bambergam
1434 1111 1696 1177 pertinent,

121 1205 421 1271 praeclaram
444 1205 746 1256 Franconiae
780 1206 963 1267 urbem,
999 1206 1058 1256 ab
1084 1206 1316 1256 Heinrico
1336 1206 1377 1255 ΙΙ
1401 1207 1696 1272 imperatore

120 1305 416 1367 provectam,
444 1301 502 1351 ab
527 1301 704 1351 Ottone
728 1301 1108 1351 Pomeranorum
1133 1302 1353 1368 apostolo
1381 1301 1694 1363 nobilitatam,

123 1411 247 1462 quae
293 1400 343 1447 et
387 1397 621 1448 suavitate
669 1398 788 1447 situs
835 1397 1065 1462 aedisque
1107 1397 1394 1448 cathedralis
1433 1397 1695 1463 splendore

123 1491 317 1542 excellit
353 1495 402 1542 et
435 1493 700 1559 praecipue
739 1492 981 1543 studiosos
1018 1493 1285 1542 litterarum
1320 1493 1591 1556 magnificis
1619 1492 1695 1542 bi-

120 1587 392 1638 bliothecae
445 1588 619 1654 opibus
669 1592 955 1639 convertere
1007 1588 1067 1638 ad
1117 1604 1224 1638 sese
1275 1588 1412 1637 solet.
1477 1587 1696 1641 Mihimet

120 1683 218 1749 ipsi
262 1683 489 1747 contigit,
538 1688 592 1733 ut
634 1701 745 1734 cum
791 1700 939 1750 saepe
990 1684 1133 1745 aliaS,
1182 1684 1584 1748 quotiescumque
1636 1699 1694 1733 eo

120 1779 378 1841 venissem,
417 1779 685 1844 exquisitae
721 1780 851 1829 illius
890 1779 1114 1830 codicum
1145 1780 1585 1845 manuscriptorum
1611 1795 1693 1829 co-

120 1875 232 1941 piae
278 1875 682 1941 pervestigandae
728 1876 873 1925 venia
917 1875 1133 1936 daretur,
1179 1878 1281 1924 tum
1317 1875 1460 1924 huius
1500 1890 1694 1940 quoque

120 1971 381 2021 voluminis
417 1950 622 2036 parandi
659 1986 804 2021 causa
839 1971 1113 2021 liberrimus
1147 1971 1199 2020 in
1223 1970 1493 2036 penetralia
1517 1970 1693 2021 biblio-

120 2066 291 2116 thecae
328 2066 484 2116 aditus
521 2070 723 2132 pateret.
1643 2132 1649 2138 .

264 2160 360 2211 Sed
405 2161 522 2211 licet
556 2161 771 2211 indidem
807 2162 954 2210 totius
990 2162 1220 2211 materiae
1258 2161 1350 2211 hoc
1387 2165 1519 2211 tomo
1559 2177 1690 2210 com-

119 2256 294 2322 plexae
329 2260 517 2321 partem
552 2256 679 2305 haud
705 2256 1029 2321 spernendam
1054 2256 1393 2316 transtulerim,
1431 2256 1693 2321 plurimum

119 2354 281 2400 tamen
323 2366 382 2400 ex
419 2351 525 2400 aliis
563 2351 869 2401 bibliothecis
906 2352 1090 2416 requiri
1127 2366 1330 2401 necesse
1369 2355 1484 2400 erat.
1549 2351 1690 2401 Unde

119 2446 266 2496 variis
301 2446 473 2495 horum
509 2447 654 2495 trium
688 2462 924 2496 annorum
951 2447 1188 2512 susceptis
1214 2446 1466 2495 itineribus
1491 2446 1691 2496 minime

118 2541 295 2590 frustra
348 2540 666 2604 aggrediebar
718 2542 861 2591 etiam
919 2542 1258 2591 bibliothecam
1309 2546 1358 2591 et
1401 2541 1690 2591 tabularium

119 2634 512 2696 Monacense,
563 2635 880 2686 bibliothecas
926 2636 1352 2697 Zwetlensem,
1402 2636 1688 2686 Carlsru-

120 2729 383 2791 hensem,
421 2730 958 2793 Argentinensem,
996 2731 1426 2792 Parisiensem,
1465 2731 1688 2781 Londi-

119 2839 365 2884 nenseS,
414 2823 810 2890 Lipsiensem.
887 2826 1087 2875 Multum
1135 2826 1279 2876 etiam
1323 2826 1461 2875 aliter
1499 2825 1689 2875 adiutus

119 2933 221 2967 sum
262 2935 291 2967 a
326 2918 718 2980 bibliothecariiS,
758 2921 842 2984 qui
880 2921 1075 2970 codices
1111 2921 1297 2986 petenti
1325 2921 1689 2986 perhumaniter
