2028 3438
607 232 830 265 nmmum
861 232 1031 265 connx.
1083 231 1149 266 190
1581 224 1667 266 339

90 337 614 384 suetudinem‘manifeste
632 343 719 397 ‚aut
748 339 909 384 occulte
944 340 1193 396 inpugnant.
1251 340 1428 384 Constat
1459 355 1580 396 ergo,
1623 345 1670 385 ut

91 414 311 473 iamsepe
340 415 500 461 dietum
532 420 609 473 est,
642 417 755 474 quod
774 417 896 461 iuxta
916 431 1076 461 morem
1101 417 1375 461 etdecretum
1401 418 1667 474 antiquitatis

91 505 170 539 nm
190 496 312 539 m
339 507 421 553 nee
449 494 597 539 ordine
626 495 842 539 Romanae
874 495 985 539 sedis
1017 495 1183 539 culmen
1215 495 1426 551 ascendit,
1465 495 1536 551 qui
1569 509 1667 539 con—

89 576 263 616 sensu-³
283 571 491 630 principis
509 573 555 616 in
575 573 655 616 hoc
675 572 925 629 neglexerit,
947 576 1038 616 tum
1060 576 1236 630 propter
1252 573 1453 617 ecclesiae
1475 577 1667 617 sanctae¹¹

89 660 241 706 paoem
261 652 314 694 ·et
330 650 613 701 ,coneordiam
643 654 736 694 tum
769 654 943 708 propter
973 651 1094 706 regni
1124 649 1530 695 honorificentiam“.

145 741 151 766 τ
180 724 375 782 »Ethoc
402 727 572 784 quidem
606 742 659 772 ex
681 729 870 786 episcopi
893 726 1122 791 praedicti¹
1149 732 1330 772 tractatu
1363 729 1595 785 perstrinxi
1616 729 1667 773 de

87 801 268 850 Romani
298 803 511 863 pontificis
543 805 748 850 electione
770 809 812 850 et
833 807 1148 850 consecratione
1169 806 1397 850 secundum
1421 806 1665 850 eanonicam

90 881 386 930 auctoritatem
415 886 460 927 et
489 883 754 941 antiquitatis
781 884 1140 928 consuetudinem.
1188 883 1322 940 Nunc,
1356 884 1457 940 quid
1490 884 1548 928 de
1581 898 1666 928 ex—

87 961 565 1006 communicatione
596 962 861 1019 principis
892 963 938 1005 in
960 962 1106 1006 eodem
1139 962 1296 1019 scripto
1329 962 1398 1017 sit,
1431 962 1663 1006 videamus.

99 1076 102 1079 .
123 1056 144 1072 ι’
163 1037 334 1094 ·12,‚Non
354 1042 420 1083 est
439 1039 567 1095 enim,
596 1043 644 1083 ut
663 1053 841 1095 magnus
864 1039 950 1083 Leo
972 1043 1166 1095 testatur,
1190 1039 1322 1083 honor
1342 1039 1415 1083 ille
1436 1040 1664 1095 legitimus,

89 1114 162 1172 qui
189 1115 320 1160 fuerit
349 1119 497 1160 contra
528 1117 696 1161 divinae
726 1117 832 1172 legis
872 1121 1099 1174 praecepta
1131 1100 1173 1160 et
1211 1121 1451 1160 sanctorum
1494 1121 1664 1174 patrum

88 1191 259 1239 decreta
276 1193 468 1239 collatus.
516 1194 796 1252 Quapropter,
830 1195 947 1239 cuius
971 1195 1180 1238 ordinatio
1203 1198 1352 1238 contra
1381 1195 1446 1238 ius
1479 1200 1521 1239 et
1552 1197 1665 1239 ordi-

86 1283 185 1315 nem
213 1271 464 1316 canonicum
494 1272 608 1316 facta
636 1273 779 1328 fuerit,
810 1286 888 1316 nec
918 1276 1013 1316 rata
1034 1287 1125 1316 esse
1145 1286 1224 1316 nec
1243 1273 1355 1316 vires
1381 1272 1535 1317 habere
1558 1273 1665 1317 ulla-

86 1351 211 1394 tenus
240 1349 411 1407 poterit,
441 1363 519 1395 nec
539 1350 579 1394 ei
601 1350 716 1394 velut
747 1350 1099 1408 pseudopontifici
1130 1351 1221 1394 iure
1254 1350 1485 1408 pontificali
1519 1365 1664 1408 quem-

88 1439 215 1484 quam
245 1427 379 1484 ligare
402 1431 484 1472 ,aut
513 1428 676 1472 solvere
708 1429 876 1486 penitus
907 1427 1093 1472 licebit“.

205 1504 313 1551 Item
342 1505 388 1550 in
419 1506 565 1550 eodem
597 1509 805 1550 tractatu:

165 1621 171 1626 .
207 1582 360 1639 „Multi
379 1584 506 1640 enim,
535 1598 588 1628 ex
611 1597 692 1640 quo
714 1584 872 1628 Christi
892 1584 990 1638 iugo
1011 1584 1129 1638 regia
1149 1584 1257 1628 colla
1277 1598 1324 1627 se
1348 1585 1661 1641 summiserant,

85 1659 447 1706 Hildebrandum⁶
479 1666 799 1719 praecesserant
829 1662 1007 1705 Romani
1047 1659 1287 1719 pontificeS,
1330 1676 1453 1706 verae
1491 1662 1589 1706 fidei
1621 1667 1663 1707 et

85 1738 302 1794 religionis
342 1740 582 1784 constantia
619 1741 955 1797 praeminentes,
997 1754 1175 1796 quorum
1214 1740 1475 1797 temporibus
1517 1741 1660 1797 plures

86 1830 141 1862 ex
159 1816 360 1862 Romanis
391 1819 653 1876 principibus
683 1819 729 1861 in
751 1818 927 1861 ecclesia
948 1819 1144 1873 graviora
1167 1832 1356 1875 quaeque
1379 1819 1659 1875 delinquendo

84 1896 405 1951 commiserant3
438 1910 615 1953 quorum
646 1900 789 1940 tamen
820 1896 1034 1940 neminem
1055 1910 1234 1940 censura
1267 1896 1510 1953 pontificum
1534 1897 1660 1941 verbo

85 1974 535 2018 excommunicationis
567 1988 820 2031 exasperare
860 1978 1215 2031 praesumpserat.
1272 1974 1417 2030 Neque
1448 1975 1527 2019 hoc
1565 1975 1659 2019 ideo

84 2054 228 2096 tamen
259 2052 528 2108 dimiserant,
561 2055 628 2107 ut,
670 2051 897 2095 humanam
931 2053 1125 2096 amittere
1157 2053 1336 2108 gratiam
1370 2053 1658 2107 formidantes,

84 2132 205 2174 reeta
229 2129 361 2174 libere
391 2129 508 2187 loqui
538 2129 899 2187 pertimescerent,
931 2130 1036 2173 illud
1057 2131 1348 2187 propheticum
1372 2131 1657 2174 incurrentes:

85 2222 208 2251 canes
244 2210 352 2252 muti
386 2224 472 2252 non
511 2209 691 2252 valentes
730 2205 925 2263 latrare²,
973 2209 1047 2251 sed
1090 2208 1195 2251 illud
1240 2208 1440 2265 apostoli,
1485 2208 1531 2251 id
1574 2212 1656 2251 est:

85 2288 228 2329 omnia
258 2287 317 2330 ad
347 2283 706 2343 edffficationetffl,
742 2299 843 2342 prae
876 2285 1006 2329 oculis
1039 2286 1252 2330 habentes.
1304 2286 1421 2329 Unde
1459 2286 1657 2341 (leterius,

83 2361 122 2407 si
142 2363 264 2418 virga
295 2368 517 2420 peccantes
548 2363 820 2419 corrigerent,
853 2364 1096 2418 contingere
1127 2377 1252 2421 posse
1282 2364 1504 2420 perspicue
1536 2378 1657 2420 prae-

84 2440 300 2496 viderunt3
333 2442 454 2498 quasi
485 2455 590 2485 onus
623 2442 995 2499 superimpositum
1030 2446 1198 2498 portare
1227 2442 1544 2485 convenientius
1566 2455 1658 2485 esse

83 2517 306 2563 duxerunt.
361 2519 485 2563 Multi
515 2520 642 2563 etiam
676 2520 954 2576 imperatores
986 2533 1070 2562 non
1102 2533 1232 2576 parvo
1264 2519 1432 2574 ingenio
1464 2519 1561 2574 igne
1592 2520 1657 2562 fu-

82 2595 191 2640 roris
220 2596 267 2640 in
296 2597 412 2654 ipsos
435 2597 562 2641 etiam
585 2596 796 2640 Romanos
819 2596 1038 2654 pontifices
1063 2600 1334 2651 exarserunt3
1368 2611 1492 2653 quem
1515 2601 1657 2640 tamen

82 2672 167 2730 ipsi
197 2674 414 2730 pacienter
444 2675 616 2719 ferendo
649 2676 796 2733 pocius
827 2688 954 2731 quam
991 2675 1228 2718 ulciscendo
1269 2675 1536 2731 exstinguere
1569 2679 1656 2718 stu-

82 2750 308 2795 duerunt“.

204 2829 320 2885 „Que
352 2830 461 2873 enim
504 2833 546 2874 et
579 2834 737 2887 quanta
767 2831 880 2874 mala
911 2830 1159 2874 Ludewicus
1172 2828 1197 2886 ⁴,
1240 2835 1360 2888 pater
1392 2831 1654 2885 clericorum,

179 2939 207 2960 a.
239 2939 296 2960 om.
315 2930 346 2961 V.
632 2932 661 2962 b.
694 2932 934 2971 Hildeprandum
959 2932 988 2961 V.

180 2994 211 3029 1.
237 2993 417 3030 widonis.
515 2996 548 3031 2.
575 2995 659 3031 Isai.
674 2996 732 3042 56,
749 2996 804 3031 10.
903 2996 936 3031 3.
964 2996 983 3031 1
1003 2994 1084 3033 Gor.
1100 2996 1156 3043 14,
1173 2997 1230 3033 26.
1327 2997 1361 3031 4.
1387 2996 1422 3032 ΙΙ
1446 2996 1653 3042 imperator.

1290 3061 1368 3097 22ὗε
