2028 3438
611 236 834 268 unAmer
863 235 1034 267 connx.
1086 234 1153 268 199
1581 225 1669 268 363
1701 273 1704 277 A

100 353 138 382 -1»
175 332 409 401 *cumque
435 343 572 388 multa
601 348 749 388 contra
784 344 1072 401 symoniacam
1103 343 1286 387 heresim
1319 347 1461 387 essent
1489 344 1669 388 recitata

97 426 140 469 et
170 423 358 468 omnium
390 436 573 467 consono
603 421 750 466 favore
769 421 942 465 laudata
972 425 1015 465 et
1041 421 1302 477 confirmata,
1335 424 1509 465 ventum
1530 426 1596 465 est
1615 422 1669 465 ad

95 501 203 547 fflud
220 500 463 558 decretum,
474 513 557 556 quo
572 500 850 544 investiturae
865 500 1135 544 ecclesiarum
1157 499 1518 543 interdicebantur
1532 499 1666 543 laicis.

96 578 157 624 In*
183 591 266 636 quo
298 578 367 622 >sie
403 578 718 622 continebatur:
758 578 1057 622 Investiturae⁸
1098 580 1285 621 omnium
1325 578 1593 620 ecclesiarum
1633 587 1671 621 et

97 658 471 702 ecclesiasticarum
498 659 810 714 possessionum
834 672 918 714 per
946 671 1119 699 manum
1152 657 1306 699 laicam
1325 656 1439 711 fieri,
1478 656 1669 698 omnibus

95 734 251 779 modis·
269 735 554 793 prohibemus.
608 733 728 785 Quod
759 747 853 777 cum
887 734 1112 778 recitatum
1142 733 1311 788 fuisset,
1352 736 1517 776 tantum
1554 746 1670 776 mur-

96 826 194 857 mur
212 811 478 870 quorundam
495 811 755 855 ⁴clericorum
786 815 829 855 et
857 811 1087 855 multorum
1109 811 1313 855 laicorum
1346 824 1422 868 per
1445 811 1670 854 concilium

95 890 295 946 intonuit,
323 890 379 934 ut'
403 890 516 933 diem
546 903 680 946 usque
712 889 766 934 ad
787 903 1006 947 vesperam
1039 889 1117 933 sub
1137 890 1258 944 gravi
1282 889 1549 932 contentione
1574 901 1670 946 per-

97 967 326 1014 traherent
449 967 680 1012 Videbatur
711 968 823 1011 enim
856 967 938 1023 eiS,
976 967 1087 1023 quod
1118 967 1196 1011 sub
1226 967 1306 1011 hoc
1336 967 1521 1025 capitulo
1552 967 1671 1010 dom-

96 1059 189 1091 nus¹
206 1059 321 1104 papa
342 1045 534 1090 decimas
566 1049 609 1089 et
629 1049 769 1090 cetera
788 1045 1072 1090 ecclesiastica
1092 1044 1307 1100 beneficia,
1337 1059 1418 1101 que
1438 1045 1671 1101 antiquitus

93 1123 462 1180 laiciwtenuerant,
494 1127 717 1168 conaretur
746 1124 936 1167 minuere
957 1123 1025 1167 vel
1058 1124 1235 1167 auferre.
1348 1122 1468 1167 Unde
1491 1123 1669 1166 domnus

95 1215 224 1260 papa,
255 1202 450 1246 omnibus
481 1202 758 1257 satisfacienS,
791 1201 865 1245 illa
896 1202 964 1245 die
985 1202 1209 1246 concilium
1231 1201 1461 1245 terminare
1483 1201 1668 1255 distulit3

95 1283 146 1324 ut
174 1279 366 1336 sequenti
397 1280 465 1324 die
496 1280 710 1324 communi
740 1280 916 1324 consilio
947 1280 1162 1324 decretum
1188 1282 1447 1336 temperaret
1467 1284 1510 1323 et
1528 1279 1669 1336 ipsum

96 1359 204 1402 cumv
224 1358 390 1414 ceteris,
422 1354 503 1415 qu‘e
534 1358 828 1415 sequebantur,
861 1358 1053 1402 unanimi
1084 1358 1271 1402 omnium
1296 1358 1439 1401 favore
1462 1361 1504 1400 et
1527 1360 1670 1400 aucto-

95 1436 222 1480 ritate
252 1434 532 1480 confirmaret.

215 1513 342 1559 Feria
373 1515 520 1571 quinta
550 1514 603 1558 ad
636 1513 859 1558 concilium
893 1515 1020 1558 venit.
1075 1514 1164 1567 Que
1201 1517 1481 1571 proposuerat
1518 1526 1670 1558 execu-

95 1595 230 1648 turus,
246 1605 437 1650 ymnum
468 1592 604 1636 sancti
626 1592 808 1650 Spiritus
840 1593 989 1636 devote
1019 1591 1216 1649 incepitb.
1264 1592 1345 1644 Qui
1376 1605 1470 1635 cum
1503 1592 1555 1635 ab
1581 1605 1671 1635 om-

95 1670 220 1715 nibus
247 1669 477 1716 <affectuose
507 1671 658 1715 fuisset
687 1671 948 1727 decantatus,
980 1684 1078 1715 vere
1109 1670 1334 1714 invisibilis
1365 1670 1475 1725 ignis
1499 1669 1671 1714 flamma

96 1762 336 1805 succensus,
367 1750 413 1793 in
443 1750 567 1805 ignea
597 1749 742 1804 lingua
772 1749 824 1792 de
848 1748 1010 1806 Spiritu
1042 1751 1187 1792 sancto
1219 1762 1394 1792 exorsus
1419 1748 1670 1792 mirabiliter

95 1827 332 1886 peroravit3
371 1828 547 1884 docens,
588 1841 685 1872 eum
717 1841 929 1871 summum
960 1828 1118 1871 bonum
1150 1841 1262 1882 esse,
1302 1827 1463 1871 fontem
1502 1827 1669 1884 sapien-

95 1907 182 1951 tiae
220 1909 264 1950 et
300 1905 603 1962 intelligentiae
643 1919 692 1949 ac
730 1906 866 1950 tocius
907 1905 1178 1962 disciplinae,
1225 1905 1439 1949 vinculum
1479 1906 1668 1949 caritatis

96 1985 273 2029 unitatis
313 1989 356 2029 et
396 1985 656 2029 concordiae.
718 1984 907 2041 Cumque
945 1997 1023 2041 per
1061 1984 1138 2028 hec
1182 1984 1350 2039 singula
1394 1984 1552 2028 diutius
1591 1984 1669 2028 sub

257 2076 326 2114 aut
352 2075 548 2124 potestate
566 2073 777 2124 tyrannica
805 2073 1030 2123 detinuerit,
1059 2072 1169 2111 iuxta
1198 2072 1295 2112 illud
1315 2073 1421 2112 beati
1441 2071 1670 2123 Symmachi

256 2146 471 2196 capitulum
501 2144 753 2184 anathemate
781 2147 972 2195 perpetuo
1001 2144 1178 2183 feriatur.

336 2218 425 2257 n11.
460 2218 603 2257 Nullus
630 2217 852 2268 episcopus,
880 2217 1010 2256 nullus
1038 2217 1245 2268 presbiter,
1273 2217 1404 2255 nullus
1432 2216 1592 2255 omnino
1621 2216 1668 2255 de

257 2289 363 2329 clero
382 2290 676 2329 aeclesiasticas
691 2279 982 2340 dignitatesve}
1003 2288 1195 2328 beneficia
1209 2289 1372 2328 cuilibet
1385 2288 1500 2338 quasi
1515 2287 1668 2327 heredi-

257 2362 359 2400 tario
387 2361 472 2400 iure
500 2360 759 2411 derelinquat.
806 2360 907 2400 Illud
936 2361 1054 2400 etiam
1083 2360 1301 2400 adicientes
1330 2360 1588 2411 precipimus,
1626 2362 1670 2400 ut

255 2445 328 2484 pro
357 2433 607 2483 baptismatis
635 2432 861 2472 chrismatis
890 2433 966 2472 olei
995 2432 1099 2472 sacri
1127 2435 1166 2471 et
1193 2433 1418 2482 sepulturae
1437 2432 1669 2482 acceptione

255 2507 296 2545 et
321 2504 566 2545 infirmorum
594 2504 821 2544 visitatione
849 2506 912 2545 vel
939 2505 1126 2545 unctione
1144 2505 1293 2544 nullum
1314 2504 1472 2543 omnino
1492 2504 1667 2555 precium

257 2577 451 2629 exigatur.

337 2649 383 2688 V.
430 2648 666 2688 Presbiteris
694 2647 928 2687 diaconibus
955 2647 1264 2688 subdiaconibus
1292 2646 1601 2687 concubinarum
1629 2651 1669 2687 et

255 2731 430 2759 uxorum·
442 2720 700 2759 contubernia
728 2731 889 2771 prorsus
909 2720 1194 2759 interdicimus.
1237 2719 1278 2759 Si
1298 2720 1365 2770 qui
1384 2723 1514 2759 autem
1535 2719 1668 2759 huius-

257 2791 363 2831 modi
397 2792 543 2842 reperti
580 2791 747 2844 fuerint,
784 2791 1043 2832 eclesiasticis
1071 2790 1214 2831 officiis
1249 2792 1455 2843 priventur
1483 2795 1522 2831 et
1550 2792 1667 2831 bene-

256 2862 371 2903 ficiis.
413 2863 516 2903 Sane
545 2864 579 2903 si
607 2876 734 2915 neque
762 2864 819 2903 sic
839 2863 1123 2903 inmundiciam
1143 2875 1253 2904 suam
1278 2864 1533 2915 correxerint,
1563 2875 1666 2903 com·

256 2935 441 2975 munione
469 2939 632 2976 careant
658 2935 888 2976 christiana.

190 3023 216 3045 a.
248 3014 458 3046 investituram
480 3015 518 3047 E.
805 3015 834 3045 b.
866 3015 975 3056 incipit
995 3014 1053 3046 VZ.

1709 349 1751 383 11
1758 348 1801 384 19

1693 397 1758 428 Oct.
1773 398 1813 428 29

1693 1526 1758 1558 oet.
1774 1528 1813 1557 30
