2028 3438
482 240 734 274 unsa-omn
765 237 1138 273 nxunnnonnsns.
1186 239 1209 273 6
1543 229 1633 273 493

55 342 562 406 clericalis²⁴occurrerit,·
599 345 728 407 prout
765 361 939 406 possum
977 347 1145 404 singula
1181 347 1443 392 recordando
1482 348 1634 392 distin-

55 421 200 482 guere,
215 448 217 452 ·
231 425 452 471 scribendo
482 426 588 471 haec
611 436 701 470 ¹non
732 425 994 482 aggravabor
1026 438 1249 483 exponere.
1300 444 1303 455 τ

178 502 298 548 Hora
333 503 490 562 prefati
522 504 627 560 diei,
669 504 836 561 quando
869 503 1055 547 officium
1083 498 1270 547 missale
1292 502 1497 558 celebrari
1527 506 1634 547 tem-

53 576 141 639 pin
170 575 415 638 admonui&
434 581 662 638 equitando
693 581 836 626 taliter
866 585 1041 639 paratus
1072 581 1256 636 advenit,
1289 580 1471 637 qualiter
1490 575 1550 624 ⁴ad
1574 580 1634 624 al-

59 661 152 703 tare
181 662 375 704 sanctum
407 660 596 704 accessit.
720 659 908 711 Quatuor
938 659 1056 703 chori
1086 658 1129 702 in
1171 671 1403 702 occursum
1424 659 1513 702 eius
1543 658 1635 702 fue-

58 735 388 784 mtdeoontor
403 737 603 781 ordinati.-
651 737 818 781 Primus
849 737 894 781 in
914 735 1315 781 ulteriorivfluminis
1347 736 1472 793 ripa,n
1491 729 1635 793 'supra

59 808 448 872 pohumt‘alteriu
476 814 633 871 altera
657 810 812 860 tercius
845 818 943 859 ante
974 814 1090 859 urbis
1122 814 1292 870 ostium,
1331 817 1506 870 quartus
1539 818 1635 858 ante

53 887 319 937 “aeeclesiam
332 887 384 936 >in
414 893 523 937 atrio
555 896 707 937 tecum.
820 893 898 937 His
919 893 982 937 ita
1002 892 1206 936 ordinatis
1234 892 1515 948 congruisque
1536 905 1634 935 can-

55 964 174 1015 {im
200 971 416 1016 suavitate
445 985 602 1016 canora
632 974 759 1027 atque
789 970 1078 1014 modulatione
1108 969 1310 1014 distincta
1339 969 1486 1025 finitis,
1518 973 1635 1027 post—

58 1045 188 1106 quam
209 1047 432 1095 orationes
465 1053 562 1094 ante
591 1049 677 1094 tria
707 1049 860 1093 altaria
891 1052 1128 1106 prostratus
1157 1047 1309 1104 finivit,
1341 1061 1419 1091 nec
1438 1061 1524 1091 non
1546 1047 1636 1105 epi-

56 1126 222 1184 *uco'pali
251 1126 453 1172 cathedra
482 1127 685 1183 consedit,
718 1127 854 1171 clerus
892 1126 953 1171 Te
982 1129 1106 1170 deum
1137 1127 1375 1179 laudamus,
1410 1129 1452 1169 et
1483 1139 1506 1169 e
1534 1139 1634 1169 con-

59 1202 367 1263 tarimem-ie
382 1206 525 1263 leyson
545 1205 803 1249 unanimiter
825 1207 1070 1248 cantaverat
1090 1203 1285 1261 populus,
1308 1203 1430 1260 quasi
1448 1203 1636 1247 dicerent

60 1295 157 1328 cum
188 1282 383 1327 concordi
423 1283 586 1327 cantico
626 1283 893 1340 psalmistae:
935 1283 1146 1326 Psallam
1162 1283 1339 1344 spiritu,
1382 1282 1568 1339 psallam
1599 1291 1637 1326 et

58 1355 228 1405 mentek
256 1377 261 1382 ·
303 1380 306 1391 τ
348 1360 410 1405 Re
440 1374 541 1405 vera
570 1373 642 1404 cor
672 1360 778 1404 illud
816 1364 908 1404 erat
946 1360 1244 1404 adamantinae
1275 1359 1483 1415 duriciae,
1524 1359 1635 1415 quod

57 1449 146 1483 non
160 1434 317 1497 “potuit
345 1441 448 1483 tunc
477 1438 737 1496 'conpunctio
769 1453 872 1482 vera
910 1438 1087 1482 mollire.
1143 1437 1339 1493 Interim,
1378 1441 1426 1481 ut
1456 1436 1634 1493 confido,

60 1510 156 1561 non*-
177 1519 270 1561 erat
299 1516 352 1560 ad
383 1519 551 1574 tempus
572 1516 631 1560 ibi
653 1530 724 1561 cor
745 1520 879 1572 tuum,
911 1517 1042 1560 immo
1063 1515 1123 1559 ibi
1143 1515 1346 1571 locorum,
1378 1513 1635 1572 undepsal-

61 1594 191 1639 mista
211 1589 439 1652 ¹'suspirans
470 1594 552 1638 ait:
587 1594 727 1649 Quam
748 1596 900 1639 dilecta
930 1595 1204 1638 tabernacula
1227 1603 1314 1647 tua,
1349 1595 1516 1637 domine
1545 1596 1634 1637 vir-

60 1675 515 1731 tmm3‘'·00ncupiscit
556 1682 594 1717 et
623 1674 760 1730 deficit
796 1675 941 1716 anima
972 1688 1066 1716 mea
1105 1674 1152 1715 in
1190 1674 1304 1716 atria
1334 1670 1553 1726 Domini“,
1594 1675 1637 1716 et

1672 358 1766 394 1020

1657 407 1730 447 Apr.
1745 408 1787 438 14

62 1750 240 1795 iterum:
271 1751 428 1795 Melior
447 1760 507 1795 eet
537 1753 625 1795 dies
655 1769 743 1795 una
772 1753 819 1794 in
840 1753 963 1795 atm'ia
994 1753 1077 1794 tuis
1098 1765 1225 1808 super
1245 1751 1367 1793 milia
1375 1746 1402 1793 ³.
1454 1749 1637 1806 Ideoque
1680 1761 1686 1767 ‘

57 1831 108 1873 >te
135 1822 222 1872 non
256 1828 440 1886 penituit
476 1842 554 1886 pro
594 1829 862 1886 preparanda
890 1829 936 1872 in
967 1827 1082 1873 caelo
1114 1827 1334 1871 mansione
1364 1827 1532 1872 Christo
1565 1828 1637 1872 de-

63 1899 190 1962 disse,
219 1905 421 1964 quiequid
450 1919 653 1963 umquam
685 1907 738 1951 ab
769 1907 841 1951 illo
873 1906 1104 1951 merebaris
1126 1905 1328 1962 accipere.
1443 1905 1527 1950 Sed
1550 1907 1636 1950 iam

57 1983 256 2030 ordinem
285 1984 502 2042 inceptum
533 1980 805 2041 exequamur.

132 2085 133 2089 =
164 2061 388 2118 *Angelico
417 2062 550 2117 igitur
577 2076 709 2120 ymno
736 2062 870 2117 finito,
903 2065 1127 2119 postquam
1160 2060 1428 2105 salutationis
1452 2061 1638 2106 humilli-

64 2149 162 2184 mae
188 2140 353 2184 meritis
375 2140 428 2184 ab
449 2140 521 2184 illo
545 2140 745 2198 accepisti
767 2139 955 2184 osculum
978 2139 1169 2183 caritatis
1191 2139 1463 2195 debitumque
1484 2153 1637 2184 munus

56 2217 279 2262 (caritativi
298 2217 626 2274 resalutaminis‚
659 2217 856 2262 surrexit.
904 2217 963 2261 Et
983 2229 1176 2273 egressus
1197 2217 1325 2272 forem,
1349 2220 1446 2261 ante
1465 2217 1638 2261 ianuam

67 2295 295 2342 aecclesiae
331 2296 594 2354 poenitentes
625 2309 784 2353 suaque
816 2296 970 2340 delicta
999 2295 1245 2339 confitentes
1280 2295 1458 2339 nexibus
1490 2308 1638 2352 pecca-

65 2377 204 2419 torum
236 2374 476 2418 miserando
508 2371 736 2429 dissolvit⁴‚
775 2387 854 2417 nec
888 2387 971 2417 non
1010 2374 1055 2416 in
1096 2373 1341 2417 aecclesiam
1380 2373 1637 2428 introduxit;

66 2455 116 2496 ut
138 2465 222 2509 *per
239 2451 370 2496 riuum
401 2452 519 2508 digni
550 2452 700 2496 fierent
726 2451 938 2509 paschalis
959 2451 1116 2506 gaudii,
1150 2450 1222 2506 qui
1246 2464 1323 2507 pro
1348 2451 1638 2507 peccatoribus

67 2529 202 2574 voluit
219 2529 444 2574 immolari.
491 2529 656 2574 Deinde
676 2529 784 2574 lecto
813 2529 1045 2584 euangelio,
1071 2528 1202 2572 debiti
1222 2528 1429 2573 sermonis
1453 2528 1637 2573 officium

66 2607 264 2665 implevit
273 2608 518 2665 cunctisque
533 2607 635 2652 illuc
655 2607 975 2651 advenientibus
996 2606 1258 2650 remissionis
1274 2606 1386 2650 dona
1400 2607 1640 2651 necessaria

67 2685 238 2740 tribum
274 2699 352 2730 nec
386 2699 471 2730 non
503 2686 557 2730 ad
594 2685 880 2730 benedicenda
915 2685 1126 2729 crismatis
1158 2684 1321 2741 oleique
1352 2683 1638 2730 sacramenta‘

165 2777 194 2799 ι.
226 2767 283 2800 hoc
304 2767 370 2800 10⁰0
390 2768 622 2810 inter-punctum
642 2773 688 2800 cst
707 2769 742 2800 in
763 2768 829 2800 cod.

99 2831 101 2833 '
166 2827 199 2863 1.
227 2827 246 2863 1
265 2826 348 2863 Oor.
368 2827 422 2873 14,
442 2827 497 2864 15.
610 2829 644 2864 2.
669 2828 729 2863 Ps.
747 2828 804 2873 83,
832 2830 865 2863 2.
884 2828 918 2862 3.
1032 2827 1066 2862 3.
1092 2826 1151 2862 Ps.
1169 2826 1226 2872 84,
1247 2827 1302 2863 11.
1415 2827 1450 2862 4.
1479 2826 1557 2873 „De
1582 2837 1636 2863 re-

69 2885 323 2923 conciliatione
346 2887 625 2934 poenitentium,
649 2896 745 2933 quae
769 2886 812 2922 fit
835 2886 872 2921 in
898 2886 1025 2932 quinta
1042 2884 1135 2922 feria
1149 2878 1287 2923 coenae
1303 2885 1472 2923 Domini“
1491 2897 1527 2922 v.
1545 2886 1638 2922 Pon-

69 2942 204 2982 tifieale
228 2945 444 2982 Romanum.
565 2947 599 2983 5.
633 2946 679 2983 de
703 2945 960 2982 benedictione
984 2945 1190 2982 chrismatis
1221 2949 1260 2982 et
1289 2946 1359 2983 olei
1384 2944 1554 2982 facienda
1580 2945 1639 2992 „in

70 3004 200 3051 quinta
223 3004 315 3042 feria
339 3015 475 3042 coenae
500 3006 667 3043 Domini“
694 3018 730 3042 v.
748 3003 961 3043 Pontificale
985 3006 1202 3042 Romanum.
