<?xml version="1.0" encoding="UTF-8"?>
<!DOCTYPE html PUBLIC "-//W3C//DTD XHTML 1.0 Transitional//EN"
    "http://www.w3.org/TR/xhtml1/DTD/xhtml1-transitional.dtd">
<html xmlns="http://www.w3.org/1999/xhtml" xml:lang="en" lang="en">
 <head>
  <title>
</title>
<meta http-equiv="Content-Type" content="text/html;charset=utf-8" />
  <meta name='ocr-system' content='tesseract 3.04.00' />
  <meta name='ocr-capabilities' content='ocr_page ocr_carea ocr_par ocr_line ocrx_word'/>
</head>
<body>
  <div class='ocr_page' id='page_1' title='image "bibliothecarerum05wattuoft_0777.png"; bbox 0 0 2028 3438; ppageno 0'>
   <div class='ocr_carea' id='block_1_1' title="bbox 0 0 25 222">
    <p class='ocr_par' dir='ltr' id='par_1_1' title="bbox 0 0 25 222">
     <span class='ocr_line' id='line_1_1' title="bbox 0 0 25 222; textangle 90"><span class='ocrx_word' id='word_1_1' title='bbox 0 207 13 222; x_wconf 65' lang='grc' dir='ltr'><strong>ιτ</strong></span> <span class='ocrx_word' id='word_1_2' title='bbox 0 0 25 202; x_wconf 50' lang='lat' dir='ltr'><strong>*any-‚W</strong></span> 
     </span>
    </p>
   </div>
   <div class='ocr_carea' id='block_1_2' title="bbox 0 221 15 544">
    <p class='ocr_par' dir='ltr' id='par_1_2' title="bbox 0 221 15 544">
     <span class='ocr_line' id='line_1_2' title="bbox 0 221 15 544; textangle 90"><span class='ocrx_word' id='word_1_3' title='bbox 6 542 10 544; x_wconf 51' lang='grc' dir='ltr'><strong><em>ι</em></strong></span> <span class='ocrx_word' id='word_1_4' title='bbox 3 525 7 531; x_wconf 73' lang='grc'><em>·</em></span> <span class='ocrx_word' id='word_1_5' title='bbox 0 498 6 514; x_wconf 68' lang='grc'><strong>”·</strong></span> <span class='ocrx_word' id='word_1_6' title='bbox 0 395 13 488; x_wconf 39' lang='grc' dir='ltr'><strong>ἥξω-τι]</strong></span> <span class='ocrx_word' id='word_1_7' title='bbox 0 302 15 387; x_wconf 49' lang='grc' dir='ltr'><strong>τΨὲἾ-’Ψ</strong></span> <span class='ocrx_word' id='word_1_8' title='bbox 0 221 13 296; x_wconf 41' lang='grc' dir='ltr'><strong>Ἐἶθ’-’κ</strong></span> 
     </span>
    </p>
   </div>
   <div class='ocr_carea' id='block_1_3' title="bbox 477 260 1651 307">
    <p class='ocr_par' dir='ltr' id='par_1_3' title="bbox 477 260 1651 307">
     <span class='ocr_line' id='line_1_3' title="bbox 477 260 1651 307; baseline -0.004 0"><span class='ocrx_word' id='word_1_9' title='bbox 477 274 717 307; x_wconf 70' lang='lat' dir='ltr'><strong>nsanonm</strong></span> <span class='ocrx_word' id='word_1_10' title='bbox 746 273 990 306; x_wconf 72' lang='lat' dir='ltr'><strong>emmens.</strong></span> <span class='ocrx_word' id='word_1_11' title='bbox 1038 274 1126 304; x_wconf 66' lang='grc' dir='ltr'><strong>ΜΒ.</strong></span> <span class='ocrx_word' id='word_1_12' title='bbox 1148 273 1183 304; x_wconf 90' lang='lat'><strong>11</strong></span> <span class='ocrx_word' id='word_1_13' title='bbox 1217 271 1259 304; x_wconf 79' lang='lat'><strong>18</strong></span> <span class='ocrx_word' id='word_1_14' title='bbox 1569 260 1651 303; x_wconf 82' lang='lat'><strong>761</strong></span> 
     </span>
    </p>
   </div>
   <div class='ocr_carea' id='block_1_4' title="bbox 81 438 1658 904">
    <p class='ocr_par' dir='ltr' id='par_1_4' title="bbox 81 438 1658 904">
     <span class='ocr_line' id='line_1_4' title="bbox 82 438 1657 490; baseline -0.005 -11"><span class='ocrx_word' id='word_1_15' title='bbox 82 442 394 490; x_wconf 68' lang='lat' dir='ltr'><strong>Baptismus.1{oe</strong></span> <span class='ocrx_word' id='word_1_16' title='bbox 417 445 675 482; x_wconf 78' lang='lat' dir='ltr'><strong>sacramentum,</strong></span> <span class='ocrx_word' id='word_1_17' title='bbox 698 441 820 474; x_wconf 83' lang='lat' dir='ltr'><strong>fratres</strong></span> <span class='ocrx_word' id='word_1_18' title='bbox 845 440 922 482; x_wconf 88' lang='lat' dir='ltr'><strong>mei,</strong></span> <span class='ocrx_word' id='word_1_19' title='bbox 947 439 1070 474; x_wconf 77' lang='lat' dir='ltr'><strong>abhinc</strong></span> <span class='ocrx_word' id='word_1_20' title='bbox 1094 444 1130 472; x_wconf 88' lang='lat' dir='ltr'><strong>et</strong></span> <span class='ocrx_word' id='word_1_21' title='bbox 1154 450 1288 482; x_wconf 88' lang='lat' dir='ltr'><strong>semper</strong></span> <span class='ocrx_word' id='word_1_22' title='bbox 1311 442 1429 471; x_wconf 87' lang='lat' dir='ltr'><strong>tenere</strong></span> <span class='ocrx_word' id='word_1_23' title='bbox 1452 444 1487 472; x_wconf 91' lang='lat' dir='ltr'><strong>et</strong></span> <span class='ocrx_word' id='word_1_24' title='bbox 1502 438 1657 472; x_wconf 84' lang='lat' dir='ltr'><strong>venerari</strong></span> 
     </span>
     <span class='ocr_line' id='line_1_5' title="bbox 83 488 1656 547; baseline -0.004 -9"><span class='ocrx_word' id='word_1_25' title='bbox 83 503 216 541; x_wconf 66' lang='lat' dir='ltr'><strong>debeh&#39;u</strong></span> <span class='ocrx_word' id='word_1_26' title='bbox 239 506 276 536; x_wconf 79' lang='lat' dir='ltr'><strong>et</strong></span> <span class='ocrx_word' id='word_1_27' title='bbox 298 488 447 547; x_wconf 70' lang='lat' dir='ltr'><strong>parvulis</strong></span> <span class='ocrx_word' id='word_1_28' title='bbox 471 501 592 535; x_wconf 81' lang='lat' dir='ltr'><strong>vestris</strong></span> <span class='ocrx_word' id='word_1_29' title='bbox 617 505 782 544; x_wconf 86' lang='lat' dir='ltr'><strong>oportuno</strong></span> <span class='ocrx_word' id='word_1_30' title='bbox 807 505 960 544; x_wconf 89' lang='lat' dir='ltr'><strong>tempore</strong></span> <span class='ocrx_word' id='word_1_31' title='bbox 967 524 977 541; x_wconf 94' lang='lat'><strong>,</strong></span> <span class='ocrx_word' id='word_1_32' title='bbox 1011 499 1138 533; x_wconf 86' lang='lat' dir='ltr'><strong>scilicet</strong></span> <span class='ocrx_word' id='word_1_33' title='bbox 1163 498 1198 531; x_wconf 90' lang='lat' dir='ltr'><strong>in</strong></span> <span class='ocrx_word' id='word_1_34' title='bbox 1222 498 1364 531; x_wconf 84' lang='lat' dir='ltr'><strong>sabbato</strong></span> <span class='ocrx_word' id='word_1_35' title='bbox 1389 502 1505 532; x_wconf 82' lang='lat' dir='ltr'><strong>sancto</strong></span> <span class='ocrx_word' id='word_1_36' title='bbox 1529 498 1656 542; x_wconf 81' lang='lat' dir='ltr'><strong>pasche</strong></span> 
     </span>
     <span class='ocr_line' id='line_1_6' title="bbox 83 557 1656 607; baseline -0.005 -9"><span class='ocrx_word' id='word_1_37' title='bbox 83 561 390 607; x_wconf 65' lang='lat' dir='ltr'><strong>wpemlieeostss,</strong></span> <span class='ocrx_word' id='word_1_38' title='bbox 409 571 472 605; x_wconf 85' lang='lat' dir='ltr'><strong>per</strong></span> <span class='ocrx_word' id='word_1_39' title='bbox 487 570 606 594; x_wconf 84' lang='lat' dir='ltr'><strong>manus</strong></span> <span class='ocrx_word' id='word_1_40' title='bbox 624 560 835 594; x_wconf 74' lang='lat' dir='ltr'><strong>sacerdotum</strong></span> <span class='ocrx_word' id='word_1_41' title='bbox 851 559 986 593; x_wconf 87' lang='lat' dir='ltr'><strong>tradere</strong></span> <span class='ocrx_word' id='word_1_42' title='bbox 1003 557 1133 592; x_wconf 86' lang='lat' dir='ltr'><strong>debetis</strong></span> <span class='ocrx_word' id='word_1_43' title='bbox 1142 570 1153 598; x_wconf 67' lang='grc' dir='ltr'><strong><em>ς</em></strong></span> <span class='ocrx_word' id='word_1_44' title='bbox 1178 557 1363 591; x_wconf 78' lang='lat' dir='ltr'><strong>certissime</strong></span> <span class='ocrx_word' id='word_1_45' title='bbox 1381 557 1537 598; x_wconf 87' lang='lat' dir='ltr'><strong>scientes,</strong></span> <span class='ocrx_word' id='word_1_46' title='bbox 1555 557 1656 601; x_wconf 83' lang='lat' dir='ltr'><strong>quod,</strong></span> 
     </span>
     <span class='ocr_line' id='line_1_7' title="bbox 84 617 1658 667; baseline -0.004 -10"><span class='ocrx_word' id='word_1_47' title='bbox 84 621 377 667; x_wconf 59' lang='lat' dir='ltr'><strong>quicunque-sine</strong></span> <span class='ocrx_word' id='word_1_48' title='bbox 406 619 465 654; x_wconf 83' lang='lat' dir='ltr'><strong>illo</strong></span> <span class='ocrx_word' id='word_1_49' title='bbox 497 619 541 653; x_wconf 88' lang='lat' dir='ltr'><strong>de</strong></span> <span class='ocrx_word' id='word_1_50' title='bbox 570 619 635 652; x_wconf 85' lang='lat' dir='ltr'><strong>hac</strong></span> <span class='ocrx_word' id='word_1_51' title='bbox 659 619 728 652; x_wconf 86' lang='lat' dir='ltr'><strong>vita</strong></span> <span class='ocrx_word' id='word_1_52' title='bbox 755 619 988 663; x_wconf 77' lang='lat' dir='ltr'><strong>emigraverit,</strong></span> <span class='ocrx_word' id='word_1_53' title='bbox 1022 623 1057 652; x_wconf 88' lang='lat' dir='ltr'><strong>et</strong></span> <span class='ocrx_word' id='word_1_54' title='bbox 1081 628 1186 661; x_wconf 82' lang='lat' dir='ltr'><strong>regno</strong></span> <span class='ocrx_word' id='word_1_55' title='bbox 1210 617 1276 651; x_wconf 88' lang='lat' dir='ltr'><strong>Dei</strong></span> <span class='ocrx_word' id='word_1_56' title='bbox 1301 617 1430 651; x_wconf 89' lang='lat' dir='ltr'><strong>carebit</strong></span> <span class='ocrx_word' id='word_1_57' title='bbox 1461 622 1496 650; x_wconf 90' lang='lat' dir='ltr'><strong>et</strong></span> <span class='ocrx_word' id='word_1_58' title='bbox 1519 617 1658 660; x_wconf 84' lang='lat' dir='ltr'><strong>insuper</strong></span> 
     </span>
     <span class='ocr_line' id='line_1_8' title="bbox 81 671 1655 726; baseline -0.005 -9"><span class='ocrx_word' id='word_1_59' title='bbox 81 671 452 726; x_wconf 58' lang='lat' dir='ltr'><strong>maledictiwriginalis</strong></span> <span class='ocrx_word' id='word_1_60' title='bbox 476 690 583 723; x_wconf 85' lang='lat' dir='ltr'><strong>penas</strong></span> <span class='ocrx_word' id='word_1_61' title='bbox 606 679 678 712; x_wconf 92' lang='lat' dir='ltr'><strong>luet</strong></span> <span class='ocrx_word' id='word_1_62' title='bbox 701 683 847 713; x_wconf 82' lang='lat' dir='ltr'><strong>eternas.</strong></span> <span class='ocrx_word' id='word_1_63' title='bbox 944 675 1162 712; x_wconf 78' lang='lat' dir='ltr'><strong>¹’Secundum</strong></span> <span class='ocrx_word' id='word_1_64' title='bbox 1185 681 1431 711; x_wconf 83' lang='lat' dir='ltr'><strong>sacramentum</strong></span> <span class='ocrx_word' id='word_1_65' title='bbox 1455 682 1508 710; x_wconf 89' lang='lat' dir='ltr'><strong>est</strong></span> <span class='ocrx_word' id='word_1_66' title='bbox 1532 675 1655 710; x_wconf 86' lang='lat' dir='ltr'><strong>confir-</strong></span> 
     </span>
     <span class='ocr_line' id='line_1_9' title="bbox 83 732 1656 782; baseline -0.004 -6"><span class='ocrx_word' id='word_1_67' title='bbox 83 739 206 782; x_wconf 46' lang='lat' dir='ltr'><strong>mati&amp;</strong></span> <span class='ocrx_word' id='word_1_68' title='bbox 235 732 273 775; x_wconf 73' lang='lat' dir='ltr'><strong>id</strong></span> <span class='ocrx_word' id='word_1_69' title='bbox 296 744 351 774; x_wconf 79' lang='lat' dir='ltr'><strong>est</strong></span> <span class='ocrx_word' id='word_1_70' title='bbox 371 739 486 773; x_wconf 88' lang='lat' dir='ltr'><strong>unctio</strong></span> <span class='ocrx_word' id='word_1_71' title='bbox 511 739 675 773; x_wconf 77' lang='lat' dir='ltr'><strong>crismatis</strong></span> <span class='ocrx_word' id='word_1_72' title='bbox 700 739 734 771; x_wconf 91' lang='lat' dir='ltr'><strong>in</strong></span> <span class='ocrx_word' id='word_1_73' title='bbox 759 738 881 772; x_wconf 86' lang='lat' dir='ltr'><strong>fronte.</strong></span> <span class='ocrx_word' id='word_1_74' title='bbox 930 737 1005 772; x_wconf 88' lang='lat' dir='ltr'><strong>Hoc</strong></span> <span class='ocrx_word' id='word_1_75' title='bbox 1030 741 1274 771; x_wconf 84' lang='lat' dir='ltr'><strong>sacramentum</strong></span> <span class='ocrx_word' id='word_1_76' title='bbox 1299 736 1434 769; x_wconf 82' lang='lat' dir='ltr'><strong>victuris</strong></span> <span class='ocrx_word' id='word_1_77' title='bbox 1460 741 1513 769; x_wconf 87' lang='lat' dir='ltr'><strong>est</strong></span> <span class='ocrx_word' id='word_1_78' title='bbox 1535 747 1656 770; x_wconf 89' lang='lat' dir='ltr'><strong>neces-</strong></span> 
     </span>
     <span class='ocr_line' id='line_1_10' title="bbox 85 791 1658 843; baseline -0.004 -9"><span class='ocrx_word' id='word_1_79' title='bbox 85 791 221 841; x_wconf 53' lang='lat' dir='ltr'><strong>fnium,</strong></span> <span class='ocrx_word' id='word_1_80' title='bbox 245 798 403 834; x_wconf 81' lang='lat' dir='ltr'><strong>videlicet</strong></span> <span class='ocrx_word' id='word_1_81' title='bbox 425 804 464 832; x_wconf 87' lang='lat' dir='ltr'><strong>ut</strong></span> <span class='ocrx_word' id='word_1_82' title='bbox 479 798 624 843; x_wconf 75' lang='lat' dir='ltr'><strong>Spiritus</strong></span> <span class='ocrx_word' id='word_1_83' title='bbox 650 798 757 832; x_wconf 88' lang='lat' dir='ltr'><strong>sancti</strong></span> <span class='ocrx_word' id='word_1_84' title='bbox 783 797 1054 832; x_wconf 82' lang='lat' dir='ltr'><strong>corroboratione</strong></span> <span class='ocrx_word' id='word_1_85' title='bbox 1077 796 1270 830; x_wconf 87' lang='lat' dir='ltr'><strong>muniantur</strong></span> <span class='ocrx_word' id='word_1_86' title='bbox 1295 801 1329 829; x_wconf 90' lang='lat' dir='ltr'><strong>et</strong></span> <span class='ocrx_word' id='word_1_87' title='bbox 1347 801 1518 829; x_wconf 87' lang='lat' dir='ltr'><strong>armentur</strong></span> <span class='ocrx_word' id='word_1_88' title='bbox 1542 801 1658 829; x_wconf 86' lang='lat' dir='ltr'><strong>contra</strong></span> 
     </span>
     <span class='ocr_line' id='line_1_11' title="bbox 85 846 1658 904; baseline -0.004 -10"><span class='ocrx_word' id='word_1_89' title='bbox 85 867 202 894; x_wconf 70' lang='lat' dir='ltr'><strong>omnes</strong></span> <span class='ocrx_word' id='word_1_90' title='bbox 224 859 467 904; x_wconf 64' lang='lat' dir='ltr'><strong>temptationes</strong></span> <span class='ocrx_word' id='word_1_91' title='bbox 491 864 527 892; x_wconf 90' lang='lat' dir='ltr'><strong>et</strong></span> <span class='ocrx_word' id='word_1_92' title='bbox 549 858 718 902; x_wconf 85' lang='lat' dir='ltr'><strong>nequitias</strong></span> <span class='ocrx_word' id='word_1_93' title='bbox 742 857 810 891; x_wconf 82' lang='lat' dir='ltr'><strong>vite</strong></span> <span class='ocrx_word' id='word_1_94' title='bbox 835 857 1002 901; x_wconf 85' lang='lat' dir='ltr'><strong>presentis</strong></span> <span class='ocrx_word' id='word_1_95' title='bbox 1026 846 1220 900; x_wconf 44' lang='lat' dir='ltr'><strong>pug&#39;naturi.</strong></span> <span class='ocrx_word' id='word_1_96' title='bbox 1241 855 1333 889; x_wconf 41' lang='lat' dir='ltr'><strong>*Non</strong></span> <span class='ocrx_word' id='word_1_97' title='bbox 1358 860 1471 889; x_wconf 88' lang='lat' dir='ltr'><strong>autem</strong></span> <span class='ocrx_word' id='word_1_98' title='bbox 1494 867 1600 899; x_wconf 89' lang='lat' dir='ltr'><strong>usque</strong></span> <span class='ocrx_word' id='word_1_99' title='bbox 1623 855 1658 888; x_wconf 91' lang='lat' dir='ltr'><strong>iu</strong></span> 
     </span>
    </p>
   </div>
   <div class='ocr_carea' id='block_1_5' title="bbox 76 911 1659 961">
    <p class='ocr_par' dir='ltr' id='par_1_5' title="bbox 76 911 1659 961">
     <span class='ocr_line' id='line_1_12' title="bbox 76 911 1659 961; baseline -0.004 -7"><span class='ocrx_word' id='word_1_100' title='bbox 76 911 257 954; x_wconf 67' lang='lat' dir='ltr'><strong>senceum</strong></span> <span class='ocrx_word' id='word_1_101' title='bbox 280 918 502 953; x_wconf 72' lang='lat' dir='ltr'><strong>differendum</strong></span> <span class='ocrx_word' id='word_1_102' title='bbox 527 924 590 959; x_wconf 89' lang='lat' dir='ltr'><strong>est,</strong></span> <span class='ocrx_word' id='word_1_103' title='bbox 619 923 658 951; x_wconf 91' lang='lat' dir='ltr'><strong>ut</strong></span> <span class='ocrx_word' id='word_1_104' title='bbox 681 918 817 961; x_wconf 85' lang='lat' dir='ltr'><strong>quidam</strong></span> <span class='ocrx_word' id='word_1_105' title='bbox 841 922 973 961; x_wconf 89' lang='lat' dir='ltr'><strong>putant,</strong></span> <span class='ocrx_word' id='word_1_106' title='bbox 999 916 1060 950; x_wconf 87' lang='lat' dir='ltr'><strong>sed</strong></span> <span class='ocrx_word' id='word_1_107' title='bbox 1084 916 1118 950; x_wconf 91' lang='lat' dir='ltr'><strong>in</strong></span> <span class='ocrx_word' id='word_1_108' title='bbox 1142 916 1249 960; x_wconf 88' lang='lat' dir='ltr'><strong>ipsius</strong></span> <span class='ocrx_word' id='word_1_109' title='bbox 1274 914 1503 949; x_wconf 82' lang='lat' dir='ltr'><strong>adolescentie</strong></span> <span class='ocrx_word' id='word_1_110' title='bbox 1526 914 1659 948; x_wconf 82' lang='lat' dir='ltr'><strong>fervore</strong></span> 
     </span>
    </p>
   </div>
   <div class='ocr_carea' id='block_1_6' title="bbox 85 974 1661 1319">
    <p class='ocr_par' dir='ltr' id='par_1_6' title="bbox 85 974 1661 1319">
     <span class='ocr_line' id='line_1_13' title="bbox 85 974 1659 1023; baseline -0.003 -11"><span class='ocrx_word' id='word_1_111' title='bbox 85 977 358 1023; x_wconf 67' lang='lat' dir='ltr'><strong>perd&#39;pieudum3</strong></span> <span class='ocrx_word' id='word_1_112' title='bbox 395 978 474 1022; x_wconf 86' lang='lat' dir='ltr'><strong>quia</strong></span> <span class='ocrx_word' id='word_1_113' title='bbox 506 977 564 1011; x_wconf 86' lang='lat' dir='ltr'><strong>illa</strong></span> <span class='ocrx_word' id='word_1_114' title='bbox 594 983 667 1011; x_wconf 87' lang='lat' dir='ltr'><strong>etas</strong></span> <span class='ocrx_word' id='word_1_115' title='bbox 698 978 806 1021; x_wconf 81' lang='lat' dir='ltr'><strong>magis</strong></span> <span class='ocrx_word' id='word_1_116' title='bbox 840 976 985 1011; x_wconf 84' lang='lat' dir='ltr'><strong>obnoxia</strong></span> <span class='ocrx_word' id='word_1_117' title='bbox 1017 982 1070 1010; x_wconf 84' lang='lat' dir='ltr'><strong>est</strong></span> <span class='ocrx_word' id='word_1_118' title='bbox 1101 975 1388 1020; x_wconf 75' lang='lat' dir='ltr'><strong>temptationibus.</strong></span> <span class='ocrx_word' id='word_1_119' title='bbox 1484 974 1659 1008; x_wconf 82' lang='lat' dir='ltr'><strong>‘&#39;Tercium</strong></span> 
     </span>
     <span class='ocr_line' id='line_1_14' title="bbox 85 1034 1660 1078; baseline -0.003 -6"><span class='ocrx_word' id='word_1_120' title='bbox 85 1042 333 1072; x_wconf 75' lang='lat' dir='ltr'><strong>sacramentum</strong></span> <span class='ocrx_word' id='word_1_121' title='bbox 356 1042 410 1072; x_wconf 83' lang='lat' dir='ltr'><strong>est</strong></span> <span class='ocrx_word' id='word_1_122' title='bbox 432 1037 547 1071; x_wconf 88' lang='lat' dir='ltr'><strong>unctio</strong></span> <span class='ocrx_word' id='word_1_123' title='bbox 571 1037 787 1072; x_wconf 86' lang='lat' dir='ltr'><strong>infirmorum.</strong></span> <span class='ocrx_word' id='word_1_124' title='bbox 824 1037 924 1078; x_wconf 85' lang='lat' dir='ltr'><strong>Quod</strong></span> <span class='ocrx_word' id='word_1_125' title='bbox 948 1036 1025 1070; x_wconf 90' lang='lat' dir='ltr'><strong>ideo</strong></span> <span class='ocrx_word' id='word_1_126' title='bbox 1049 1035 1216 1070; x_wconf 88' lang='lat' dir='ltr'><strong>morituris</strong></span> <span class='ocrx_word' id='word_1_127' title='bbox 1242 1041 1294 1069; x_wconf 88' lang='lat' dir='ltr'><strong>est</strong></span> <span class='ocrx_word' id='word_1_128' title='bbox 1316 1034 1556 1075; x_wconf 87' lang='lat' dir='ltr'><strong>necessarium,</strong></span> <span class='ocrx_word' id='word_1_129' title='bbox 1581 1034 1660 1078; x_wconf 89' lang='lat' dir='ltr'><strong>quia</strong></span> 
     </span>
     <span class='ocr_line' id='line_1_15' title="bbox 85 1094 1659 1141; baseline -0.004 -9"><span class='ocrx_word' id='word_1_130' title='bbox 85 1097 121 1131; x_wconf 83' lang='lat' dir='ltr'><strong>in</strong></span> <span class='ocrx_word' id='word_1_131' title='bbox 143 1095 204 1132; x_wconf 68' lang='lat' dir='ltr'><strong>illa</strong></span> <span class='ocrx_word' id='word_1_132' title='bbox 226 1097 384 1131; x_wconf 82' lang='lat' dir='ltr'><strong>unctione</strong></span> <span class='ocrx_word' id='word_1_133' title='bbox 407 1108 469 1141; x_wconf 87' lang='lat' dir='ltr'><strong>per</strong></span> <span class='ocrx_word' id='word_1_134' title='bbox 492 1097 650 1131; x_wconf 80' lang='lat' dir='ltr'><strong>virtutem</strong></span> <span class='ocrx_word' id='word_1_135' title='bbox 666 1097 811 1141; x_wconf 86' lang='lat' dir='ltr'><strong>Spiritus</strong></span> <span class='ocrx_word' id='word_1_136' title='bbox 836 1096 944 1130; x_wconf 85' lang='lat' dir='ltr'><strong>sancti</strong></span> <span class='ocrx_word' id='word_1_137' title='bbox 967 1096 1118 1130; x_wconf 85' lang='lat' dir='ltr'><strong>remissio</strong></span> <span class='ocrx_word' id='word_1_138' title='bbox 1140 1095 1239 1128; x_wconf 85' lang='lat' dir='ltr'><strong>datur</strong></span> <span class='ocrx_word' id='word_1_139' title='bbox 1263 1100 1495 1139; x_wconf 87' lang='lat' dir='ltr'><strong>peccatorum;</strong></span> <span class='ocrx_word' id='word_1_140' title='bbox 1522 1094 1659 1137; x_wconf 86' lang='lat' dir='ltr'><strong>etipse,</strong></span> 
     </span>
     <span class='ocr_line' id='line_1_16' title="bbox 87 1153 1659 1201; baseline -0.003 -10"><span class='ocrx_word' id='word_1_141' title='bbox 87 1155 143 1201; x_wconf 82' lang='lat' dir='ltr'><strong>qni</strong></span> <span class='ocrx_word' id='word_1_142' title='bbox 170 1156 350 1192; x_wconf 75' lang='lat' dir='ltr'><strong>moriturus</strong></span> <span class='ocrx_word' id='word_1_143' title='bbox 374 1162 442 1198; x_wconf 84' lang='lat' dir='ltr'><strong>est,</strong></span> <span class='ocrx_word' id='word_1_144' title='bbox 476 1162 593 1191; x_wconf 86' lang='lat' dir='ltr'><strong>contra</strong></span> <span class='ocrx_word' id='word_1_145' title='bbox 617 1156 808 1201; x_wconf 83' lang='lat' dir='ltr'><strong>spirituales</strong></span> <span class='ocrx_word' id='word_1_146' title='bbox 833 1155 1025 1200; x_wconf 83' lang='lat' dir='ltr'><strong>nequicias,</strong></span> <span class='ocrx_word' id='word_1_147' title='bbox 1056 1155 1091 1189; x_wconf 91' lang='lat' dir='ltr'><strong>id</strong></span> <span class='ocrx_word' id='word_1_148' title='bbox 1116 1159 1168 1188; x_wconf 83' lang='lat' dir='ltr'><strong>es&#39;t</strong></span> <span class='ocrx_word' id='word_1_149' title='bbox 1192 1160 1310 1188; x_wconf 88' lang='lat' dir='ltr'><strong>contra</strong></span> <span class='ocrx_word' id='word_1_150' title='bbox 1333 1154 1498 1198; x_wconf 85' lang='lat' dir='ltr'><strong>malignos</strong></span> <span class='ocrx_word' id='word_1_151' title='bbox 1524 1153 1659 1197; x_wconf 87' lang='lat' dir='ltr'><strong>spiritus</strong></span> 
     </span>
     <span class='ocr_line' id='line_1_17' title="bbox 86 1214 1659 1259; baseline -0.003 -8"><span class='ocrx_word' id='word_1_152' title='bbox 86 1216 122 1250; x_wconf 83' lang='lat' dir='ltr'><strong>in</strong></span> <span class='ocrx_word' id='word_1_153' title='bbox 148 1216 243 1251; x_wconf 73' lang='lat' dir='ltr'><strong>exitu</strong></span> <span class='ocrx_word' id='word_1_154' title='bbox 272 1217 342 1251; x_wconf 72' lang='lat' dir='ltr'><strong>vite</strong></span> <span class='ocrx_word' id='word_1_155' title='bbox 374 1216 549 1251; x_wconf 74' lang='lat' dir='ltr'><strong>animabus</strong></span> <span class='ocrx_word' id='word_1_156' title='bbox 580 1217 797 1257; x_wconf 83' lang='lat' dir='ltr'><strong>insidiantes,</strong></span> <span class='ocrx_word' id='word_1_157' title='bbox 829 1215 948 1250; x_wconf 88' lang='lat' dir='ltr'><strong>eadem</strong></span> <span class='ocrx_word' id='word_1_158' title='bbox 979 1215 1124 1259; x_wconf 84' lang='lat' dir='ltr'><strong>Spiritus</strong></span> <span class='ocrx_word' id='word_1_159' title='bbox 1156 1215 1264 1248; x_wconf 86' lang='lat' dir='ltr'><strong>sancti</strong></span> <span class='ocrx_word' id='word_1_160' title='bbox 1294 1214 1417 1248; x_wconf 85' lang='lat' dir='ltr'><strong>virtute</strong></span> <span class='ocrx_word' id='word_1_161' title='bbox 1449 1218 1659 1257; x_wconf 81' lang='lat' dir='ltr'><strong>pugnaturus</strong></span> 
     </span>
     <span class='ocr_line' id='line_1_18' title="bbox 87 1273 1661 1319; baseline -0.003 -8"><span class='ocrx_word' id='word_1_162' title='bbox 87 1281 245 1310; x_wconf 75' lang='lat' dir='ltr'><strong>amatur.</strong></span> <span class='ocrx_word' id='word_1_163' title='bbox 292 1276 369 1310; x_wconf 88' lang='lat' dir='ltr'><strong>Hoc</strong></span> <span class='ocrx_word' id='word_1_164' title='bbox 399 1276 489 1311; x_wconf 89' lang='lat' dir='ltr'><strong>omni</strong></span> <span class='ocrx_word' id='word_1_165' title='bbox 519 1276 701 1310; x_wconf 87' lang='lat' dir='ltr'><strong>christiano</strong></span> <span class='ocrx_word' id='word_1_166' title='bbox 732 1276 767 1310; x_wconf 87' lang='lat' dir='ltr'><strong>in</strong></span> <span class='ocrx_word' id='word_1_167' title='bbox 798 1286 907 1319; x_wconf 84' lang='lat' dir='ltr'><strong>agone</strong></span> <span class='ocrx_word' id='word_1_168' title='bbox 939 1275 1055 1308; x_wconf 88' lang='lat' dir='ltr'><strong>mortis</strong></span> <span class='ocrx_word' id='word_1_169' title='bbox 1080 1274 1314 1308; x_wconf 83' lang='lat' dir='ltr'><strong>ardentissime</strong></span> <span class='ocrx_word' id='word_1_170' title='bbox 1341 1273 1602 1307; x_wconf 88' lang='lat' dir='ltr'><strong>desiderandum</strong></span> <span class='ocrx_word' id='word_1_171' title='bbox 1626 1278 1661 1307; x_wconf 90' lang='lat' dir='ltr'><strong>et</strong></span> 
     </span>
    </p>
   </div>
   <div class='ocr_carea' id='block_1_7' title="bbox 75 1330 1658 1381">
    <p class='ocr_par' dir='ltr' id='par_1_7' title="bbox 75 1330 1658 1381">
     <span class='ocr_line' id='line_1_19' title="bbox 75 1330 1658 1381; baseline -0.003 -10"><span class='ocrx_word' id='word_1_172' title='bbox 75 1335 304 1371; x_wconf 60' lang='lat' dir='ltr'><strong>‘devotissime</strong></span> <span class='ocrx_word' id='word_1_173' title='bbox 328 1336 583 1381; x_wconf 85' lang='lat' dir='ltr'><strong>percipiendum</strong></span> <span class='ocrx_word' id='word_1_174' title='bbox 606 1342 676 1377; x_wconf 84' lang='lat' dir='ltr'><strong>est,</strong></span> <span class='ocrx_word' id='word_1_175' title='bbox 707 1341 826 1380; x_wconf 90' lang='lat' dir='ltr'><strong>utpote</strong></span> <span class='ocrx_word' id='word_1_176' title='bbox 850 1335 1036 1369; x_wconf 88' lang='lat' dir='ltr'><strong>remedium</strong></span> <span class='ocrx_word' id='word_1_177' title='bbox 1060 1334 1171 1368; x_wconf 82' lang='lat' dir='ltr'><strong>anime</strong></span> <span class='ocrx_word' id='word_1_178' title='bbox 1196 1334 1427 1368; x_wconf 90' lang='lat' dir='ltr'><strong>certissimum.</strong></span> <span class='ocrx_word' id='word_1_179' title='bbox 1525 1330 1658 1374; x_wconf 78' lang='lat' dir='ltr'><strong>dQuar—</strong></span> 
     </span>
    </p>
   </div>
   <div class='ocr_carea' id='block_1_8' title="bbox 85 1392 1666 2868">
    <p class='ocr_par' dir='ltr' id='par_1_8' title="bbox 85 1392 1666 2868">
     <span class='ocr_line' id='line_1_20' title="bbox 85 1392 1659 1438; baseline -0.003 -7"><span class='ocrx_word' id='word_1_180' title='bbox 85 1401 159 1430; x_wconf 76' lang='lat' dir='ltr'><strong>tum</strong></span> <span class='ocrx_word' id='word_1_181' title='bbox 181 1402 428 1431; x_wconf 74' lang='lat' dir='ltr'><strong>sacramentum</strong></span> <span class='ocrx_word' id='word_1_182' title='bbox 453 1401 507 1430; x_wconf 84' lang='lat' dir='ltr'><strong>est</strong></span> <span class='ocrx_word' id='word_1_183' title='bbox 530 1396 764 1437; x_wconf 71' lang='lat' dir='ltr'><strong>eucharisti20,</strong></span> <span class='ocrx_word' id='word_1_184' title='bbox 790 1395 825 1429; x_wconf 91' lang='lat' dir='ltr'><strong>id</strong></span> <span class='ocrx_word' id='word_1_185' title='bbox 850 1400 902 1428; x_wconf 86' lang='lat' dir='ltr'><strong>est</strong></span> <span class='ocrx_word' id='word_1_186' title='bbox 926 1406 1045 1438; x_wconf 85' lang='lat' dir='ltr'><strong>corpus</strong></span> <span class='ocrx_word' id='word_1_187' title='bbox 1064 1400 1098 1428; x_wconf 88' lang='lat' dir='ltr'><strong>et</strong></span> <span class='ocrx_word' id='word_1_188' title='bbox 1115 1394 1252 1438; x_wconf 83' lang='lat' dir='ltr'><strong>sanguis</strong></span> <span class='ocrx_word' id='word_1_189' title='bbox 1269 1393 1415 1427; x_wconf 86' lang='lat' dir='ltr'><strong>Domini.</strong></span> <span class='ocrx_word' id='word_1_190' title='bbox 1452 1392 1527 1426; x_wconf 91' lang='lat' dir='ltr'><strong>Hoc</strong></span> <span class='ocrx_word' id='word_1_191' title='bbox 1545 1404 1659 1426; x_wconf 87' lang='lat' dir='ltr'><strong>sacra-</strong></span> 
     </span>
     <span class='ocr_line' id='line_1_21' title="bbox 86 1452 1661 1492; baseline -0.003 -2"><span class='ocrx_word' id='word_1_192' title='bbox 86 1461 239 1490; x_wconf 83' lang='lat' dir='ltr'><strong>mentum</strong></span> <span class='ocrx_word' id='word_1_193' title='bbox 267 1461 303 1490; x_wconf 87' lang='lat' dir='ltr'><strong>et</strong></span> <span class='ocrx_word' id='word_1_194' title='bbox 333 1455 470 1490; x_wconf 82' lang='lat' dir='ltr'><strong>victuris</strong></span> <span class='ocrx_word' id='word_1_195' title='bbox 501 1461 536 1489; x_wconf 86' lang='lat' dir='ltr'><strong>et</strong></span> <span class='ocrx_word' id='word_1_196' title='bbox 566 1456 734 1489; x_wconf 88' lang='lat' dir='ltr'><strong>morituris</strong></span> <span class='ocrx_word' id='word_1_197' title='bbox 768 1461 820 1489; x_wconf 85' lang='lat' dir='ltr'><strong>est</strong></span> <span class='ocrx_word' id='word_1_198' title='bbox 843 1455 1080 1489; x_wconf 87' lang='lat' dir='ltr'><strong>necessarium.</strong></span> <span class='ocrx_word' id='word_1_199' title='bbox 1129 1454 1208 1487; x_wconf 83' lang='lat' dir='ltr'><strong>Sive</strong></span> <span class='ocrx_word' id='word_1_200' title='bbox 1232 1453 1372 1486; x_wconf 84' lang='lat' dir='ltr'><strong>vivimus</strong></span> <span class='ocrx_word' id='word_1_201' title='bbox 1398 1452 1468 1486; x_wconf 88' lang='lat' dir='ltr'><strong>sive</strong></span> <span class='ocrx_word' id='word_1_202' title='bbox 1491 1453 1661 1492; x_wconf 90' lang='lat' dir='ltr'><strong>morimur,</strong></span> 
     </span>
     <span class='ocr_line' id='line_1_22' title="bbox 86 1512 1659 1561; baseline -0.004 -11"><span class='ocrx_word' id='word_1_203' title='bbox 86 1516 152 1551; x_wconf 79' lang='lat' dir='ltr'><strong>hoc</strong></span> <span class='ocrx_word' id='word_1_204' title='bbox 175 1515 298 1561; x_wconf 80' lang='lat' dir='ltr'><strong>viatico</strong></span> <span class='ocrx_word' id='word_1_205' title='bbox 320 1526 455 1560; x_wconf 84' lang='lat' dir='ltr'><strong>semper</strong></span> <span class='ocrx_word' id='word_1_206' title='bbox 479 1520 532 1549; x_wconf 87' lang='lat' dir='ltr'><strong>est</strong></span> <span class='ocrx_word' id='word_1_207' title='bbox 553 1515 728 1549; x_wconf 86' lang='lat' dir='ltr'><strong>utendum.</strong></span> <span class='ocrx_word' id='word_1_208' title='bbox 764 1515 828 1548; x_wconf 85' lang='lat' dir='ltr'><strong>Est</strong></span> <span class='ocrx_word' id='word_1_209' title='bbox 852 1515 940 1548; x_wconf 88' lang='lat' dir='ltr'><strong>enim</strong></span> <span class='ocrx_word' id='word_1_210' title='bbox 965 1515 1059 1548; x_wconf 88' lang='lat' dir='ltr'><strong>cibus</strong></span> <span class='ocrx_word' id='word_1_211' title='bbox 1084 1514 1194 1547; x_wconf 89' lang='lat' dir='ltr'><strong>anime</strong></span> <span class='ocrx_word' id='word_1_212' title='bbox 1220 1524 1330 1553; x_wconf 85' lang='lat' dir='ltr'><strong>verus,</strong></span> <span class='ocrx_word' id='word_1_213' title='bbox 1355 1512 1458 1545; x_wconf 87' lang='lat' dir='ltr'><strong>vitam</strong></span> <span class='ocrx_word' id='word_1_214' title='bbox 1483 1513 1517 1545; x_wconf 92' lang='lat' dir='ltr'><strong>in</strong></span> <span class='ocrx_word' id='word_1_215' title='bbox 1543 1523 1579 1545; x_wconf 89' lang='lat' dir='ltr'><strong>se</strong></span> <span class='ocrx_word' id='word_1_216' title='bbox 1595 1512 1659 1545; x_wconf 85' lang='lat' dir='ltr'><strong>ha-</strong></span> 
     </span>
     <span class='ocr_line' id='line_1_23' title="bbox 87 1572 1660 1619; baseline -0.003 -9"><span class='ocrx_word' id='word_1_217' title='bbox 87 1577 172 1610; x_wconf 76' lang='lat' dir='ltr'><strong>bens</strong></span> <span class='ocrx_word' id='word_1_218' title='bbox 197 1581 360 1610; x_wconf 82' lang='lat' dir='ltr'><strong>eternam.</strong></span> <span class='ocrx_word' id='word_1_219' title='bbox 404 1575 504 1610; x_wconf 89' lang='lat' dir='ltr'><strong>Unde</strong></span> <span class='ocrx_word' id='word_1_220' title='bbox 528 1574 724 1619; x_wconf 82' lang='lat' dir='ltr'><strong>frequenter</strong></span> <span class='ocrx_word' id='word_1_221' title='bbox 748 1575 850 1608; x_wconf 90' lang='lat' dir='ltr'><strong>misse</strong></span> <span class='ocrx_word' id='word_1_222' title='bbox 875 1574 1077 1608; x_wconf 83' lang='lat' dir='ltr'><strong>celebrande</strong></span> <span class='ocrx_word' id='word_1_223' title='bbox 1102 1579 1197 1614; x_wconf 78' lang='lat' dir='ltr'><strong>sunt3</strong></span> <span class='ocrx_word' id='word_1_224' title='bbox 1223 1579 1257 1606; x_wconf 92' lang='lat' dir='ltr'><strong>et</strong></span> <span class='ocrx_word' id='word_1_225' title='bbox 1281 1584 1340 1606; x_wconf 86' lang='lat' dir='ltr'><strong>vos</strong></span> <span class='ocrx_word' id='word_1_226' title='bbox 1366 1572 1410 1606; x_wconf 89' lang='lat' dir='ltr'><strong>ad</strong></span> <span class='ocrx_word' id='word_1_227' title='bbox 1435 1572 1573 1606; x_wconf 86' lang='lat' dir='ltr'><strong>easdem</strong></span> <span class='ocrx_word' id='word_1_228' title='bbox 1598 1572 1660 1605; x_wconf 91' lang='lat' dir='ltr'><strong>de-</strong></span> 
     </span>
     <span class='ocr_line' id='line_1_24' title="bbox 88 1622 1661 1678; baseline -0.003 -8"><span class='ocrx_word' id='word_1_229' title='bbox 88 1629 370 1670; x_wconf 58' lang='lat' dir='ltr'><strong>votoconvbnire</strong></span> <span class='ocrx_word' id='word_1_230' title='bbox 394 1622 546 1676; x_wconf 84' lang='lat' dir='ltr'><strong>debetis,</strong></span> <span class='ocrx_word' id='word_1_231' title='bbox 577 1640 615 1668; x_wconf 90' lang='lat' dir='ltr'><strong>ut</strong></span> <span class='ocrx_word' id='word_1_232' title='bbox 639 1634 754 1678; x_wconf 87' lang='lat' dir='ltr'><strong>sepius</strong></span> <span class='ocrx_word' id='word_1_233' title='bbox 779 1634 856 1667; x_wconf 91' lang='lat' dir='ltr'><strong>huic</strong></span> <span class='ocrx_word' id='word_1_234' title='bbox 881 1634 1000 1668; x_wconf 87' lang='lat' dir='ltr'><strong>viatico</strong></span> <span class='ocrx_word' id='word_1_235' title='bbox 1026 1633 1286 1668; x_wconf 88' lang='lat' dir='ltr'><strong>communicetis.</strong></span> <span class='ocrx_word' id='word_1_236' title='bbox 1337 1632 1465 1672; x_wconf 80' lang='lat' dir='ltr'><strong>Quodsi</strong></span> <span class='ocrx_word' id='word_1_237' title='bbox 1490 1643 1557 1666; x_wconf 91' lang='lat' dir='ltr'><strong>non</strong></span> <span class='ocrx_word' id='word_1_238' title='bbox 1582 1637 1661 1675; x_wconf 90' lang='lat' dir='ltr'><strong>pot-</strong></span> 
     </span>
     <span class='ocr_line' id='line_1_25' title="bbox 88 1690 1662 1740; baseline -0.004 -10"><span class='ocrx_word' id='word_1_239' title='bbox 88 1695 190 1736; x_wconf 74' lang='lat' dir='ltr'><strong>ostis,</strong></span> <span class='ocrx_word' id='word_1_240' title='bbox 220 1695 300 1740; x_wconf 79' lang='lat' dir='ltr'><strong>quia</strong></span> <span class='ocrx_word' id='word_1_241' title='bbox 323 1694 476 1729; x_wconf 73' lang='lat' dir='ltr'><strong>carnales</strong></span> <span class='ocrx_word' id='word_1_242' title='bbox 502 1694 601 1735; x_wconf 80' lang='lat' dir='ltr'><strong>estis,</strong></span> <span class='ocrx_word' id='word_1_243' title='bbox 631 1694 710 1727; x_wconf 91' lang='lat' dir='ltr'><strong>huic</strong></span> <span class='ocrx_word' id='word_1_244' title='bbox 734 1700 803 1728; x_wconf 87' lang='lat' dir='ltr'><strong>tam</strong></span> <span class='ocrx_word' id='word_1_245' title='bbox 828 1694 1038 1728; x_wconf 86' lang='lat' dir='ltr'><strong>sanctissime</strong></span> <span class='ocrx_word' id='word_1_246' title='bbox 1064 1694 1113 1727; x_wconf 88' lang='lat' dir='ltr'><strong>rei</strong></span> <span class='ocrx_word' id='word_1_247' title='bbox 1144 1705 1206 1737; x_wconf 86' lang='lat' dir='ltr'><strong>per</strong></span> <span class='ocrx_word' id='word_1_248' title='bbox 1230 1704 1289 1726; x_wconf 87' lang='lat' dir='ltr'><strong>vos</strong></span> <span class='ocrx_word' id='word_1_249' title='bbox 1315 1690 1379 1725; x_wconf 72' lang='lat' dir='ltr'><strong>adr</strong></span> <span class='ocrx_word' id='word_1_250' title='bbox 1401 1703 1517 1725; x_wconf 87' lang='lat' dir='ltr'><strong>omnes</strong></span> <span class='ocrx_word' id='word_1_251' title='bbox 1542 1691 1662 1724; x_wconf 83' lang='lat' dir='ltr'><strong>missas</strong></span> 
     </span>
     <span class='ocr_line' id='line_1_26' title="bbox 89 1751 1663 1799; baseline -0.003 -10"><span class='ocrx_word' id='word_1_252' title='bbox 89 1753 302 1799; x_wconf 78' lang='lat' dir='ltr'><strong>participari,</strong></span> <span class='ocrx_word' id='word_1_253' title='bbox 333 1753 454 1788; x_wconf 85' lang='lat' dir='ltr'><strong>saltem</strong></span> <span class='ocrx_word' id='word_1_254' title='bbox 483 1765 546 1798; x_wconf 89' lang='lat' dir='ltr'><strong>per</strong></span> <span class='ocrx_word' id='word_1_255' title='bbox 575 1753 795 1788; x_wconf 86' lang='lat' dir='ltr'><strong>mediatorem</strong></span> <span class='ocrx_word' id='word_1_256' title='bbox 818 1759 983 1794; x_wconf 84' lang='lat' dir='ltr'><strong>vestrum,</strong></span> <span class='ocrx_word' id='word_1_257' title='bbox 1015 1753 1142 1787; x_wconf 80' lang='lat' dir='ltr'><strong>scilicet</strong></span> <span class='ocrx_word' id='word_1_258' title='bbox 1167 1752 1377 1786; x_wconf 88' lang='lat' dir='ltr'><strong>sacerdotem</strong></span> <span class='ocrx_word' id='word_1_259' title='bbox 1402 1751 1458 1795; x_wconf 92' lang='lat' dir='ltr'><strong>qui</strong></span> <span class='ocrx_word' id='word_1_260' title='bbox 1482 1763 1544 1795; x_wconf 91' lang='lat' dir='ltr'><strong>pro</strong></span> <span class='ocrx_word' id='word_1_261' title='bbox 1568 1751 1663 1785; x_wconf 83' lang='lat' dir='ltr'><strong>vobis</strong></span> 
     </span>
     <span class='ocr_line' id='line_1_27' title="bbox 89 1811 1664 1855; baseline -0.003 -7"><span class='ocrx_word' id='word_1_262' title='bbox 89 1814 323 1855; x_wconf 71' lang='lat' dir='ltr'><strong>conmunicat,</strong></span> <span class='ocrx_word' id='word_1_263' title='bbox 347 1813 492 1848; x_wconf 83' lang='lat' dir='ltr'><strong>fideliter</strong></span> <span class='ocrx_word' id='word_1_264' title='bbox 503 1818 702 1847; x_wconf 81' lang='lat' dir='ltr'><strong>reverenter</strong></span> <span class='ocrx_word' id='word_1_265' title='bbox 718 1824 758 1847; x_wconf 89' lang='lat' dir='ltr'><strong>ac</strong></span> <span class='ocrx_word' id='word_1_266' title='bbox 775 1814 896 1847; x_wconf 82' lang='lat' dir='ltr'><strong>devote</strong></span> <span class='ocrx_word' id='word_1_267' title='bbox 912 1814 1031 1847; x_wconf 87' lang='lat' dir='ltr'><strong>missas</strong></span> <span class='ocrx_word' id='word_1_268' title='bbox 1049 1813 1217 1847; x_wconf 85' lang='lat' dir='ltr'><strong>audiendo</strong></span> <span class='ocrx_word' id='word_1_269' title='bbox 1234 1812 1485 1846; x_wconf 87' lang='lat' dir='ltr'><strong>communicate.</strong></span> <span class='ocrx_word' id='word_1_270' title='bbox 1520 1811 1664 1855; x_wconf 89' lang='lat' dir='ltr'><strong>Oportet</strong></span> 
     </span>
     <span class='ocr_line' id='line_1_28' title="bbox 90 1871 1661 1918; baseline -0.003 -10"><span class='ocrx_word' id='word_1_271' title='bbox 90 1879 204 1908; x_wconf 79' lang='lat' dir='ltr'><strong>tamen</strong></span> <span class='ocrx_word' id='word_1_272' title='bbox 228 1879 264 1908; x_wconf 86' lang='lat' dir='ltr'><strong>et</strong></span> <span class='ocrx_word' id='word_1_273' title='bbox 288 1884 348 1908; x_wconf 82' lang='lat' dir='ltr'><strong>vos</strong></span> <span class='ocrx_word' id='word_1_274' title='bbox 371 1874 465 1918; x_wconf 86' lang='lat' dir='ltr'><strong>ipsos</strong></span> <span class='ocrx_word' id='word_1_275' title='bbox 489 1879 541 1907; x_wconf 87' lang='lat' dir='ltr'><strong>ter</strong></span> <span class='ocrx_word' id='word_1_276' title='bbox 566 1874 619 1907; x_wconf 88' lang='lat' dir='ltr'><strong>vel</strong></span> <span class='ocrx_word' id='word_1_277' title='bbox 644 1879 762 1917; x_wconf 89' lang='lat' dir='ltr'><strong>quater</strong></span> <span class='ocrx_word' id='word_1_278' title='bbox 786 1874 820 1906; x_wconf 88' lang='lat' dir='ltr'><strong>in</strong></span> <span class='ocrx_word' id='word_1_279' title='bbox 846 1885 946 1914; x_wconf 88' lang='lat' dir='ltr'><strong>anno,</strong></span> <span class='ocrx_word' id='word_1_280' title='bbox 972 1873 1001 1907; x_wconf 88' lang='lat' dir='ltr'><strong>si</strong></span> <span class='ocrx_word' id='word_1_281' title='bbox 1025 1872 1168 1916; x_wconf 86' lang='lat' dir='ltr'><strong>amplius</strong></span> <span class='ocrx_word' id='word_1_282' title='bbox 1193 1871 1267 1905; x_wconf 86' lang='lat' dir='ltr'><strong>fieri</strong></span> <span class='ocrx_word' id='word_1_283' title='bbox 1291 1883 1358 1906; x_wconf 92' lang='lat' dir='ltr'><strong>non</strong></span> <span class='ocrx_word' id='word_1_284' title='bbox 1379 1877 1503 1915; x_wconf 84' lang='lat' dir='ltr'><strong>potest,</strong></span> <span class='ocrx_word' id='word_1_285' title='bbox 1529 1877 1563 1904; x_wconf 90' lang='lat' dir='ltr'><strong>et</strong></span> <span class='ocrx_word' id='word_1_286' title='bbox 1580 1881 1661 1904; x_wconf 90' lang='lat' dir='ltr'><strong>con-</strong></span> 
     </span>
     <span class='ocr_line' id='line_1_29' title="bbox 89 1930 1664 1977; baseline -0.003 -9"><span class='ocrx_word' id='word_1_287' title='bbox 89 1933 272 1968; x_wconf 69' lang='lat' dir='ltr'><strong>fossionem</strong></span> <span class='ocrx_word' id='word_1_288' title='bbox 294 1933 408 1968; x_wconf 84' lang='lat' dir='ltr'><strong>facere</strong></span> <span class='ocrx_word' id='word_1_289' title='bbox 433 1938 535 1977; x_wconf 87' lang='lat' dir='ltr'><strong>atque</strong></span> <span class='ocrx_word' id='word_1_290' title='bbox 557 1933 622 1976; x_wconf 87' lang='lat' dir='ltr'><strong>ipsi</strong></span> <span class='ocrx_word' id='word_1_291' title='bbox 639 1938 848 1967; x_wconf 85' lang='lat' dir='ltr'><strong>sacramento</strong></span> <span class='ocrx_word' id='word_1_292' title='bbox 865 1933 1120 1967; x_wconf 86' lang='lat' dir='ltr'><strong>communicare.</strong></span> <span class='ocrx_word' id='word_1_293' title='bbox 1217 1930 1402 1972; x_wconf 70' lang='lat' dir='ltr'><strong>gQuintum</strong></span> <span class='ocrx_word' id='word_1_294' title='bbox 1419 1936 1664 1964; x_wconf 85' lang='lat' dir='ltr'><strong>sacramentum</strong></span> 
     </span>
     <span class='ocr_line' id='line_1_30' title="bbox 91 1990 1663 2038; baseline -0.003 -10"><span class='ocrx_word' id='word_1_295' title='bbox 91 1998 144 2028; x_wconf 76' lang='lat' dir='ltr'><strong>est</strong></span> <span class='ocrx_word' id='word_1_296' title='bbox 167 2004 230 2038; x_wconf 84' lang='lat' dir='ltr'><strong>per</strong></span> <span class='ocrx_word' id='word_1_297' title='bbox 253 1992 474 2037; x_wconf 87' lang='lat' dir='ltr'><strong>penitentiam</strong></span> <span class='ocrx_word' id='word_1_298' title='bbox 498 1993 724 2027; x_wconf 86' lang='lat' dir='ltr'><strong>reconciliatio</strong></span> <span class='ocrx_word' id='word_1_299' title='bbox 748 1992 930 2036; x_wconf 86' lang='lat' dir='ltr'><strong>lapsorum,</strong></span> <span class='ocrx_word' id='word_1_300' title='bbox 956 1992 991 2025; x_wconf 91' lang='lat' dir='ltr'><strong>id</strong></span> <span class='ocrx_word' id='word_1_301' title='bbox 1016 1998 1070 2025; x_wconf 87' lang='lat' dir='ltr'><strong>est</strong></span> <span class='ocrx_word' id='word_1_302' title='bbox 1094 1992 1252 2035; x_wconf 84' lang='lat' dir='ltr'><strong>ipsorum,</strong></span> <span class='ocrx_word' id='word_1_303' title='bbox 1278 1991 1334 2034; x_wconf 92' lang='lat' dir='ltr'><strong>qui</strong></span> <span class='ocrx_word' id='word_1_304' title='bbox 1354 1996 1432 2034; x_wconf 89' lang='lat' dir='ltr'><strong>post</strong></span> <span class='ocrx_word' id='word_1_305' title='bbox 1448 1990 1663 2034; x_wconf 86' lang='lat' dir='ltr'><strong>baptismum,</strong></span> 
     </span>
     <span class='ocr_line' id='line_1_31' title="bbox 91 2050 1661 2097; baseline -0.002 -11"><span class='ocrx_word' id='word_1_306' title='bbox 91 2058 231 2097; x_wconf 86' lang='lat' dir='ltr'><strong>propter</strong></span> <span class='ocrx_word' id='word_1_307' title='bbox 254 2052 426 2096; x_wconf 80' lang='lat' dir='ltr'><strong>graviores</strong></span> <span class='ocrx_word' id='word_1_308' title='bbox 451 2052 568 2096; x_wconf 84' lang='lat' dir='ltr'><strong>culpas</strong></span> <span class='ocrx_word' id='word_1_309' title='bbox 593 2053 636 2086; x_wconf 86' lang='lat' dir='ltr'><strong>ab</strong></span> <span class='ocrx_word' id='word_1_310' title='bbox 661 2051 804 2086; x_wconf 85' lang='lat' dir='ltr'><strong>ecclesia</strong></span> <span class='ocrx_word' id='word_1_311' title='bbox 828 2052 987 2096; x_wconf 87' lang='lat' dir='ltr'><strong>proiecti,</strong></span> <span class='ocrx_word' id='word_1_312' title='bbox 1013 2063 1074 2095; x_wconf 91' lang='lat' dir='ltr'><strong>per</strong></span> <span class='ocrx_word' id='word_1_313' title='bbox 1099 2050 1363 2084; x_wconf 84' lang='lat' dir='ltr'><strong>satisfactionem</strong></span> <span class='ocrx_word' id='word_1_314' title='bbox 1387 2050 1572 2094; x_wconf 88' lang='lat' dir='ltr'><strong>penitentie</strong></span> <span class='ocrx_word' id='word_1_315' title='bbox 1596 2050 1661 2083; x_wconf 90' lang='lat' dir='ltr'><strong>ite-</strong></span> 
     </span>
     <span class='ocr_line' id='line_1_32' title="bbox 91 2109 1664 2154; baseline -0.003 -8"><span class='ocrx_word' id='word_1_316' title='bbox 91 2123 166 2146; x_wconf 84' lang='lat' dir='ltr'><strong>rum</strong></span> <span class='ocrx_word' id='word_1_317' title='bbox 198 2112 231 2146; x_wconf 88' lang='lat' dir='ltr'><strong>ei</strong></span> <span class='ocrx_word' id='word_1_318' title='bbox 259 2112 494 2146; x_wconf 76' lang='lat' dir='ltr'><strong>reformantur.</strong></span> <span class='ocrx_word' id='word_1_319' title='bbox 543 2113 588 2146; x_wconf 84' lang='lat' dir='ltr'><strong>Et</strong></span> <span class='ocrx_word' id='word_1_320' title='bbox 617 2112 680 2146; x_wconf 89' lang='lat' dir='ltr'><strong>hoc</strong></span> <span class='ocrx_word' id='word_1_321' title='bbox 711 2118 956 2146; x_wconf 79' lang='lat' dir='ltr'><strong>sacramentum</strong></span> <span class='ocrx_word' id='word_1_322' title='bbox 988 2111 1084 2154; x_wconf 85' lang='lat' dir='ltr'><strong>quasi</strong></span> <span class='ocrx_word' id='word_1_323' title='bbox 1114 2110 1283 2154; x_wconf 85' lang='lat' dir='ltr'><strong>malagma</strong></span> <span class='ocrx_word' id='word_1_324' title='bbox 1314 2115 1349 2143; x_wconf 91' lang='lat' dir='ltr'><strong>et</strong></span> <span class='ocrx_word' id='word_1_325' title='bbox 1376 2109 1587 2153; x_wconf 80' lang='lat' dir='ltr'><strong>recuperatio</strong></span> <span class='ocrx_word' id='word_1_326' title='bbox 1612 2114 1664 2142; x_wconf 88' lang='lat' dir='ltr'><strong>est</strong></span> 
     </span>
     <span class='ocr_line' id='line_1_33' title="bbox 92 2166 1664 2216; baseline -0.003 -10"><span class='ocrx_word' id='word_1_327' title='bbox 92 2172 284 2207; x_wconf 76' lang='lat' dir='ltr'><strong>cadentium</strong></span> <span class='ocrx_word' id='word_1_328' title='bbox 312 2172 348 2206; x_wconf 88' lang='lat' dir='ltr'><strong>in</strong></span> <span class='ocrx_word' id='word_1_329' title='bbox 371 2183 487 2216; x_wconf 75' lang='lat' dir='ltr'><strong>pugna</strong></span> <span class='ocrx_word' id='word_1_330' title='bbox 512 2177 547 2205; x_wconf 86' lang='lat' dir='ltr'><strong>et</strong></span> <span class='ocrx_word' id='word_1_331' title='bbox 571 2171 832 2205; x_wconf 86' lang='lat' dir='ltr'><strong>vulneratorum.</strong></span> <span class='ocrx_word' id='word_1_332' title='bbox 929 2166 1095 2204; x_wconf 74' lang='lat' dir='ltr'><strong>¹·Sextu1n‘</strong></span> <span class='ocrx_word' id='word_1_333' title='bbox 1116 2175 1360 2204; x_wconf 83' lang='lat' dir='ltr'><strong>sacramentum</strong></span> <span class='ocrx_word' id='word_1_334' title='bbox 1386 2175 1438 2203; x_wconf 91' lang='lat' dir='ltr'><strong>est</strong></span> <span class='ocrx_word' id='word_1_335' title='bbox 1462 2169 1664 2212; x_wconf 82' lang='lat' dir='ltr'><strong>coniugium,</strong></span> 
     </span>
     <span class='ocr_line' id='line_1_34' title="bbox 92 2229 1662 2275; baseline -0.002 -10"><span class='ocrx_word' id='word_1_336' title='bbox 92 2230 129 2265; x_wconf 90' lang='lat' dir='ltr'><strong>id</strong></span> <span class='ocrx_word' id='word_1_337' title='bbox 152 2236 206 2265; x_wconf 87' lang='lat' dir='ltr'><strong>est</strong></span> <span class='ocrx_word' id='word_1_338' title='bbox 229 2231 350 2275; x_wconf 76' lang='lat' dir='ltr'><strong>copula</strong></span> <span class='ocrx_word' id='word_1_339' title='bbox 373 2232 636 2266; x_wconf 85' lang='lat' dir='ltr'><strong>matrimonialis.</strong></span> <span class='ocrx_word' id='word_1_340' title='bbox 685 2231 840 2274; x_wconf 78' lang='lat' dir='ltr'><strong>Quinque</strong></span> <span class='ocrx_word' id='word_1_341' title='bbox 866 2236 978 2264; x_wconf 85' lang='lat' dir='ltr'><strong>autem</strong></span> <span class='ocrx_word' id='word_1_342' title='bbox 1003 2230 1177 2274; x_wconf 89' lang='lat' dir='ltr'><strong>superiora</strong></span> <span class='ocrx_word' id='word_1_343' title='bbox 1201 2234 1412 2264; x_wconf 83' lang='lat' dir='ltr'><strong>sacramenta</strong></span> <span class='ocrx_word' id='word_1_344' title='bbox 1436 2229 1532 2272; x_wconf 87' lang='lat' dir='ltr'><strong>quasi</strong></span> <span class='ocrx_word' id='word_1_345' title='bbox 1556 2240 1662 2272; x_wconf 84' lang='lat' dir='ltr'><strong>gene-</strong></span> 
     </span>
     <span class='ocr_line' id='line_1_35' title="bbox 92 2288 1666 2333; baseline -0.003 -8"><span class='ocrx_word' id='word_1_346' title='bbox 92 2290 178 2325; x_wconf 81' lang='lat' dir='ltr'><strong>ralia</strong></span> <span class='ocrx_word' id='word_1_347' title='bbox 201 2295 280 2325; x_wconf 83' lang='lat' dir='ltr'><strong>sunt</strong></span> <span class='ocrx_word' id='word_1_348' title='bbox 302 2296 337 2324; x_wconf 87' lang='lat' dir='ltr'><strong>et</strong></span> <span class='ocrx_word' id='word_1_349' title='bbox 361 2291 452 2325; x_wconf 90' lang='lat' dir='ltr'><strong>omni</strong></span> <span class='ocrx_word' id='word_1_350' title='bbox 475 2291 656 2325; x_wconf 84' lang='lat' dir='ltr'><strong>christiano</strong></span> <span class='ocrx_word' id='word_1_351' title='bbox 681 2290 883 2331; x_wconf 86' lang='lat' dir='ltr'><strong>necessaria,</strong></span> <span class='ocrx_word' id='word_1_352' title='bbox 909 2290 1000 2323; x_wconf 90' lang='lat' dir='ltr'><strong>istud</strong></span> <span class='ocrx_word' id='word_1_353' title='bbox 1025 2295 1137 2324; x_wconf 89' lang='lat' dir='ltr'><strong>autem</strong></span> <span class='ocrx_word' id='word_1_354' title='bbox 1162 2290 1258 2333; x_wconf 87' lang='lat' dir='ltr'><strong>quasi</strong></span> <span class='ocrx_word' id='word_1_355' title='bbox 1279 2288 1481 2333; x_wconf 87' lang='lat' dir='ltr'><strong>particulare</strong></span> <span class='ocrx_word' id='word_1_356' title='bbox 1498 2294 1561 2329; x_wconf 85' lang='lat' dir='ltr'><strong>est,</strong></span> <span class='ocrx_word' id='word_1_357' title='bbox 1587 2288 1666 2332; x_wconf 87' lang='lat' dir='ltr'><strong>quia</strong></span> 
     </span>
     <span class='ocr_line' id='line_1_36' title="bbox 92 2348 1666 2393; baseline -0.002 -9"><span class='ocrx_word' id='word_1_358' title='bbox 92 2361 162 2385; x_wconf 84' lang='lat' dir='ltr'><strong>non</strong></span> <span class='ocrx_word' id='word_1_359' title='bbox 194 2350 348 2384; x_wconf 86' lang='lat' dir='ltr'><strong>omuibus</strong></span> <span class='ocrx_word' id='word_1_360' title='bbox 371 2350 617 2392; x_wconf 87' lang='lat' dir='ltr'><strong>necessarium,</strong></span> <span class='ocrx_word' id='word_1_361' title='bbox 648 2351 709 2384; x_wconf 86' lang='lat' dir='ltr'><strong>sed</strong></span> <span class='ocrx_word' id='word_1_362' title='bbox 734 2350 783 2384; x_wconf 87' lang='lat' dir='ltr'><strong>eis</strong></span> <span class='ocrx_word' id='word_1_363' title='bbox 808 2356 955 2390; x_wconf 84' lang='lat' dir='ltr'><strong>tantum,</strong></span> <span class='ocrx_word' id='word_1_364' title='bbox 987 2350 1043 2393; x_wconf 89' lang='lat' dir='ltr'><strong>qui</strong></span> <span class='ocrx_word' id='word_1_365' title='bbox 1069 2361 1105 2383; x_wconf 87' lang='lat' dir='ltr'><strong>se</strong></span> <span class='ocrx_word' id='word_1_366' title='bbox 1130 2349 1302 2383; x_wconf 85' lang='lat' dir='ltr'><strong>continere</strong></span> <span class='ocrx_word' id='word_1_367' title='bbox 1327 2360 1394 2382; x_wconf 91' lang='lat' dir='ltr'><strong>non</strong></span> <span class='ocrx_word' id='word_1_368' title='bbox 1419 2354 1572 2392; x_wconf 88' lang='lat' dir='ltr'><strong>possunt.</strong></span> <span class='ocrx_word' id='word_1_369' title='bbox 1621 2348 1666 2381; x_wconf 89' lang='lat' dir='ltr'><strong>Et</strong></span> 
     </span>
     <span class='ocr_line' id='line_1_37' title="bbox 93 2407 1665 2454; baseline -0.003 -10"><span class='ocrx_word' id='word_1_370' title='bbox 93 2410 183 2444; x_wconf 79' lang='lat' dir='ltr'><strong>sicut</strong></span> <span class='ocrx_word' id='word_1_371' title='bbox 211 2410 257 2444; x_wconf 91' lang='lat' dir='ltr'><strong>ad</strong></span> <span class='ocrx_word' id='word_1_372' title='bbox 287 2410 463 2454; x_wconf 82' lang='lat' dir='ltr'><strong>superiora</strong></span> <span class='ocrx_word' id='word_1_373' title='bbox 493 2416 705 2444; x_wconf 85' lang='lat' dir='ltr'><strong>sacramenta</strong></span> <span class='ocrx_word' id='word_1_374' title='bbox 735 2421 852 2444; x_wconf 87' lang='lat' dir='ltr'><strong>omnes</strong></span> <span class='ocrx_word' id='word_1_375' title='bbox 882 2409 1035 2444; x_wconf 88' lang='lat' dir='ltr'><strong>homines</strong></span> <span class='ocrx_word' id='word_1_376' title='bbox 1060 2409 1217 2443; x_wconf 85' lang='lat' dir='ltr'><strong>trahendi</strong></span> <span class='ocrx_word' id='word_1_377' title='bbox 1242 2415 1320 2442; x_wconf 89' lang='lat' dir='ltr'><strong>sunt</strong></span> <span class='ocrx_word' id='word_1_378' title='bbox 1345 2414 1380 2442; x_wconf 90' lang='lat' dir='ltr'><strong>et</strong></span> <span class='ocrx_word' id='word_1_379' title='bbox 1403 2407 1587 2448; x_wconf 74' lang='lat' dir='ltr'><strong>invitandi,</strong></span> <span class='ocrx_word' id='word_1_380' title='bbox 1618 2407 1665 2441; x_wconf 87' lang='lat' dir='ltr'><strong>ita</strong></span> 
     </span>
     <span class='ocr_line' id='line_1_38' title="bbox 93 2468 1663 2512; baseline -0.003 -8"><span class='ocrx_word' id='word_1_381' title='bbox 93 2469 205 2504; x_wconf 77' lang='lat' dir='ltr'><strong>nullus</strong></span> <span class='ocrx_word' id='word_1_382' title='bbox 230 2469 276 2504; x_wconf 71' lang='lat' dir='ltr'><strong>ad</strong></span> <span class='ocrx_word' id='word_1_383' title='bbox 297 2469 363 2504; x_wconf 87' lang='lat' dir='ltr'><strong>hoc</strong></span> <span class='ocrx_word' id='word_1_384' title='bbox 386 2469 571 2504; x_wconf 85' lang='lat' dir='ltr'><strong>trahendus</strong></span> <span class='ocrx_word' id='word_1_385' title='bbox 595 2470 650 2504; x_wconf 82' lang='lat' dir='ltr'><strong>vel</strong></span> <span class='ocrx_word' id='word_1_386' title='bbox 673 2470 865 2504; x_wconf 82' lang='lat' dir='ltr'><strong>invitandus</strong></span> <span class='ocrx_word' id='word_1_387' title='bbox 891 2475 955 2510; x_wconf 86' lang='lat' dir='ltr'><strong>est,</strong></span> <span class='ocrx_word' id='word_1_388' title='bbox 980 2469 1045 2502; x_wconf 89' lang='lat' dir='ltr'><strong>nisi</strong></span> <span class='ocrx_word' id='word_1_389' title='bbox 1065 2469 1132 2512; x_wconf 89' lang='lat' dir='ltr'><strong>qui,</strong></span> <span class='ocrx_word' id='word_1_390' title='bbox 1158 2474 1196 2502; x_wconf 89' lang='lat' dir='ltr'><strong>ut</strong></span> <span class='ocrx_word' id='word_1_391' title='bbox 1212 2468 1338 2502; x_wconf 89' lang='lat' dir='ltr'><strong>dictum</strong></span> <span class='ocrx_word' id='word_1_392' title='bbox 1355 2473 1418 2508; x_wconf 85' lang='lat' dir='ltr'><strong>est,</strong></span> <span class='ocrx_word' id='word_1_393' title='bbox 1444 2479 1481 2501; x_wconf 88' lang='lat' dir='ltr'><strong>se</strong></span> <span class='ocrx_word' id='word_1_394' title='bbox 1497 2479 1564 2501; x_wconf 92' lang='lat' dir='ltr'><strong>non</strong></span> <span class='ocrx_word' id='word_1_395' title='bbox 1582 2478 1663 2501; x_wconf 90' lang='lat' dir='ltr'><strong>con-</strong></span> 
     </span>
     <span class='ocr_line' id='line_1_39' title="bbox 94 2527 1665 2572; baseline -0.002 -9"><span class='ocrx_word' id='word_1_396' title='bbox 94 2529 205 2563; x_wconf 85' lang='lat' dir='ltr'><strong>tinent</strong></span> <span class='ocrx_word' id='word_1_397' title='bbox 236 2529 298 2563; x_wconf 88' lang='lat' dir='ltr'><strong>sed</strong></span> <span class='ocrx_word' id='word_1_398' title='bbox 329 2540 416 2572; x_wconf 81' lang='lat' dir='ltr'><strong>vago</strong></span> <span class='ocrx_word' id='word_1_399' title='bbox 446 2534 481 2562; x_wconf 90' lang='lat' dir='ltr'><strong>et</strong></span> <span class='ocrx_word' id='word_1_400' title='bbox 504 2529 618 2563; x_wconf 89' lang='lat' dir='ltr'><strong>illicito</strong></span> <span class='ocrx_word' id='word_1_401' title='bbox 644 2529 821 2563; x_wconf 88' lang='lat' dir='ltr'><strong>concubitu</strong></span> <span class='ocrx_word' id='word_1_402' title='bbox 846 2540 921 2562; x_wconf 87' lang='lat' dir='ltr'><strong>sese</strong></span> <span class='ocrx_word' id='word_1_403' title='bbox 947 2528 1101 2572; x_wconf 90' lang='lat' dir='ltr'><strong>polluunt</strong></span> <span class='ocrx_word' id='word_1_404' title='bbox 1126 2534 1160 2561; x_wconf 87' lang='lat' dir='ltr'><strong>et</strong></span> <span class='ocrx_word' id='word_1_405' title='bbox 1184 2527 1438 2562; x_wconf 87' lang='lat' dir='ltr'><strong>commaculant.</strong></span> <span class='ocrx_word' id='word_1_406' title='bbox 1487 2527 1551 2560; x_wconf 84' lang='lat' dir='ltr'><strong>His</strong></span> <span class='ocrx_word' id='word_1_407' title='bbox 1577 2527 1665 2560; x_wconf 90' lang='lat' dir='ltr'><strong>enim</strong></span> 
     </span>
     <span class='ocr_line' id='line_1_40' title="bbox 95 2587 1665 2628; baseline -0.002 -6"><span class='ocrx_word' id='word_1_408' title='bbox 95 2588 307 2622; x_wconf 86' lang='lat' dir='ltr'><strong>suadendum</strong></span> <span class='ocrx_word' id='word_1_409' title='bbox 337 2594 408 2628; x_wconf 87' lang='lat' dir='ltr'><strong>est,</strong></span> <span class='ocrx_word' id='word_1_410' title='bbox 439 2594 476 2621; x_wconf 87' lang='lat' dir='ltr'><strong>ut</strong></span> <span class='ocrx_word' id='word_1_411' title='bbox 508 2588 691 2622; x_wconf 79' lang='lat' dir='ltr'><strong>infirmitati</strong></span> <span class='ocrx_word' id='word_1_412' title='bbox 724 2599 784 2622; x_wconf 91' lang='lat' dir='ltr'><strong>sue</strong></span> <span class='ocrx_word' id='word_1_413' title='bbox 814 2588 998 2622; x_wconf 86' lang='lat' dir='ltr'><strong>honestiori</strong></span> <span class='ocrx_word' id='word_1_414' title='bbox 1023 2587 1224 2621; x_wconf 84' lang='lat' dir='ltr'><strong>subveniant</strong></span> <span class='ocrx_word' id='word_1_415' title='bbox 1248 2587 1407 2621; x_wconf 87' lang='lat' dir='ltr'><strong>remedio.</strong></span> <span class='ocrx_word' id='word_1_416' title='bbox 1445 2587 1515 2620; x_wconf 88' lang='lat' dir='ltr'><strong>Vos</strong></span> <span class='ocrx_word' id='word_1_417' title='bbox 1541 2591 1665 2627; x_wconf 88' lang='lat' dir='ltr'><strong>autem,</strong></span> 
     </span>
     <span class='ocr_line' id='line_1_41' title="bbox 96 2646 1663 2692; baseline -0.002 -11"><span class='ocrx_word' id='word_1_418' title='bbox 96 2647 153 2692; x_wconf 86' lang='lat' dir='ltr'><strong>qui</strong></span> <span class='ocrx_word' id='word_1_419' title='bbox 176 2658 283 2691; x_wconf 83' lang='lat' dir='ltr'><strong>usque</strong></span> <span class='ocrx_word' id='word_1_420' title='bbox 307 2647 352 2681; x_wconf 85' lang='lat' dir='ltr'><strong>ad</strong></span> <span class='ocrx_word' id='word_1_421' title='bbox 375 2647 439 2681; x_wconf 87' lang='lat' dir='ltr'><strong>hec</strong></span> <span class='ocrx_word' id='word_1_422' title='bbox 453 2653 615 2691; x_wconf 64' lang='lat' dir='ltr'><strong>,tempora</strong></span> <span class='ocrx_word' id='word_1_423' title='bbox 640 2659 706 2681; x_wconf 91' lang='lat' dir='ltr'><strong>non</strong></span> <span class='ocrx_word' id='word_1_424' title='bbox 733 2647 905 2681; x_wconf 82' lang='lat' dir='ltr'><strong>christiani</strong></span> <span class='ocrx_word' id='word_1_425' title='bbox 930 2647 991 2681; x_wconf 88' lang='lat' dir='ltr'><strong>sed</strong></span> <span class='ocrx_word' id='word_1_426' title='bbox 1016 2647 1142 2690; x_wconf 81' lang='lat' dir='ltr'><strong>pagani</strong></span> <span class='ocrx_word' id='word_1_427' title='bbox 1166 2646 1287 2686; x_wconf 85' lang='lat' dir='ltr'><strong>fuistis,</strong></span> <span class='ocrx_word' id='word_1_428' title='bbox 1313 2651 1557 2680; x_wconf 87' lang='lat' dir='ltr'><strong>sacramentum</strong></span> <span class='ocrx_word' id='word_1_429' title='bbox 1582 2657 1663 2679; x_wconf 90' lang='lat' dir='ltr'><strong>con-</strong></span> 
     </span>
     <span class='ocr_line' id='line_1_42' title="bbox 96 2705 1666 2752; baseline -0.002 -11"><span class='ocrx_word' id='word_1_430' title='bbox 96 2707 179 2752; x_wconf 83' lang='lat' dir='ltr'><strong>iugii</strong></span> <span class='ocrx_word' id='word_1_431' title='bbox 201 2718 268 2742; x_wconf 91' lang='lat' dir='ltr'><strong>non</strong></span> <span class='ocrx_word' id='word_1_432' title='bbox 292 2707 456 2742; x_wconf 87' lang='lat' dir='ltr'><strong>habuistis</strong></span> <span class='ocrx_word' id='word_1_433' title='bbox 463 2719 474 2747; x_wconf 89' lang='lat'>;</span> <span class='ocrx_word' id='word_1_434' title='bbox 499 2707 577 2750; x_wconf 83' lang='lat' dir='ltr'><strong>quia</strong></span> <span class='ocrx_word' id='word_1_435' title='bbox 601 2707 703 2740; x_wconf 84' lang='lat' dir='ltr'><strong>fidem</strong></span> <span class='ocrx_word' id='word_1_436' title='bbox 725 2706 784 2739; x_wconf 91' lang='lat' dir='ltr'><strong>uni</strong></span> <span class='ocrx_word' id='word_1_437' title='bbox 799 2707 896 2740; x_wconf 91' lang='lat' dir='ltr'><strong>thoro</strong></span> <span class='ocrx_word' id='word_1_438' title='bbox 913 2718 980 2740; x_wconf 90' lang='lat' dir='ltr'><strong>non</strong></span> <span class='ocrx_word' id='word_1_439' title='bbox 998 2706 1168 2746; x_wconf 86' lang='lat' dir='ltr'><strong>servastis,</strong></span> <span class='ocrx_word' id='word_1_440' title='bbox 1194 2705 1267 2746; x_wconf 90' lang='lat' dir='ltr'><strong>sed,</strong></span> <span class='ocrx_word' id='word_1_441' title='bbox 1292 2705 1349 2748; x_wconf 90' lang='lat' dir='ltr'><strong>qui</strong></span> <span class='ocrx_word' id='word_1_442' title='bbox 1365 2705 1527 2746; x_wconf 86' lang='lat' dir='ltr'><strong>voluistis,</strong></span> <span class='ocrx_word' id='word_1_443' title='bbox 1552 2705 1666 2749; x_wconf 83' lang='lat' dir='ltr'><strong>plures</strong></span> 
     </span>
     <span class='ocr_line' id='line_1_43' title="bbox 96 2764 1666 2809; baseline -0.002 -9"><span class='ocrx_word' id='word_1_444' title='bbox 96 2766 260 2800; x_wconf 82' lang='lat' dir='ltr'><strong>habuistis</strong></span> <span class='ocrx_word' id='word_1_445' title='bbox 284 2778 417 2801; x_wconf 86' lang='lat' dir='ltr'><strong>uxores.</strong></span> <span class='ocrx_word' id='word_1_446' title='bbox 454 2766 553 2807; x_wconf 79' lang='lat' dir='ltr'><strong>Quod</strong></span> <span class='ocrx_word' id='word_1_447' title='bbox 578 2766 738 2809; x_wconf 85' lang='lat' dir='ltr'><strong>deinceps</strong></span> <span class='ocrx_word' id='word_1_448' title='bbox 763 2766 858 2799; x_wconf 86' lang='lat' dir='ltr'><strong>vobis</strong></span> <span class='ocrx_word' id='word_1_449' title='bbox 883 2777 950 2800; x_wconf 88' lang='lat' dir='ltr'><strong>non</strong></span> <span class='ocrx_word' id='word_1_450' title='bbox 974 2765 1099 2799; x_wconf 89' lang='lat' dir='ltr'><strong>licebit.</strong></span> <span class='ocrx_word' id='word_1_451' title='bbox 1136 2764 1206 2798; x_wconf 86' lang='lat' dir='ltr'><strong>Sed</strong></span> <span class='ocrx_word' id='word_1_452' title='bbox 1229 2776 1315 2798; x_wconf 88' lang='lat' dir='ltr'><strong>unus</strong></span> <span class='ocrx_word' id='word_1_453' title='bbox 1340 2764 1390 2798; x_wconf 88' lang='lat' dir='ltr'><strong>vir</strong></span> <span class='ocrx_word' id='word_1_454' title='bbox 1414 2777 1514 2798; x_wconf 88' lang='lat' dir='ltr'><strong>unam</strong></span> <span class='ocrx_word' id='word_1_455' title='bbox 1537 2770 1666 2798; x_wconf 80' lang='lat' dir='ltr'><strong>tantum</strong></span> 
     </span>
     <span class='ocr_line' id='line_1_44' title="bbox 97 2824 1666 2868; baseline -0.001 -9"><span class='ocrx_word' id='word_1_456' title='bbox 97 2825 224 2859; x_wconf 83' lang='lat' dir='ltr'><strong>habere</strong></span> <span class='ocrx_word' id='word_1_457' title='bbox 249 2825 351 2859; x_wconf 90' lang='lat' dir='ltr'><strong>debet</strong></span> <span class='ocrx_word' id='word_1_458' title='bbox 374 2836 529 2866; x_wconf 84' lang='lat' dir='ltr'><strong>uxorem,</strong></span> <span class='ocrx_word' id='word_1_459' title='bbox 562 2832 596 2859; x_wconf 87' lang='lat' dir='ltr'><strong>et</strong></span> <span class='ocrx_word' id='word_1_460' title='bbox 620 2837 688 2859; x_wconf 90' lang='lat' dir='ltr'><strong>una</strong></span> <span class='ocrx_word' id='word_1_461' title='bbox 711 2837 830 2864; x_wconf 83' lang='lat' dir='ltr'><strong>unum3</strong></span> <span class='ocrx_word' id='word_1_462' title='bbox 862 2825 952 2868; x_wconf 91' lang='lat' dir='ltr'><strong>quod</strong></span> <span class='ocrx_word' id='word_1_463' title='bbox 977 2824 1119 2868; x_wconf 82' lang='lat' dir='ltr'><strong>amplius</strong></span> <span class='ocrx_word' id='word_1_464' title='bbox 1144 2829 1215 2865; x_wconf 87' lang='lat' dir='ltr'><strong>est,</strong></span> <span class='ocrx_word' id='word_1_465' title='bbox 1240 2837 1261 2857; x_wconf 86' lang='lat' dir='ltr'><strong>a</strong></span> <span class='ocrx_word' id='word_1_466' title='bbox 1284 2824 1372 2858; x_wconf 84' lang='lat' dir='ltr'><strong>malo</strong></span> <span class='ocrx_word' id='word_1_467' title='bbox 1397 2827 1481 2859; x_wconf 81' lang='lat' dir='ltr'><strong>est1.</strong></span> <span class='ocrx_word' id='word_1_468' title='bbox 1531 2825 1567 2859; x_wconf 88' lang='lat' dir='ltr'><strong>Si</strong></span> <span class='ocrx_word' id='word_1_469' title='bbox 1593 2825 1666 2868; x_wconf 87' lang='lat' dir='ltr'><strong>quis</strong></span> 
     </span>
    </p>
   </div>
   <div class='ocr_carea' id='block_1_9' title="bbox 98 2889 1666 3037">
    <p class='ocr_par' dir='ltr' id='par_1_9' title="bbox 98 2889 1666 3037">
     <span class='ocr_line' id='line_1_45' title="bbox 192 2889 1666 2931; baseline -0.001 -9"><span class='ocrx_word' id='word_1_470' title='bbox 192 2900 221 2922; x_wconf 76' lang='lat' dir='ltr'><strong>a.</strong></span> <span class='ocrx_word' id='word_1_471' title='bbox 253 2890 362 2922; x_wconf 77' lang='lat' dir='ltr'><strong>lemma</strong></span> <span class='ocrx_word' id='word_1_472' title='bbox 383 2890 417 2922; x_wconf 81' lang='lat' dir='ltr'><strong>in</strong></span> <span class='ocrx_word' id='word_1_473' title='bbox 433 2891 479 2922; x_wconf 89' lang='lat' dir='ltr'><strong>N:</strong></span> <span class='ocrx_word' id='word_1_474' title='bbox 501 2891 547 2921; x_wconf 87' lang='lat' dir='ltr'><strong>De</strong></span> <span class='ocrx_word' id='word_1_475' title='bbox 562 2892 680 2931; x_wconf 83' lang='lat' dir='ltr'><strong>septem</strong></span> <span class='ocrx_word' id='word_1_476' title='bbox 699 2891 906 2927; x_wconf 82' lang='lat' dir='ltr'><strong>sacramentis,</strong></span> <span class='ocrx_word' id='word_1_477' title='bbox 927 2891 1067 2930; x_wconf 84' lang='lat' dir='ltr'><strong>primum.</strong></span> <span class='ocrx_word' id='word_1_478' title='bbox 1170 2889 1201 2920; x_wconf 91' lang='lat' dir='ltr'><strong>b.</strong></span> <span class='ocrx_word' id='word_1_479' title='bbox 1234 2890 1343 2921; x_wconf 79' lang='lat' dir='ltr'><strong>lemma</strong></span> <span class='ocrx_word' id='word_1_480' title='bbox 1364 2890 1398 2921; x_wconf 81' lang='lat' dir='ltr'><strong>in</strong></span> <span class='ocrx_word' id='word_1_481' title='bbox 1413 2891 1461 2921; x_wconf 85' lang='lat' dir='ltr'><strong>N:</strong></span> <span class='ocrx_word' id='word_1_482' title='bbox 1483 2890 1666 2922; x_wconf 87' lang='lat' dir='ltr'><strong>Secundum.</strong></span> 
     </span>
     <span class='ocr_line' id='line_1_46' title="bbox 99 2943 1666 2984; baseline -0.001 -9"><span class='ocrx_word' id='word_1_483' title='bbox 99 2952 126 2975; x_wconf 83' lang='lat' dir='ltr'><strong>c.</strong></span> <span class='ocrx_word' id='word_1_484' title='bbox 153 2943 303 2975; x_wconf 82' lang='lat' dir='ltr'><strong>Tercimn.</strong></span> <span class='ocrx_word' id='word_1_485' title='bbox 408 2945 437 2975; x_wconf 90' lang='lat' dir='ltr'><strong>d.</strong></span> <span class='ocrx_word' id='word_1_486' title='bbox 471 2944 598 2975; x_wconf 73' lang='lat' dir='ltr'><strong>lemma:</strong></span> <span class='ocrx_word' id='word_1_487' title='bbox 620 2944 766 2981; x_wconf 77' lang='lat' dir='ltr'><strong>Quartum</strong></span> <span class='ocrx_word' id='word_1_488' title='bbox 782 2944 822 2974; x_wconf 89' lang='lat' dir='ltr'><strong>N.</strong></span> <span class='ocrx_word' id='word_1_489' title='bbox 927 2954 954 2974; x_wconf 86' lang='lat' dir='ltr'><strong>e.</strong></span> <span class='ocrx_word' id='word_1_490' title='bbox 982 2953 1039 2974; x_wconf 86' lang='lat' dir='ltr'><strong>om.</strong></span> <span class='ocrx_word' id='word_1_491' title='bbox 1052 2943 1131 2979; x_wconf 77' lang='grc' dir='ltr'><strong>ΝΒ;</strong></span> <span class='ocrx_word' id='word_1_492' title='bbox 1150 2943 1256 2984; x_wconf 78' lang='lat' dir='ltr'><strong>recepi</strong></span> <span class='ocrx_word' id='word_1_493' title='bbox 1276 2953 1314 2975; x_wconf 75' lang='lat' dir='ltr'><strong>ea:</strong></span> <span class='ocrx_word' id='word_1_494' title='bbox 1329 2944 1369 2974; x_wconf 80' lang='lat' dir='ltr'><strong>R.</strong></span> <span class='ocrx_word' id='word_1_495' title='bbox 1462 2944 1484 2975; x_wconf 83' lang='lat' dir='ltr'><strong>f.</strong></span> <span class='ocrx_word' id='word_1_496' title='bbox 1517 2954 1573 2974; x_wconf 89' lang='lat' dir='ltr'><strong>om.</strong></span> <span class='ocrx_word' id='word_1_497' title='bbox 1586 2944 1666 2979; x_wconf 89' lang='grc' dir='ltr'><strong>ΝΒ;</strong></span> 
     </span>
     <span class='ocr_line' id='line_1_47' title="bbox 98 2995 1380 3037; baseline -0.001 -9"><span class='ocrx_word' id='word_1_498' title='bbox 98 2997 203 3037; x_wconf 77' lang='lat' dir='ltr'><strong>recepi</strong></span> <span class='ocrx_word' id='word_1_499' title='bbox 223 3007 262 3028; x_wconf 67' lang='grc' dir='ltr'><strong>επ</strong></span> <span class='ocrx_word' id='word_1_500' title='bbox 284 2997 323 3027; x_wconf 79' lang='lat' dir='ltr'><strong>R.</strong></span> <span class='ocrx_word' id='word_1_501' title='bbox 449 3006 477 3035; x_wconf 87' lang='lat' dir='ltr'><strong>g.</strong></span> <span class='ocrx_word' id='word_1_502' title='bbox 510 2997 636 3028; x_wconf 83' lang='lat' dir='ltr'><strong>lemma.-</strong></span> <span class='ocrx_word' id='word_1_503' title='bbox 659 2997 802 3034; x_wconf 86' lang='lat' dir='ltr'><strong>Quintum</strong></span> <span class='ocrx_word' id='word_1_504' title='bbox 818 2997 858 3027; x_wconf 91' lang='lat' dir='ltr'><strong>N.</strong></span> <span class='ocrx_word' id='word_1_505' title='bbox 984 2996 1014 3026; x_wconf 86' lang='lat' dir='ltr'><strong>h.</strong></span> <span class='ocrx_word' id='word_1_506' title='bbox 1048 2995 1172 3027; x_wconf 82' lang='lat' dir='ltr'><strong>lemma.-</strong></span> <span class='ocrx_word' id='word_1_507' title='bbox 1195 2997 1319 3027; x_wconf 81' lang='lat' dir='ltr'><strong>Sextum</strong></span> <span class='ocrx_word' id='word_1_508' title='bbox 1342 2997 1380 3027; x_wconf 89' lang='lat' dir='ltr'><strong>N.</strong></span> 
     </span>
    </p>
   </div>
   <div class='ocr_carea' id='block_1_10' title="bbox 196 3047 597 3095">
    <p class='ocr_par' dir='ltr' id='par_1_10' title="bbox 196 3047 597 3095">
     <span class='ocr_line' id='line_1_48' title="bbox 196 3047 597 3095; baseline -0.002 -10"><span class='ocrx_word' id='word_1_509' title='bbox 196 3050 229 3085; x_wconf 93' lang='lat'><strong>1.</strong></span> <span class='ocrx_word' id='word_1_510' title='bbox 254 3047 310 3086; x_wconf 81' lang='lat' dir='ltr'><strong>ef.</strong></span> <span class='ocrx_word' id='word_1_511' title='bbox 334 3048 462 3085; x_wconf 74' lang='lat' dir='ltr'><strong>Matth.</strong></span> <span class='ocrx_word' id='word_1_512' title='bbox 479 3049 513 3095; x_wconf 88' lang='lat'><strong>5,</strong></span> <span class='ocrx_word' id='word_1_513' title='bbox 538 3049 597 3084; x_wconf 82' lang='lat'><strong>37.</strong></span> 
     </span>
    </p>
   </div>
   <div class='ocr_carea' id='block_1_11' title="bbox 75 376 1775 426">
    <p class='ocr_par' dir='ltr' id='par_1_11' title="bbox 75 376 1775 426">
     <span class='ocr_line' id='line_1_49' title="bbox 75 376 1775 426; baseline -0.005 -6"><span class='ocrx_word' id='word_1_514' title='bbox 75 377 228 420; x_wconf 37' lang='lat' dir='ltr'><strong>*m</strong></span> <span class='ocrx_word' id='word_1_515' title='bbox 322 381 493 417; x_wconf 81' lang='lat' dir='ltr'><strong>·Primum</strong></span> <span class='ocrx_word' id='word_1_516' title='bbox 517 392 598 426; x_wconf 84' lang='lat' dir='ltr'><strong>ergo</strong></span> <span class='ocrx_word' id='word_1_517' title='bbox 623 384 869 415; x_wconf 81' lang='lat' dir='ltr'><strong>sacramentum</strong></span> <span class='ocrx_word' id='word_1_518' title='bbox 893 385 957 422; x_wconf 88' lang='lat' dir='ltr'><strong>est,</strong></span> <span class='ocrx_word' id='word_1_519' title='bbox 982 391 1048 424; x_wconf 86' lang='lat' dir='ltr'><strong>quo</strong></span> <span class='ocrx_word' id='word_1_520' title='bbox 1073 379 1139 413; x_wconf 86' lang='lat' dir='ltr'><strong>iam</strong></span> <span class='ocrx_word' id='word_1_521' title='bbox 1161 379 1281 413; x_wconf 89' lang='lat' dir='ltr'><strong>imbuti</strong></span> <span class='ocrx_word' id='word_1_522' title='bbox 1305 380 1397 420; x_wconf 83' lang='lat' dir='ltr'><strong>estis,</strong></span> <span class='ocrx_word' id='word_1_523' title='bbox 1424 384 1656 413; x_wconf 83' lang='lat' dir='ltr'><strong>sacrosanctus</strong></span> <span class='ocrx_word' id='word_1_524' title='bbox 1683 376 1775 413; x_wconf 84' lang='lat'>1124</span> 
     </span>
    </p>
   </div>
   <div class='ocr_carea' id='block_1_12' title="bbox 1693 426 1758 457">
    <p class='ocr_par' dir='ltr' id='par_1_12' title="bbox 1693 426 1758 457">
     <span class='ocr_line' id='line_1_50' title="bbox 1693 426 1758 457; baseline 0 -1"><span class='ocrx_word' id='word_1_525' title='bbox 1693 426 1758 457; x_wconf 87' lang='lat' dir='ltr'><strong>lun.</strong></span> 
     </span>
    </p>
   </div>
  </div>
 </body>
</html>
