2028 3438
467 274 706 306 Hunnonm
737 273 978 304 nmnocns.
1029 274 1115 304 mn.
1138 275 1172 304 11
1203 273 1248 305 28
1557 261 1643 303 773

73 382 184 441 ultra
221 395 348 439 quam
380 382 465 425 dici
495 385 624 438 queat
652 380 806 436 gaudio
846 380 1036 438 perfusa,
1077 381 1242 424 cuidam
1277 381 1328 424 de
1361 381 1501 437 pueris
1533 381 1641 423 suis:
1670 390 1763 426 1124

80 445 196 505 Vade
222 459 364 516 inquit
392 462 550 504 nuncia
581 461 751 503 domino
782 473 871 502 meo
904 460 1119 516 episcopo,
1155 461 1255 516 quia
1287 461 1428 515 ipsum
1460 469 1496 502 et
1524 459 1642 513 filios

71 552 183 583 meos
211 539 353 597 videre
382 540 515 582 vatio.
562 537 670 581 Erat
700 536 810 580 enim
844 539 1039 580 matrona
1069 549 1220 591 magne
1248 535 1481 579 honestatis
1505 539 1547 579 et
1569 550 1642 592 po-

71 615 202 661 tentie
231 615 276 661 in
306 615 478 660 civitate
509 614 595 659 illa.
644 614 882 671 Episcopus
914 627 1035 670 ergo,
1072 614 1245 658 audiens
1278 612 1395 656 illam
1428 612 1640 667 advenire,

1 747 4 749 Α
70 692 203 739 demb
231 695 343 738 tecto
372 693 532 747 exiens,
564 692 607 735 in
640 691 844 747 graminis
875 692 1033 749 cespite
1065 691 1142 735 sub
1175 691 1271 734 divo
1303 690 1493 734 consedit
1523 704 1642 733 suos-

70 784 153 829 que
172 774 464 827 ·regeneratms,
498 770 633 814 adhuc
663 770 706 812 in
740 769 846 812 albis
882 769 1054 826 positos,
1086 768 1489 812 circumsedentibus
1521 767 1642 811 cleri-

70 849 152 905 cis,
193 848 247 894 ad
286 848 414 906 pedes
454 861 552 892 suos
591 846 823 891 collocavit.
869 846 961 891 'Sed
1002 846 1073 890 ubi
1109 850 1287 890 matrem
1321 846 1484 890 eminus
1518 845 1643 889 adve-

70 927 255 971 nientem
303 926 587 983 conspiciunt,
636 924 826 968 modeste
866 929 1164 980 consurgentes
1205 928 1247 968 et
1286 924 1483 981 episcopo
1524 923 1642 980 prius

69 1004 335 1060 inclinantes,
368 1004 480 1061 qued
512 1003 730 1047 advertere
763 1002 982 1059 pulchrum
1016 1003 1110 1057 fuit,
1143 1003 1263 1058 quasi
1295 1002 1430 1059 petita
1456 1001 1641 1055 licentia,

69 1082 237 1127 obviam
269 1083 308 1127 ei
328 1082 502 1126 vadunt.
549 1081 661 1133 Quos
682 1081 758 1124 illa
777 1081 945 1124 intuens
968 1080 1143 1135 albatos,
1176 1080 1467 1135 magnitudine
1498 1078 1643 1135 gaudii

69 1161 192 1218 quasi
229 1173 374 1205 amens
413 1163 456 1203 et
493 1159 685 1216 stupida,
726 1158 864 1202 soluta
902 1159 944 1202 in
980 1158 1197 1214 lacrimas,
1237 1158 1376 1202 subito
1408 1158 1453 1201 in
1485 1160 1642 1200 terram

69 1238 240 1282 corruit.
286 1237 484 1281 Accurrit
504 1237 741 1294 episcopuS,
774 1240 1000 1280 accurrunt
1020 1236 1175 1292 clerici,
1206 1236 1349 1279 levant
1379 1238 1524 1280 tenent
1545 1248 1642 1278 con-

69 1315 277 1370 solantnr3
318 1315 526 1373 putabant
557 1315 683 1370 enim,
722 1314 832 1370 quod
863 1315 1082 1358 nimietate
1114 1314 1269 1357 doloris
1302 1313 1534 1357 defecisset.
1584 1312 1643 1355 At

69 1393 164 1450 illa,
200 1396 450 1451 recuperato
489 1392 613 1437 flatu:
656 1394 866 1436 Benedico
904 1401 941 1436 te
971 1391 1109 1448 inquit
1139 1394 1306 1435 domine
1339 1392 1434 1434 Iesu
1466 1390 1638 1444 Christe,

69 1474 200 1516 tocius
231 1474 325 1530 spei
353 1480 391 1515 et
420 1471 718 1514 consolationis
750 1479 910 1523 auctor,
951 1472 1064 1527 quod
1089 1471 1207 1525 filios
1239 1485 1350 1512 meos
1381 1471 1464 1512 tuis
1495 1485 1640 1511 sacra-

69 1551 216 1593 mentis
243 1550 412 1594 >inbutos
443 1558 590 1606 tueque
607 1550 716 1603 fidei
736 1551 906 1591 veritate
927 1550 1088 1605 aspicio
1110 1548 1355 1590 illustratos.
1398 1547 1494 1591 Scis
1515 1549 1639 1599 enim,

67 1629 236 1672 domine
268 1623 370 1670 Iesu'
384 1626 556 1680 Christe,
591 1629 705 1683 quod
735 1628 808 1669 lios
832 1650 883 1656 -—
909 1630 1140 1681 tenensque
1172 1625 1361 1668 osculata
1393 1627 1457 1668 est
1488 1637 1641 1680 pueros

67 1709 121 1750 et—
141 1704 384 1763 amplexata
405 1729 460 1734 —
482 1707 528 1748 in
559 1714 713 1747 secreto
741 1707 922 1762 pectoris
953 1706 1037 1746 mei
1066 1713 1132 1747 tue
1163 1705 1426 1746 miserationi
1454 1704 1542 1745 iam
1564 1717 1642 1759 per

67 1784 219 1828 multoe
241 1798 374 1827 annos
405 1784 694 1826 commendare
723 1797 809 1824 non
831 1784 1000 1835 cessavi,
1034 1791 1190 1839 petens,
1224 1790 1271 1824 ut
1291 1781 1367 1824 hoc
1389 1783 1446 1823 eis
1467 1780 1639 1836 faceres

69 1863 186 1920 quod
201 1861 363 1918 fecisti.
410 1859 574 1903 Deinde
606 1859 660 1903 ad
691 1860 956 1916 episcopum:
990 1860 1242 1902 Benedictus
1273 1858 1412 1914 inquit
1442 1859 1638 1901 introitus

69 1948 164 1983 tuus
194 1941 241 1982 in
271 1939 382 1982 hano
411 1940 630 1991 civitatem,
665 1939 831 1980 dominc
863 1946 901 1979 et
928 1946 1051 1993 pater
1082 1938 1410 1980 reverentissime
1419 1952 1433 1987 ‚·
1464 1936 1641 1978 multum

71 2019 183 2061 enim
216 2017 424 2075 populum
463 2024 535 2059 tua
567 2017 884 2073 perseverantia
916 2015 1105 2057 Domino
1145 2015 1212 2056 hic
1251 2014 1371 2056 habet
1408 2015 1637 2070 acquirere.

69 2095 171 2139 Non
202 2104 240 2138 te
274 2095 423 2138 dilatio
452 2094 625 2150 fatiqet.
682 2093 750 2135 En
784 2107 856 2148 eqo
889 2095 1006 2149 ipsa,
1050 2107 1129 2149 que
1161 2106 1302 2134 coram
1333 2100 1371 2133 te
1402 2099 1513 2143 asto,
1554 2090 1642 2132 Dei

70 2174 361 2230 omipotentis
399 2172 612 2214 adiutorio
660 2180 697 2213 et
741 2173 805 2213 tui
843 2179 967 2227 pater
1005 2172 1193 2212 animata
1241 2170 1454 2225 presentia
1491 2169 1564 2210 sed
1603 2176 1639 2210 et

67 2253 291 2308 piqnerum
315 2264 502 2292 meorum
520 2249 642 2304 freta
669 2249 870 2301 subsidio,
904 2247 1179 2290 christianam
1199 2261 1263 2288 me
1285 2246 1491 2301 confiteor,
1526 2246 1641 2301 quod

58 2329 266 2372 'hactenus
285 2342 371 2371 non
392 2327 609 2370 audebam.
659 2324 776 2368 Sicut
799 2324 908 2367 enim
933 2326 1166 2381 protestata
1197 2326 1273 2378 est,
1304 2322 1348 2365 in
1371 2322 1516 2365 diebus
1539 2321 1639 2365 ado-

68 2405 268 2450 lescentie
306 2418 381 2448 sue
419 2404 470 2447 de
508 2407 623 2447 terra
661 2402 984 2446 christianorum
1035 2415 1110 2458 per
1146 2401 1339 2457 rapinam
1381 2398 1521 2442 ablata
1559 2399 1641 2443 fuit

70 2486 133 2539 et,
171 2495 264 2526 cnm
304 2485 415 2525 esset
454 2481 635 2536 ingenua
668 2483 709 2523 et
740 2479 952 2535 speciosa,
993 2478 1140 2532 gentili
1172 2477 1331 2521 homini
1364 2477 1515 2519 marito
1547 2489 1636 2532 suo,

69 2559 191 2603 diviti
230 2572 279 2602 ac
315 2558 553 2616 prepotenti
586 2557 696 2611 viro,
736 2555 932 2612 copulata
963 2559 1026 2598 est
1066 2559 1108 2598 et
1139 2555 1306 2598 eosdem
1341 2553 1448 2596 filios
1481 2567 1532 2597 ex
1564 2553 1636 2596 illo

69 2636 268 2694 suscepit.
316 2635 554 2693 Episcopus
586 2647 699 2688 erg0‚
732 2647 858 2689 super
889 2633 954 2675 his
987 2632 1181 2675 omnibus
1203 2631 1337 2675 Deum
1372 2630 1635 2685 benedicens,

69 2713 282 2758 confitenti
315 2717 358 2757 et
387 2712 611 2756 confidenti
644 2714 834 2754 matrone
856 2710 982 2753 verbo
1014 2709 1332 2752 confortationis
1360 2707 1484 2752 fidem
1518 2708 1637 2751 auxit

69 2795 114 2835 et
142 2790 358 2845 fiduciam3
400 2803 556 2845 sueque
585 2788 852 2832 liberalitatis
884 2800 966 2830 uon
999 2787 1240 2842 immemor,
1276 2787 1412 2842 griseo
1443 2785 1636 2842 pellicule

70 2868 292 2912 clamidem
324 2868 558 2925 preciosam
582 2866 619 2910 ei
641 2865 768 2909 dedit.
816 2864 873 2908 Et
897 2864 1043 2907 eadem
1075 2867 1245 2920 petente
1267 2867 1392 2920 atque
1413 2877 1507 2907 cum
1530 2862 1635 2905 fidu-

70 2946 136 2990 cia
166 2946 252 2990 iam
285 2943 624 2999 euangelizante,
665 2955 808 2986 omnes
847 2941 936 2985 eius
971 2941 1220 2985 domesticos
1257 2955 1366 2998 aqua
1403 2940 1531 2985 tinxit
1570 2953 1634 2983 re-

69 3022 363 3078 generationis⁸
411 3020 575 3065 Deinde
606 3020 731 3062 etiam
766 3032 910 3062 omnes
932 3019 1170 3062 convicinos
1202 3019 1290 3063 eius
1320 3022 1362 3062 et
1390 3017 1634 3071 familiares,
