2028 3438
482 258 732 292 amsa-omn
761 257 1137 293 nauesacnusns.
1184 256 1207 290 e
1539 246 1628 290 489

58 370 218 415 mnont:
240 366 745 413 ae÷1mensuratamerito
775 365 958 424 placent,
988 364 1191 410 fortitudo
1216 364 1350 409 nimia
1380 378 1474 410 cum
1506 379 1628 410 con·
1656 376 1747 412 1021

59 445 184 491 sili-e
205 444 594 503 eritztemperanda,
617 455 778 502 ³ne1-per
796 444 975 488 nimium
995 443 1180 499 rigorem
1203 442 1371 499 efficiat,
1400 443 1512 488 unde
1532 447 1631 500 post

57 522 645 580 nimici-betorepoeniteat.
683 522 931 567 Necessario
946 522 1077 578 igitur
1092 520 1312 565 consilium
1332 521 1479 577 quinto
1494 521 1630 577 gradu

59 600 334 656 connectitur,
356 600 469 657 quod
488 600 643 644 habere
665 608 750 644 uon
770 613 1009 657 possumus,
1029 598 1113 642 nisi
1134 597 1367 654 legitimum
1391 599 1529 643 virum
1550 598 1630 643 hoc

59 677 474 723 emittebleetum
495 677 760 733 advocemus,
790 691 914 734 quem
936 676 1052 721 Iesus
1074 677 1271 721 advocari
1291 675 1519 720 salubriter
1540 690 1628 720 am·

57 755 283 811 monebam
298 755 474 813 quando
500 755 702 811 fatigatus
733 763 786 800 ex
816 755 969 799 itinere
999 768 1131 812 supra
1157 754 1318 798 fontem
1349 754 1522 798 sedebat
1534 751 1556 798 ¹.

75 870 77 872 .
99 831 312 889 namneti,
343 833 416 890 qui
447 832 953 878 scrutantur-'testimonia
973 829 1099 876 eius'.
1142 831 1259 884 Quae
1280 835 1380 877 sunt
1399 831 1489 876 eius
1510 832 1630 876 testi-

58 910 202 965 monia
230 911 315 955 nisi
346 911 416 968 pia
445 911 624 966 itineris,
656 910 735 954 boc
765 913 831 954 est
858 910 1161 954 incarnationis
1191 910 1296 966 eius,
1327 909 1511 954 indicia?
1564 909 1631 954 De

59 988 314 1034 coelorenit
330 989 375 1033 in
395 992 576 1044 uterum,
609 988 660 1032 de
683 991 804 1032 utero
824 988 870 1032 in
896 1001 1088 1046 presepe,
1120 987 1172 1032 de
1192 988 1362 1045 presepi
1382 987 1428 1031 in
1449 1000 1634 1043 crucem,

58 1065 279 1115 deorum:
300 1066 347 1111 in
369 1066 667 1124 sepulchrum,
709 1066 761 1110 de
792 1065 1015 1123 sepulchro
1052 1065 1180 1114 rediit
1210 1066 1255 1110 in
1286 1065 1463 1110 caelum.
1514 1064 1631 1110 Haec

59 1147 160 1189 sunt
173 1143 295 1188 clara
323 1144 488 1189 itineris
520 1144 610 1188 eius
641 1144 812 1200 indicia,
843 1142 1177 1188 haec'mirificae
1207 1143 1379 1201 pietatis
1401 1143 1490 1188 eius
1512 1143 1630 1188 testi-

58 1222 221 1277 monim
253 1221 393 1279 beati,
412 1222 485 1279 qui
516 1225 760 1267 scrutantur
791 1224 845 1266 et‘
863 1222 1045 1277 diligunt
1064 1220 1152 1265 illa.
1198 1221 1453 1266 Huiusmodi
1477 1221 1631 1266 itinere

58 1313 162 1344 vera
178 1299 400 1358 sapientia
419 1299 614 1345 Christus
643 1300 845 1356 fatigatus
876 1299 981 1344 hora
1012 1302 1135 1344 sexta
1164 1313 1292 1357 supra
1322 1299 1483 1344 fontem
1511 1299 1631 1344 sede-

58 1374 170 1434 δύ’,-
201 1377 370 1435 quando
400 1377 570 1422 mulieri
590 1378 728 1422 virum
759 1377 915 1422 habere
945 1377 1119 1433 neganti
1150 1377 1334 1422 dicebat:
1366 1379 1495 1432 Vade,
1527 1393 1632 1422 voca

57 1452 379 1511 virumzmm2
412 1455 575 1500 scilicet
602 1455 876 1501 intellectum.
925 1454 1046 1511 Quia,
1081 1468 1208 1512 quam
1239 1456 1312 1500 diu
1336 1469 1484 1500 sensus
1509 1456 1630 1512 quin-

58 1531 161 1590 qm?
177 1533 372 1591 corporei
396 1533 640 1579 adulterino
671 1538 772 1578 sunt
800 1534 955 1578 erroris
978 1533 1214 1577 dominatui
1236 1533 1408 1590 subditi,
1439 1547 1525 1578 nou
1554 1534 1631 1578 ha-

58 1610 130 1657 bet
158 1619 280 1667 mens
306 1611 605 1657 discretionem
637 1612 734 1657 boni
767 1625 816 1656 ac
845 1612 968 1666 mali;
1010 1625 1138 1669 quam
1168 1611 1297 1656 habet
1327 1612 1503 1668 quisque
1533 1625 1630 1670 per-

57 1688 222 1746 fectus,
251 1689 324 1746 qui
350 1690 476 1746 quasi
505 1689 611 1734 hora
640 1694 763 1735 sexta
791 1690 1068 1736 intellectuali
1104 1690 1264 1734 lumine
1294 1689 1344 1734 fit
1378 1689 1628 1734 illustratus.

60 1765 276 1823 SenariuS,
306 1767 588 1812 determinata
618 1768 909 1813 calculationis
940 1769 1191 1826 quantitate,
1224 1768 1387 1826 primus
1417 1768 1631 1826 perfectus

59 1849 125 1890 est
153 1859 355 1890 numerus
388 1849 484 1890 actu
515 1848 558 1890 et
587 1859 736 1904 opere3
767 1847 861 1891 ideo
892 1847 937 1890 in
969 1861 1043 1891 sex
1066 1847 1213 1891 diebus
1245 1849 1390 1892 creata
1417 1849 1518 1890 sunt
1540 1860 1631 1890 om-

58 1923 386 1980 nigzseougruae
408 1924 706 1981 dispositionis
737 1925 1003 1970 ordinatione
1034 1928 1220 1983 peracta.
1275 1924 1470 1980 Congruo
1500 1924 1631 1981 igitur

59 2001 344 2046 miserationis
366 2002 420 2046 {in
450 2005 663 2059 tempore,
702 2002 803 2046 dum
835 2003 989 2060 dicitur
1020 2003 1200 2047 erranti:
1241 2004 1295 2046 In
1325 2018 1467 2047 errore
1496 2004 1629 2048 nolito

57 2082 305 2138 persistes&
342 2081 468 2134 vade,
509 2088 613 2124 ‘voca
643 2083 783 2125 virum
813 2090 951 2136 tuum»,
991 2081 1112 2138 quasi
1150 2081 1255 2125 hora
1293 2084 1416 2126 sexta
1454 2081 1630 2126 caelitus

58 2156 361 2214 intellectuale<
382 2157 525 2203 lumen
565 2157 822 2214 ostenditur,
861 2171 938 2216 per
976 2159 1088 2216 quod
1128 2159 1181 2204 ad
1220 2159 1491 2217 perfectionis
1527 2159 1630 2205 litus

60 2235 216 2280 beatus*
230 2235 416 2292 'quisque
445 2236 668 2293 pervenire
698 2235 940 2280 merebitur.

177 2313 402 2358 Beatitudo
437 2314 707 2371 consequitur
745 2314 1068 2372 perfectionem,
1107 2327 1215 2371 quae
1254 2313 1303 2358 fit
1339 2328 1417 2373 per
1453 2315 1630 2360 intimae

58 2391 362 2448 recognitionis
388 2391 715 2436 intellectualem
747 2391 1088 2448 illustrationem,
1118 2406 1196 2450 per
1227 2406 1354 2449 quam
1385 2393 1629 2438 debebimus

60 2468 243 2525 effugere
261 2472 455 2514 mortem.
566 2469 794 2514 Enimvero
815 2484 892 2527 per
920 2470 1105 2527 quinque
1126 2481 1274 2515 sensus
1298 2471 1488 2529 corporis
1509 2473 1631 2528 quasi

59 2561 137 2605 per
155 2547 360 2606 quasdam
390 2547 539 2592 ianuas
571 2561 684 2592 mors
716 2551 790 2592 aut
811 2549 900 2592 vita
930 2548 984 2592 ad
1005 2549 1169 2593 animas
1190 2551 1356 2593 nostras
1378 2549 1628 2605 ingreditur.

59 2624 266 2682 Quicquid
297 2625 410 2669 enim
439 2625 666 2683 pulcrescit
695 2626 804 2683 visu,
844 2626 1043 2683 quicquid
1073 2626 1289 2670 blanditur·
1319 2627 1480 2684 auditu,
1513 2628 1630 2685 quic-

60 2702 160 2760 quid
191 2702 374 2747 dslectat
402 2702 573 2760 olfactu,
606 2703 805 2760 quicquid
835 2704 1043 2748 mollescit
1072 2704 1258 2760 adtactu,
1289 2705 1439 2750 incitat
1459 2719 1628 2751 carnem

61 2781 262 2825 adversus
292 2781 503 2838 spiritum.
551 2781 733 2839 Ideoque
763 2782 1059 2827 intellectualis
1089 2782 1380 2840 providentiae
1412 2783 1536 2828 debet
1556 2784 1630 2828 ad-

60 2862 154 2903 esse
182 2858 292 2903 forte
307 2859 563 2915 subsidium,
594 2873 648 2904 ne
668 2860 807 2904 carnis
829 2861 1048 2905 mortifera
1078 2861 1352 2906 incitamenta
1382 2862 1631 2920 prevaleant

156 2963 291 3000 1..10h.
309 2964 344 3010 4,
370 2966 403 3001 6.
423 2965 480 3001 16.
499 2965 556 3001 18.
677 2966 712 3002 2.
737 2966 798 3002 Ps.
817 2967 899 3012 118,
924 2967 958 3002 2.
1073 2966 1108 3002 3.
1132 2965 1210 3003 Iob.
1226 2966 1262 3013 4,
1288 2968 1322 3004 6.
1435 2968 1471 3005 4.
1496 2967 1573 3006 Ich.
1591 2968 1626 3015 4,

61 3023 119 3060 16.
137 3023 196 3060 17.
316 3023 350 3060 5.
375 3023 453 3060 Ich.
469 3023 504 3071 4,
524 3024 590 3061 18:
618 3025 800 3072 „quinque
824 3025 922 3063 enim
945 3024 1046 3063 viros
1069 3024 1265 3064 habuisti&
