2028 3438
629 268 851 301 nmmum
881 267 1050 300 connx.
1099 265 1146 299 32
1616 252 1671 296 61

145 371 173 403 '⁵
219 377 378 434 Porr0,
399 376 528 421 sicut·
558 377 602 420 in
635 375 840 434 proximis
871 388 975 431 quas
1008 373 1062 418 ad
1093 376 1281 417 sanctam
1315 372 1457 416 sedem
1487 375 1671 416 vestram

98 455 358 501 direximus*
388 451 544 499 litteris
557 451 580 511 ¹,
611 455 674 498 ita
703 466 815 498 nunc
846 465 1025 509 quoque¹
1041 451 1193 494 humili
1224 450 1466 507 supplicatu
1488 453 1674 493 vestram

99 533 378 592 deprecamur
416 530 705 577 sanctitatem:
744 535 792 579 ut
823 555 877 561 -—
911 530 1011 587 quia
1051 542 1206 573 corona
1244 528 1365 583 regni
1405 531 1447 571 et
1480 527 1675 571 diadema

99 607 280 657 Remani
303 611 489 669 imperii
525 611 570 655 in
609 623 738 654 manu
770 612 912 653 vestra
948 611 1014 652 est
1050 621 1128 665 per
1156 620 1329 650 manum
1361 605 1476 649 Petri
1510 629 1566 638 --
1597 603 1676 647 filii

98 689 232 735 vestri
265 689 431 734 domini
468 689 554 734 mei
590 687 803 733 Heinrici⁶
840 687 952 743 regis
992 699 1160 742 semper
1196 685 1242 727 in
1282 684 1391 728 bono
1430 683 1676 727 meminisse

100 767 351 823 dignemini3
385 770 440 822 et,
472 766 581 810 sicut
613 765 660 809 a‘¹
690 765 919 823 primitivis
941 766 1111 808 sanctae
1142 761 1483 806 intronizationis
1509 764 1676 804 vestrae

100 840 308 890 'chordiis'
338 844 555 903 primicias
585 843 707 899 regni
738 843 827 887 eius
859 841 995 886 adhuc
1026 840 1208 899 pueriles
1237 839 1412 884 consilio
1445 843 1487 883 et
1517 838 1675 882 auxilio

98 923 272 970 fovistis
297 925 341 967 et
369 922 608 977 enutristis,
649 922 709 965 ita
739 920 959 979 apostolici
990 919 1147 975 vigoris
1180 918 1424 962 constancia
1457 931 1590 973 usque
1623 917 1676 960 ad

100 999 301 1046 coronam
329 1000 500 1058 imperii
530 1013 625 1043 cum
657 1012 706 1043 co
737 998 988 1056 persistatis.

121 1091 139 1116 -1
162 1097 175 1106 ·=
215 1077 420 1123 'Preterea
437 1077 576 1122 'adhuc
597 1078 815 1134 antiquam
835 1079 1024 1120 nostram
1047 1088 1176 1132 super
1199 1074 1426 1118 rebellibus
1448 1073 1675 1129 Thuringis

100 1153 443 1214 conquestionem
465 1154 518 1200 ad
539 1156 738 1199 noticiam
762 1155 897 1199 almae
918 1154 1030 1198 sedis
1052 1153 1218 1197 'vestrae
1245 1153 1488 1207 referimus3
1522 1151 1676 1196 obnixe

99 1232 317 1291 rogantes:
347 1238 410 1290 ut,
433 1238 608 1279 armata
637 1247 766 1277 manu
797 1232 937 1289 gladio
961 1231 1144 1289 Spiritus
1175 1231 1325 1286 sancti,
1355 1244 1488 1287 usque
1518 1230 1570 1273 ad
1603 1243 1675 1274 ex-

99 1312 422 1372 pugnationem‘
452 1326 596 1357 eorum
627 1312 750 1356 nobis
779 1311 998 1355 dexteram
1028 1309 1175 1354 feratis
1207 1308 1367 1352 auxilii.
1478 1307 1675 1364 Suggeri-

99 1402 196 1435 mus
236 1381 406 1448 quoque
450 1391 665 1435 sanctitati
705 1393 866 1445 vestre,
912 1388 1023 1445 quod
1052 1387 1270 1445 synodum
1309 1400 1436 1444 super
1473 1386 1539 1430 his
1577 1390 1676 1444 post

99 1466 280 1527 pascha¹
311 1468 524 1513 celebrare
555 1468 830 1512 decrevimus.
879 1467 948 1511 Ad
970 1480 1096 1523 quam
1119 1466 1170 1509 de
1197 1465 1329 1509 latere
1350 1468 1491 1508 vestro
1512 1464 1675 1520 legatos

99 1546 222 1591 mitti·
243 1547 523 1606 postulamus,
555 1546 627 1603 qui
658 1546 908 1590 auctoritate
937 1547 1080 1588 vestra
1112 1547 1154 1587 et
1173 1544 1258 1600 ipsi
1285 1543 1444 1600 synodo
1465 1543 1674 1600 praesint3

101 1628 144 1669 et
171 1625 428 1682 benacum
459 1624 513 1669 de
543 1624 796 1679 Thuringis⁸
834 1624 1020 1679 agimus,
1053 1621 1251 1666 'canonice
1283 1621 1533 1677 terminent,
1567 1623 1610 1664 et
1640 1621 1677 1663 si

100 1714 192 1760 qua
213 1703 305 1747 alia«
328 1702 600 1759 corrigendah
632 1702 902 1746 occurrerint.
1008 1700 1130 1753 Quod
1166 1699 1203 1743 si
1241 1698 1333 1742 fieri
1370 1699 1540 1756 nequit,
1581 1698 1675 1742 aliis

99 1794 176 1825 vos
224 1781 525 1839 occupantibus
567 1780 775 1836 negociis,
826 1780 981 1824 saltimi
1029 1778 1234 1836 petimus:
1280 1777 1420 1834 ipsam
1467 1777 1676 1834 synodum

99 1862 289 1904 nostram
298 1859 328 1916 Κ,
347 1872 455 1917 quae
471 1860 616 1916 utique
632 1858 699 1903 et'K
716 1861 858 1902 vestra
873 1862 950 1914 est,
970 1856 1211 1915 apostolicis
1229 1855 1468 1899 sanctitatis
1484 1854 1676 1899 vestraek

98 1937 254 1982 litteris
273 1938 490 1993 roborari3
524 1951 630 1994 quae
652 1940 695 1981 et
713 1935 940 1980 rebellibus
963 1934 1189 1978 anathema
1210 1934 1465 1977 denuncient
1486 1937 1528 1977 et
1550 1947 1676 1990 quae—

100 2028 182 2072 que
211 2015 318 2060 inibi
348 2016 548 2060 canonice
578 2017 699 2071 gesta
729 2017 870 2058 vestra
901 2013 1152 2057 auctoritate
1183 2011 1444 2056 confirment.

220 2093 329 2147 Quia
359 2107 457 2138 vero
477 2094 666 2137 maxima
687 2105 877 2149 quaeque
898 2090 1207 2135 ecclesiasticae
1229 2089 1478 2147 disciplinae
1502 2090 1677 2145 negocia

101 2173 155 2218 ab
189 2173 303 2231 ipso'
338 2172 581 2230 praesulum
617 2172 775 2215 vertice
814 2169 968 2214 debent
1006 2169 1241 2213 examinari
1273 2191 1328 2198 ——
1368 2168 1487 2211 cuius
1527 2181 1579 2211 ex
1610 2168 1675 2211 in-

90 2251 245 2315 iuncta
290 2251 479 2294 omnium
527 2250 797 2294 ecclesiarum
846 2247 1128 2291 sollicitudine
1173 2245 1356 2303 speciale
1407 2246 1675 2303 privilegium

102 2332 186 2385 est,
220 2328 332 2385 quod
361 2341 438 2386 per
467 2342 545 2372 nos
574 2342 661 2372 non
692 2327 903 2385 possimus
935 2325 1165 2380 corrigere,
1197 2324 1250 2368 ab
1281 2325 1374 2381 ipso
1407 2323 1596 2379 corrigi'¹¹
1619 2347 1674 2353 —

103 2406 157 2451 ad
194 2406 477 2464 patrocinium
516 2406 718 2449 almitatis
759 2408 922 2448 vestrae
958 2403 1202 2457 referimuS,
1242 2401 1354 2458 quod
1395 2401 1522 2445 etiam
1561 2402 1675 2444 iam¹²

101 2484 267 2543 pridem
306 2484 359 2528 ad
398 2490 494 2527 vos⁰
526 2483 769 2541 pervenisse
800 2481 1091 2538 cognovimus,
1132 2480 1184 2523 de
1215 2479 1507 2524 crudelissima
1538 2483 1581 2523 et
1610 2479 1675 2522 in-

90 2563 248 2622 ‚audita
283 2575 386 2606 nece
424 2562 633 2617 designati
671 2559 992 2605 Treverensium
1031 2554 1254 2616 episcopi³.
1310 2557 1391 2610 Qui
1433 2557 1674 2602 christianis

196 2692 224 2713 a.
256 2683 335 2713 sicut
354 2698 385 2703 —
402 2682 587 2721 persistatis.
619 2681 762 2712 Preterea
783 2690 839 2711 om.
852 2679 890 2710 B.
982 2678 1012 2708 b.
1045 2677 1199 2709 direxistis
1228 2677 1263 2709 G.
1349 2687 1375 2708 c.
1408 2677 1446 2707 Η.
1470 2677 1559 2714 VZB,
1582 2676 1675 2707 Hein-

102 2735 160 2767 rici
179 2734 215 2766 G.
300 2734 330 2766 d.
358 2745 376 2766 a
392 2751 423 2757 -
439 2736 560 2766 sanctae
582 2745 638 2765 om.
654 2733 688 2764 G.
774 2743 800 2764 e.
830 2731 1028 2763 exortationis
1050 2731 1183 2762 exordiis
1200 2729 1237 2761 G.
1320 2730 1342 2761 f.
1372 2730 1620 2771 expurgationem
1637 2730 1675 2760 Β.

103 2798 131 2828 g.
163 2788 304 2827 Turingis
332 2788 368 2820 G.
483 2788 515 2819 h.
550 2798 606 2820 om.
625 2787 660 2819 G.
777 2787 799 2817 i.
832 2786 940 2816 saltem
958 2785 989 2816 V.
1105 2784 1136 2815 k.
1169 2786 1300 2816 vestram
1329 2784 1363 2814 G.
1491 2784 1512 2814 l.
1543 2784 1613 2823 ipsa
1640 2783 1675 2813 G.

103 2851 143 2873 m.
174 2851 238 2873 non
257 2851 420 2882 possumus
442 2842 592 2881 corrigere
610 2841 708 2878 VZB‚·
734 2849 796 2871 non
824 2839 995 2879 possimus,
1023 2838 1060 2869 ab
1089 2838 1157 2878 ipso
1186 2838 1297 2876 corrigi
1325 2837 1359 2868 G.
1487 2847 1516 2868 n.
1550 2839 1612 2868 tam
1641 2835 1676 2867 G.

104 2904 133 2926 ο.
166 2895 205 2927 ad
225 2904 280 2926 vos
302 2905 359 2928 om.
381 2895 416 2927 G.

202 2978 234 3015 1.
260 2987 318 3023 ep.
335 2978 380 3013 31
407 2987 519 3023 supra
541 2989 577 3023 p.
596 2977 654 3013 59.
763 2977 797 3012 2.
823 2976 908 3021 post
933 2973 1029 3010 diem
1054 2973 1076 3009 8
1102 2971 1190 3019 Apr.
1211 2974 1315 3009 1067.
1428 2974 1462 3009 3.
1489 2972 1675 3008 Guononis

104 3032 317 3083 (praepositi
343 3036 582 3081 Coloniensis)
609 3036 668 3071 die
696 3037 714 3071 1
740 3034 835 3070 Iunii
861 3035 952 3070 1066
978 3044 1000 3069 a
1024 3031 1313 3069 Treverensibus
1338 3030 1531 3068 interfecti.

1709 381 1801 417 1066
1827 390 1884 416 ex.

1694 448 1740 455 --
1752 429 1842 465 1067
1852 429 1900 464 in.

1703 2488 1795 2523 1066

1703 2538 1766 2567 Iun.
1782 2538 1797 2566 1
