2028 3438
380 276 467 319 370
890 288 1109 320 UDALRIGI
1139 288 1307 320 conux.
1355 286 1424 321 203

157 402 359 438 llll-1120
381 393 586 448 orbitam,
624 393 667 435 in
707 394 960 437 consortium
998 397 1187 437 nostrum
1223 395 1355 451 recipi
1387 394 1535 437 debeat
1571 396 1613 436 et
1649 392 1930 450 praebendam

379 469 489 512 inter
519 483 595 513 nos
627 470 816 526 accipiat.
929 469 1152 525 Veretum,
1185 471 1334 514 domne
1365 474 1505 527 pater,
1543 483 1596 514 ne
1626 469 1707 513 hoc
1735 468 1932 527 exemplo

379 546 654 602 plurimorum
687 547 817 589 animi
849 561 874 589 a
903 547 1040 601 rigore
1073 547 1285 603 professae
1324 547 1596 590 districtionis
1627 545 1791 603 possint
1818 546 1932 590 lube-¹

379 622 528 665 factari
561 627 685 678 atque
716 636 766 665 ex
798 623 875 666 hac
907 623 1122 669 occasione
1154 627 1195 666 et
1232 624 1496 680 temptatoris
1532 623 1698 667 insidiis
1728 622 1782 667 ad
1803 619 1934 683 ‘secu-—

379 698 498 753 laria,
516 699 664 754 quibus
685 700 1038 753 renuntiaverant,
1062 713 1179 755 spem
1202 700 1439 756 concipiant
1457 699 1671 744 redeundi.
1715 699 1772 743 Et
1785 700 1932 755 nostis,

382 775 480 830 quia
510 776 628 818 iuxta
658 776 847 819 veritatis
879 789 1042 818 vocem:
1084 777 1238 829 Nemo,
1276 779 1438 820 mittens
1469 792 1639 820 manum
1668 779 1716 820 in
1745 785 1934 821 arati-um

382 861 420 894 et
448 854 673 908 respiciens
703 862 828 905 retro,
863 861 985 909 aptus
1018 861 1075 895 est
1103 868 1231 909 reyno
1254 850 1372 896 Dei&
1419 853 1476 896 Et
1497 866 1674 908 magnus
1694 853 1780 897 Leo
1799 850 1932 911 papa}

385 928 586 984 Quisquis
617 929 753 984 inquit
775 931 831 971 ad
850 931 1111 986 peoefeetioris
1134 932 1242 972 vitae
1260 932 1524 986 propositum
1545 927 1773 990 accessere‘t,
1797 931 1940 994 redire
1962 945 1969 949 ·

382 1007 471 1047 sine
502 1020 660 1047 summo
686 1014 857 1062 peccato
889 1021 973 1047 non
1003 1009 1156 1062 poterit
1164 1023 1177 1056 ‚·
1210 1008 1399 1062 quamvis
1431 1009 1540 1049 enim
1559 1007 1738 1062 inferior
1760 1009 1846 1050 wita
1866 1009 1933 1050 in-

382 1097 532 1123 nocens
565 1097 648 1124 esse
675 1084 830 1138 possit,
870 1083 1080 1125 meliorem
1111 1092 1246 1125 tamen
1278 1084 1510 1126 electionem
1541 1086 1767 1127 deseruisse
1796 1092 1934 1127 trama

379 1160 538 1214 qressio
571 1167 638 1200 est.
689 1158 813 1200 Scitis
838 1159 977 1212 etiam,
1011 1159 1161 1201 domne
1193 1162 1325 1215 pater,
1358 1160 1480 1214 quod,
1513 1160 1702 1215 quamvis
1733 1159 1840 1203 sacri
1866 1172 1934 1203 ca-

381 1247 511 1276 nones
542 1234 871 1277 irrationabilem
904 1235 1148 1278 clericorum
1180 1236 1590 1290 transmigrationem
1619 1236 1788 1293 culpent
1817 1236 1936 1279 iuxta

382 1310 486 1352 illud
519 1310 768 1365 capitulum:
803 1313 1000 1354 Alienum
1023 1313 1215 1355 clericum
1245 1315 1334 1354 sine
1365 1314 1530 1355 licentia
1560 1315 1730 1370 proprii
1751 1311 1939 1370 episcopi

382 1388 522 1429 nullus
564 1389 771 1443 suscipere
806 1386 1086 1444 praesumat²,
1127 1392 1268 1431 tamen
1307 1402 1476 1431 causam
1514 1390 1772 1446 perfectioris
1810 1392 1936 1445 atque

382 1462 567 1505 melioris
588 1463 699 1506 vitae
730 1477 815 1506 non
846 1464 1092 1518 excludunt3
1125 1478 1218 1507 cum
1250 1466 1343 1521 ipsa
1364 1467 1532 1521 veritas,
1566 1466 1682 1509 cuius
1705 1467 1936 1510 sententiae

381 1540 544 1582 nullus⁸
566 1540 778 1596 praelatus
810 1541 1129 1596 superordinare
1160 1542 1405 1597 praesumit,
1438 1542 1489 1585 ad
1521 1543 1599 1585 hoc
1618 1556 1723 1598 opus
1742 1542 1936 1591 omnibus

382 1617 679 1673 perfectionem
720 1617 982 1673 cupientibus
1012 1617 1224 1660 licentiam
1261 1619 1512 1672 generaliter
1540 1619 1736 1673 annuat⁶‚
1774 1619 1936 1662 dicens:

385 1693 439 1737 Si
467 1696 529 1735 vis
565 1694 772 1750 peffeetus
805 1709 908 1746 esse,
949 1696 1092 1747 wolff,
1135 1697 1262 1737 vende
1302 1698 1464 1748 omnia,
1513 1711 1591 1752 que
1629 1695 1776 1739 hubes‘*¹
1807 1704 1846 1739 et
1881 1697 1937 1738 da

380 1771 653 1826 pauperibus,
688 1779 725 1812 et
754 1773 860 1822 veni,
895 1786 1062 1827 sequere
1089 1768 1186 1813 me3.
1235 1771 1351 1822 Quod
1372 1772 1514 1827 itaque
1537 1763 1741 1816 humanae
1761 1775 1936 1815 naturae

385 1846 436 1889 ab
467 1847 558 1902 ipso
591 1849 778 1889 creatore
809 1860 882 1888 suo
915 1847 966 1889 ab
999 1847 1117 1889 initio
1148 1848 1385 1890 institutum
1419 1852 1495 1901 est,
1530 1849 1688 1892 scilicet
1716 1851 1764 1892 ut
1793 1849 1837 1891 in
1868 1862 1937 1892 co·

384 1923 569 1976 gnitione
592 1923 656 1965 sui
679 1923 905 1965 conditoris
928 1923 1118 1979 proficiat
1139 1927 1180 1966 et
1199 1925 1422 1968 virtutibus
1445 1929 1605 1968 crescat
1624 1938 1789 1982 semper
1807 1925 1937 1968 fuisse

383 1999 558 2053 licitum,
581 1999 719 2041 nullus
742 1999 924 2052 dubitat3
958 2003 999 2042 et
1019 2014 1102 2042 non
1127 2000 1303 2043 multum
1328 2001 1476 2044 attinet
1495 2002 1616 2045 huius
1637 2003 1698 2046 rei
1718 2002 1934 2046 licenciam

386 2089 584 2135 querere,v
603 2081 728 2130 quam
748 2089 869 2118 nemo
897 2076 1165 2131 prudentium
1187 2077 1391 2131 denegare
1411 2082 1551 2134 potest
1571 2092 1736 2134 semper
1755 2078 1934 2122 licuisse.

385 2151 491 2194 Cum
524 2152 651 2206 igitur
689 2152 995 2207 praedictarum
1032 2152 1265 2195 litterarum
1305 2157 1489 2196 textum⁰
1521 2155 1813 2210 audissemus,
1839 2168 1936 2198 con-

385 2227 524 2282 fiteor,
565 2228 750 2282 domine,
792 2229 1013 2271 admodum
1054 2230 1195 2271 mirati
1226 2244 1389 2283 sumus3
1431 2235 1472 2273 et
1504 2245 1529 2273 a
1558 2231 1675 2274 vobis
1707 2230 1936 2275 destinatas

384 2305 533 2359 fuisse,
569 2295 652 2347 non
683 2305 805 2348 facile
836 2305 955 2347 nobis
987 2305 1228 2360 persuaderi
1259 2307 1408 2362 potuit.
1459 2307 1564 2357 Quia
1600 2310 1740 2351 tamen
1779 2308 1935 2351 eisdem

383 2380 536 2423 litteris
559 2381 860 2436 aliquantulum
888 2382 1076 2424 concussi
1098 2396 1253 2436 sumus,
1286 2396 1493 2437 rogamus,
1526 2384 1704 2439 domine,
1737 2398 1762 2427 a
1783 2385 1935 2427 sancti-

385 2460 471 2499 tate
494 2461 633 2499 vestra
663 2458 713 2500 de
745 2458 822 2500 hac
851 2472 897 2500 re
928 2458 1146 2500 certificari
1178 2462 1219 2501 et
1249 2459 1419 2513 dignum
1441 2459 1530 2502 Deo
1563 2464 1605 2503 et
1624 2464 1765 2504 vestra
1795 2465 1935 2504 aucto-

386 2534 509 2575 ritate
539 2535 787 2590 rescriptum
820 2534 1047 2590 percipere.
1163 2535 1226 2578 De
1258 2539 1393 2578 cetero
1425 2537 1721 2591 paternitatem
1751 2540 1936 2580 vestram

386 2609 458 2651 diu
487 2610 735 2653 incolomem
767 2610 971 2653 Dominus
1003 2624 1249 2654 conservare
1278 2611 1484 2666 dignetur.

479 2736 506 2755 a.
538 2736 624 2756 nemo
647 2728 684 2757 E.
870 2727 900 2756 b.
932 2728 1039 2757 unnuit
1060 2728 1097 2757 Ε.
1277 2738 1303 2758 c.
1335 2730 1366 2758 et
1386 2728 1457 2758 add.
1475 2729 1506 2759 V.
1682 2730 1712 2759 d.
1742 2730 1882 2769 possides
1904 2730 1935 2761 V.

387 2788 413 2807 e.
446 2779 556 2807 exitum
579 2779 616 2808 B.

481 2847 514 2881 1.
539 2847 626 2882 Luc.
647 2848 679 2891 9,
705 2848 761 2882 62.
857 2849 890 2883 2.
917 2846 971 2883 Cf.
990 2848 1191 2884 Burchardi
1215 2849 1363 2884 decr.11
1388 2859 1419 2884 c.
1435 2850 1494 2885 42.
1590 2851 1624 2886 3.
1649 2850 1775 2886 Matth.
1795 2851 1849 2897 19,
1875 2852 1932 2886 21.
