2028 3438
592 222 814 256 thmex
844 222 1015 255 connx,
1063 220 1120 255 79.
1138 221 1185 255 eo
1586 212 1668 256 161

101 336 116 371 ⁴.
272 328 515 385 Pontifices,
546 329 662 374 locus
694 332 820 387 atque
852 330 940 374 dies
970 329 1199 374 laudantur
1229 329 1282 374 ab
1312 329 1400 386 illo,

150 413 182 464 ’χ
202 416 214 444 ’-
276 405 502 454 Pontifices
531 407 596 452 ini
627 407 733 463 dim,
753 421 870 464 quos
901 407 1025 452 ambo
1056 410 1269 452 vocarant.

277 483 408 533 Cesar
429 489 481 529 et
510 484 593 529 hec
618 484 742 529 dicit:
775 485 987 542 quoniam,
1026 485 1063 529 si
1094 485 1265 530 cuilibet
1295 485 1446 529 horum

125 567 132 602 ‘Y
153 586 156 591 ,
204 574 249 607 so
274 561 490 620 Pspatum
519 561 707 619 laudent,
736 562 928 607 laudabit
958 566 1001 607 et
1030 563 1123 620 ipse
1152 563 1356 617 libenter3

126 659 173 686 m
196 664 212 677 ι
279 638 326 684 Si
354 640 513 696 neutri,
541 654 830 697 quemcunque
860 640 951 686 Deo
983 641 1165 685 donante
1193 640 1409 696 levabunt,

201 760 203 762 ,
251 738 260 762 -,
275 717 400 763 Hunc
429 717 546 774 velit,
575 717 687 762 hunc
715 718 874 774 laudet,
907 719 945 763 si
975 719 1185 775 convenit,
1218 719 1392 763 adiuvat
1422 717 1566 761 armis.

101 831 184 918 80,
200 830 420 921 γ’Πνόαηπριε
443 862 500 905 ΙΙ
527 860 772 906 Gebehardo
805 861 1332 920 episcoposComtantiensi
1357 871 1396 905 et
1422 862 1606 918 Weffoni
1624 877 1675 905 ac

154 984 156 990 ,
215 939 449 996 Bsrclwldo
481 940 656 983 ducibus
688 941 878 993 mandat,
911 955 964 982 ne
994 942 1247 984 monasterio
1272 940 1579 996 Schafhusensi
1597 941 1674 983 do-

216 1025 370 1067 mutum.>
383 1019 619 1076 praedium
649 1018 817 1074 auferri
846 1034 873 1060 α
910 1017 1098 1061 Tuotone
1122 1020 1383 1076 patiantur-⁸.
1494 1016 1544 1066 (Ε
1572 1018 1673 1071 179)

215 1105 413 1150 Urbanus
445 1107 667 1164 episcopus
699 1120 848 1150 servus
880 1121 1097 1151 servorum
1128 1106 1438 1162 G(ebehardo)¹’
1467 1106 1674 1151 Constan-

97 1183 226 1228 tiensi
264 1184 483 1242 episeopo,
523 1185 699 1228 ducibus
728 1182 887 1229 Welfo¹
920 1188 962 1229 et
991 1183 1291 1242 B(ertholdo)²,
1333 1185 1478 1229 comiti
1507 1184 1574 1228 B.⁰
1606 1198 1673 1229 sa-

97 1261 230 1306 lntem
246 1264 306 1306 -ot
337 1260 613 1320 apostolicam
643 1262 994 1307 benedictionem.
1457 1318 1459 1320 ι

127 1352 132 1356 ’
171 1349 173 1352 ’
217 1335 436 1385 Venerunt
466 1340 520 1384 ad
549 1354 626 1384 nos
657 1340 798 1384 littere
821 1340 984 1384 abbatis
1006 1341 1254 1384 monasterii
1282 1341 1419 1385 sancti
1441 1340 1674 1384 Salvatoris

98 1417 427 1475 conquerente&
457 1417 548 1462 Deo
589 1421 631 1462 et
669 1422 814 1462 sancto
850 1418 998 1474 Petro,
1040 1419 1151 1475 quod
1189 1419 1254 1462 vir
1293 1419 1466 1475 quidam
1504 1419 1675 1462 nomine

98 1495 256 1540 Tuoto·
284 1496 457 1541 veniens
489 1497 544 1541 ad
573 1485 838 1554 praedictum
870 1497 1174 1540 monasterium
1206 1496 1345 1540 seculo
1377 1495 1674 1552 renunciavit',

97 1574 421 1632 promissionem
466 1575 712 1619 stabilitatis
760 1574 991 1618 secundum
1037 1575 1383 1618 consuetudinem
1426 1574 1676 1618 monasterii

97 1651 210 1709 fecit,
242 1666 288 1697 se
309 1655 353 1696 et
371 1666 449 1697 sna
469 1652 605 1697 eidem
627 1652 829 1696 ecclesiae
851 1652 1080 1696 secundum
1103 1651 1239 1708 legem
1263 1652 1507 1696 Swevorum
1529 1652 1675 1696 multis

98 1736 238 1775 coram
260 1729 451 1777 testibus
482 1731 659 1774 tradidit
691 1733 733 1774 et
764 1730 1042 1774 confirmavit.
1090 1730 1236 1774 Abbas
1259 1734 1414 1785 autem,
1447 1734 1495 1774 ut
1517 1734 1582 1774 est
1603 1731 1675 1774 de-

97 1811 220 1853 votus
258 1811 301 1852 et
336 1808 522 1866 prudens
554 1809 821 1866 dispensator
852 1812 894 1852 et
924 1807 1082 1864 fidelis,
1122 1809 1167 1852 in
1200 1809 1344 1852 eodem
1377 1808 1552 1865 praedio
1585 1822 1675 1852 mo-

96 1886 339 1944 nasterium,
359 1890 535 1931 venuste
565 1887 822 1942 construxit,
863 1887 1016 1931 fratres
1049 1886 1262 1930 ordinavit
1293 1889 1335 1930 et
1366 1889 1526 1942 cetera,
1567 1899 1674 1942 quae

98 1964 153 2008 ad
191 1965 470 2009 monasticam
508 1965 696 2020 regulam
735 1965 972 2022 pertinent,
1014 1964 1213 2009 instituit.
1276 1964 1496 2008 Predictus
1529 1966 1672 2007 autem

99 2041 272 2098 Tuoto⁰,
309 2045 357 2087 ut
388 2043 532 2086 omnia
561 2043 669 2087 vidit
701 2043 864 2087 abbatis
895 2042 1041 2086 labore
1073 2045 1115 2086 et
1146 2042 1285 2086 studio
1318 2042 1514 2085 ordinata
1545 2044 1672 2098 atque

98 2120 299 2178 perfecta,
331 2123 557 2178 postquam
588 2121 852 2178 praedictum
884 2120 1190 2164 monasterium
1217 2120 1331 2163 idem
1352 2120 1574 2177 praedium
1596 2133 1672 2177 per

98 2198 367 2255 septennium
398 2201 440 2242 et
472 2212 519 2242 eo
553 2198 735 2255 amplius
767 2198 859 2242 sine
888 2198 1003 2241 omni
1024 2197 1356 2242 contradictione
1378 2197 1574 2252 obtinuit,
1606 2197 1672 2240 in-

100 2275 257 2321 stinctu
294 2275 450 2320 diaboli
491 2290 706 2332 nunquam
747 2290 792 2319 se
828 2276 1055 2319 tradidisse
1086 2276 1262 2329 fatetur3
1306 2278 1348 2318 et
1379 2274 1415 2318 si
1448 2275 1673 2330 quicquam

100 2353 154 2398 ob
183 2353 263 2398 hoc
292 2353 510 2398 molestiae
542 2354 802 2409 sustinuerit,
838 2367 924 2398 non
956 2353 1092 2397 solum
1124 2352 1370 2410 praediumss
1402 2352 1567 2396 auferre
1599 2351 1673 2395 sed

101 2434 144 2476 et
172 2432 314 2489 ipsum
346 2432 650 2476 monasterium
682 2432 868 2475 minatur
900 2434 1100 2475 evertere.

219 2508 507 2566 Quapropter,
546 2508 622 2552 filii
655 2508 1023 2564 excellentissimi,
1056 2507 1210 2552 obnixe
1241 2521 1315 2551 vos
1348 2521 1593 2551 exoramus:
1626 2510 1674 2550 ut

101 2599 178 2644 pro
207 2586 367 2630 domini
388 2586 610 2630 salvatoris
633 2587 854 2630 devotione
877 2600 925 2630 ac
945 2586 1183 2630 reverentia
1203 2584 1316 2629 beati
1336 2585 1454 2629 Petri
1476 2588 1518 2628 et
1538 2584 1674 2628 nostri

102 2677 246 2708 amore
278 2664 457 2708 eundem
478 2664 615 2707 virum
649 2678 674 2708 a
702 2666 823 2708 tanta
855 2663 1091 2721 apostasiah
1124 2662 1347 2719 prohibere
1378 2665 1420 2706 et
1451 2662 1595 2706 abbati
1625 2674 1674 2705 ac

195 2767 223 2788 s.
255 2768 293 2790 cx
312 2759 339 2790 V
357 2761 436 2796 8312,
460 2759 487 2789 Z
500 2770 535 2800 p.
548 2760 731 2790 174-175.
763 2758 874 2789 Edidit
890 2759 1034 2799 Neuyart
1056 2756 1127 2789 cod.
1142 2756 1216 2797 dipl.
1228 2757 1386 2789 Al.1136
1408 2767 1445 2787 ex
1468 2755 1533 2787 cod.
1548 2765 1603 2786 ms.
1615 2755 1679 2786 LV

103 2809 305 2842 bibliothecae
326 2811 479 2852 Scafhus.
502 2823 583 2843 saec.
596 2813 667 2842 XII.
771 2812 800 2841 b.
835 2812 870 2842 G.
891 2822 948 2842 om.
964 2811 1022 2842 VZ.
1129 2820 1154 2841 c.
1186 2811 1224 2841 N.
1247 2812 1278 2841 et
1297 2811 1335 2841 N.
1357 2810 1518 2841 comitibus
1540 2809 1594 2839 VZ
1611 2818 1674 2848 pro

103 2863 231 2895 ducibus
250 2880 283 2885 —
299 2865 334 2895 B.
440 2865 471 2896 d.
502 2866 715 2904 conquerentis
738 2865 891 2904 Neuyarc.
1001 2874 1028 2894 e.
1060 2864 1098 2894 N.
1116 2863 1173 2894 VZ.
1284 2863 1306 2894 f.
1337 2862 1562 2893 renunciaverit
1580 2877 1611 2882 —
1630 2861 1674 2892 fe-

103 2917 179 2947 cerit
199 2933 231 2938 —
248 2918 410 2948 tradiderit
430 2920 461 2948 et
483 2919 707 2949 confirmaverit
728 2918 882 2958 Neuyart.
987 2926 1015 2956 g.
1048 2927 1104 2947 om.
1124 2916 1182 2947 VZ.
1286 2916 1318 2946 h.
1351 2918 1516 2955 apostasya
1535 2915 1564 2946 V.

199 2981 232 3016 1.
262 2981 342 3025 (IV)
368 2982 383 3016 Ι
408 2981 492 3017 duci
517 2982 708 3017 Bavariae.
830 2982 863 3016 2.
897 2981 931 3015 11
957 2980 1042 3015 duci
1067 2979 1238 3016 Sueviae.

162 3044 270 3079 Juu'.
290 3046 484 3076 Bibliotheca
496 3047 535 3075 V.
1345 3038 1389 3073 11

1699 341 1793 377 1090

1712 1115 1806 1151 1092

1703 1164 1767 1195 Ian.
1779 1165 1818 1195 28
