2028 3438
184 354 216 380 c.
233 345 365 380 1120-

233 391 324 427 1137
367 414 369 416 -

288 1885 379 1920 1138

293 1934 381 1963 Mart.

397 215 483 260 528
772 228 1023 260 nmsromn·
1053 228 1422 261 BAMssnnennsns.
1470 227 1527 261 31.
1544 227 1590 261 32

395 334 509 377 tione
540 334 727 391 episcopi
755 332 912 378 nostri¹
941 337 1031 378 tum
1062 348 1139 391 pro
1159 338 1304 378 nostra
1329 348 1494 391 semper
1514 347 1721 379 mansura
1718 333 1950 392 devofione

397 410 580 467 perfecte
611 414 653 454 et
682 411 844 467 integre
873 412 1731 456 terminetis..
1773 448 1775 452 .

515 487 690 532 Noverit
725 492 864 532 autem
907 489 1139 545 paternitas
1169 490 1330 543 vestra,
1369 487 1479 544 quod
1517 487 1672 532 milites
1708 487 1949 544 domuier„

397 565 526 609 immo
552 568 772 609 exactores
804 566 892 609 eius
921 566 1119 609 fratrem
1151 568 1194 608 et
1223 565 1555 622 dispensatorem
1584 567 1793 609 nostrum
1807 567 1857 609 et
1880 578 1949 619 sa—

398 642 608 686 cerdotem
639 642 719 686 Dei
749 642 1094 686 inhumanissime
1135 645 1177 686 et
1211 642 1319 685 sicut
1350 655 1418 685 eos
1451 642 1637 686 decebat,
1651 644 1949 698 tractaverunt,
1982 684 1986 686 .

399 722 441 763 et
476 719 646 763 tandem
678 743 732 748 —
767 719 958 763 omnibus
997 719 1120 763 rebus
1158 719 1245 762 suis
1285 722 1326 762 et
1361 719 1516 762 nostris
1552 719 1752 775 retentis,
1776 719 1951 763 :scilieet

399 800 556 854 septem
589 797 808 853 palafridis
841 800 882 840 et
912 797 1092 840 sedecim
1124 797 1300 852 marcis,
1334 796 1483 852 quibus
1513 796 1634 840 nobis
1664 796 1809 840 'vinum
1839 800 1951 851 com-

382 870 632 931 'parandum
671 877 762 918 erat
799 878 859 929 et,
899 874 1006 930 quod
1045 874 1134 917 sine
1171 873 1355 917 lacrimis
1392 874 1606 917 reminisci
1635 886 1721 917 non
1750 873 1951 930 valemus,

398 951 583 995 vestibus
615 951 806 995 omnibus
836 965 967 1007 usque
999 951 1051 994 ad
1080 951 1355 995 verecundam
1386 951 1620 994 nuditatem
1649 950 1878 1006 abstractis
1891 954 1950 993 μὲν

397 1028 610 1072 infirmum
649 1032 691 1072 et
728 1028 800 1071 vix
837 1028 983 1072 baculo
1023 1028 1228 1083 innisum,
1273 1028 1458 1084 peditem
1502 1027 1617 1072 abire
1655 1028 1950 1085 permiserunt.

401 1104 509 1148 Sunt
539 1109 679 1149 autem
715 1106 887 1149 nomina
917 1119 1081 1160 eorum,
1121 1105 1192 1161 qui
1229 1105 1307 1149 hoc
1343 1105 1549 1160 fecerunt,
1589 1105 1642 1149 N.
1674 1109 1717 1149 et
1744 1105 1796 1149 N.
1827 1108 1872 1150 et
1898 1104 1950 1149 N.

401 1181 643 1226 Ceterorum
673 1196 772 1226 vero
810 1183 982 1226 nomina
1015 1182 1139 1225 modo
1171 1182 1427 1226 exciderunt.
1481 1182 1600 1234 Quod
1637 1182 1952 1239 nos‚2‡domine‚

401 1259 500 1315 quia
531 1259 638 1302 oculi
669 1260 803 1303 tocius
841 1260 959 1314 regni
998 1260 1050 1302 ad
1081 1259 1301 1303 consilium
1339 1260 1586 1316 prudentiae
1617 1263 1782 1303 vestrae
1816 1262 1863 1304 et
1900 1258 1954 1303 ad

402 1336 603 1379 auxilium
635 1337 846 1392 potentiae
874 1340 1039 1380 vestrae
1069 1337 1311 1393 respiciunt,
1345 1340 1509 1380 vestrae
1538 1337 1697 1392 gratiae
1728 1335 1953 1380 committi-

401 1427 515 1468 mus,
554 1417 670 1457 tanto
702 1414 753 1457 de
782 1417 924 1457 vestra
955 1414 1241 1458 misericordia
1271 1417 1604 1470 praesumentes,
1643 1416 1798 1470 quanto
1838 1416 1954 1498 post-

400 1490 479 1534 hac
510 1504 610 1547 prae
641 1491 833 1535 omnibus
862 1491 980 1535 vobis
1011 1490 1203 1534 volumus
1235 1505 1326 1535 esse
1358 1491 1603 1535 devotiores.

406 1631 486 1678 32.
524 1633 680 1676 Albero
717 1635 1053 1691 archiepiscopus
1090 1634 1345 1677 Trevirensis
1378 1633 1570 1677 Conrado
1594 1634 1619 1676 l
1641 1633 1953 1689 archiepiscopo

524 1711 825 1768 Salzburyensi
853 1712 1010 1764 scribit,
1044 1713 1170 1754 citam
1201 1711 1388 1754 Conradi
1407 1711 1478 1754 III
1498 1712 1608 1767 reyis
1639 1711 1872 1754 electionem
1901 1710 1958 1752 ad

520 1790 723 1830 iniuriam
754 1790 840 1831 eius
871 1804 955 1831 non
986 1791 1232 1846 spectavisse
1244 1787 1272 1830 ¹³.

523 1876 749 1930 C(onrado)
782 1876 862 1920 Dei
892 1878 1029 1931 gratia
1060 1880 1227 1920 sanctae
1250 1876 1565 1931 Salzburgensis
1597 1875 1796 1919 ecclesiae
1820 1875 1956 1918 archi-

405 1954 600 2010 episcopo
634 1953 861 1997 venerabili
893 1952 1119 2009 A(lbero)',
1153 1953 1337 1997 eiusdem
1371 1952 1765 2009 superhabundante
1793 1952 1957 1996 miseri-

405 2031 547 2074 cordia
578 2031 622 2073 id
653 2031 761 2086 quod
793 2034 869 2086 est,
902 2031 1079 2075 salutem
1109 2031 1155 2074 in
1185 2031 1352 2074 domino
1383 2031 1489 2074 Iesu.

523 2108 663 2151 Missis
695 2122 721 2151 a
750 2111 890 2152 vestra
930 2109 1151 2152 sanctitate
1187 2108 1340 2151 litteris
1372 2108 1483 2151 circa
1511 2106 1592 2150 Dei
1622 2105 1839 2162 ecclesiam
1877 2105 1957 2150 zeli

406 2185 535 2229 vestri
572 2185 777 2229 fervorem
817 2186 1072 2242 accepimus3
1114 2199 1237 2242 quem
1269 2199 1294 2227 a
1324 2185 1469 2228 diebus
1499 2183 1643 2227 multis
1681 2184 1727 2227 in
1755 2183 1957 2238 religione

407 2265 448 2306 et
468 2262 630 2305 iustitia
652 2294 1102 2306 ................
1126 2266 1168 2306 et
1187 2262 1230 2305 in
1253 2294 1381 2305 .....
1400 2261 1552 2305 ssimae
1571 2261 1708 2305 famae
1726 2260 1957 2305 redolentia

406 2339 688 2394 cognovimus.

525 2416 681 2460 Verum
702 2416 753 2459 de
773 2416 975 2472 principis
997 2420 1039 2459 et
1058 2416 1175 2470 regni
1196 2415 1458 2458 restitutione
1479 2414 1704 2460 terminum
1726 2417 1767 2458 et
1782 2414 1955 2470 curiam,

409 2507 532 2550 quam
555 2493 692 2536 dicitis
724 2496 993 2549 praeventam
1016 2506 1120 2547 esse,
1151 2496 1198 2535 ut
1219 2492 1335 2535 vobis
1364 2490 1644 2546 significemus
1665 2504 1749 2534 11011
1769 2494 1954 2547 oportet3

408 2583 523 2625 cum,
555 2571 640 2613 iam
669 2573 838 2626 peracto
870 2570 1063 2626 negocio,
1094 2566 1227 2625 regis³
1259 2569 1475 2612 constituti
1512 2567 1685 2611 celebris
1716 2568 1829 2612 fama
1851 2568 1957 2613 :hinc

407 2647 505 2690 inde
535 2646 734 2702 pervolet.
1804 2696 1807 2699 ᾖ

528 2723 643 2766 Scire
677 2725 819 2766 tamen
856 2723 1121 2767 sanctitatem
1152 2725 1333 2769 vestram
1366 2721 1555 2765 volumus
1577 2745 1631 2751 —
1661 2724 1786 2777 atque
1816 2726 1955 2777 coram

502 2849 529 2870 a.
560 2840 617 2870 fri-n
639 2850 665 2870 c.
772 2841 817 2874 ,b.
850 2840 1013 2880 Descripsi
1039 2835 1076 2871 ese
1102 2850 1182 2871 saec.
1199 2840 1264 2869 XII
1286 2831 1465 2870 membrana
1493 2838 1690 2870 bibliothecae
1717 2839 1823 2880 reyiae
1844 2839 1957 2878 Mona-

410 2892 518 2930 censis,
541 2892 696 2932 quondam
717 2892 816 2924 codici
837 2893 891 2924 lat.
906 2894 990 2923 Mon.
1005 2894 1093 2923 5254
1114 2892 1319 2933 ayylutinata.

504 2963 537 2998 1.
563 2961 705 2998 Ottonis
721 2962 751 2997 I.
853 2964 886 2998 2.
913 2958 1205 3008 archiepiscopus
1220 2961 1462 2998 Trevirensis.
1557 2962 1591 2997 3.
1617 2960 1774 3002 Conradi
1789 2960 1854 2996 111.
1895 2962 1899 2966 ”
