2028 3438
211 362 301 397 1029

194 409 262 440 Mai.
276 410 315 440 20

339 235 395 278 36
858 246 1078 278 nmmum
1107 246 1274 278 conux.
1325 245 1369 279 14

338 368 458 396 suam
488 353 725 408 benficium
755 367 887 405 suum,
922 353 1076 396 scilicet
1104 368 1270 396 mansos
1294 352 1452 409 reyales
1484 360 1576 395 tres.
1624 350 1706 395 Sin
1736 358 1886 403 autem,

336 439 576 487 potestatem
615 431 793 473 habeant
829 430 963 472 ubivis
995 439 1201 473 terrarum
1231 432 1396 487 deqere,
1435 430 1523 471 nisi
1554 430 1662 471 iusto
1697 427 1903 482 beneficio*

337 516 590 551 revocentur.
637 508 832 564 Denique
867 522 947 564 pro
974 508 1149 562 filiabus
1187 509 1342 550 nostris
1374 508 1579 563 petimus,
1611 519 1664 548 ne
1692 518 1892 562 umquam

338 582 540 641 coquntur
560 586 606 627 in
626 586 845 627 servicium
863 586 1220 641 pedissequarum,
1247 593 1415 641 excepta
1437 583 1589 626 Italica
1612 582 1891 640 expedicione.

344 660 463 704 Tune
494 663 660 718 quidem
692 662 1016 718 proficiscantur
1056 662 1326 704 Wizenbureh
1350 661 1473 716 feria
1512 659 1692 702 secunda
1730 659 1789 703 ad
1823 673 1890 702 re-

338 739 603 781 sarciendas⁵
648 747 774 781 vestes
823 754 894 781 seu
939 739 1144 795 quaelibet
1188 739 1421 781 necessaria
1465 751 1596 793 usque
1639 739 1686 779 in
1728 736 1893 792 feriam

340 824 533 871 quartam
544 814 573 857 ¹'.
620 815 702 858 His
731 815 908 871 sinyulis
939 816 996 858 ad
1016 817 1234 858 servicium
1255 816 1506 857 decrevimus
1536 814 1723 856 dandum
1741 827 1894 858 mam

338 907 467 934 unam
496 893 696 945 medonis,
721 893 942 934 dimidiam
962 894 1064 945 vini,
1089 894 1272 948 quinque
1293 893 1510 934 cervisiam
1537 890 1714 947 sinqulis
1734 889 1891 943 diebus,

341 969 619 1025 similaqinem
655 984 784 1012 unam
825 978 862 1012 et
900 969 1088 1012 subtilem
1126 984 1279 1026 panem
1317 983 1447 1011 unum
1493 977 1530 1011 et
1567 968 1785 1010 duodecim
1819 979 1895 1009 vo·

341 1048 495 1099 catias',
528 1048 714 1089 modium
744 1061 873 1088 unum
912 1047 962 1088 de
990 1046 1158 1102 pabulo.
1222 1046 1465 1089 Venationes
1502 1046 1703 1098 nemoris,
1740 1043 1895 1087 seilicet

329 1123 529 1179 ferarum
560 1124 783 1166 bestiarum
804 1125 945 1165 avium
958 1124 1144 1179 piscium
1165 1138 1293 1179 apum
1325 1137 1508 1174 examen,
1529 1122 1632 1178 feni
1649 1122 1895 1164 secationem

342 1215 387 1243 eo
418 1203 510 1243 iure
537 1203 728 1257 petimus,
763 1214 844 1256 quo
877 1217 903 1242 a
935 1190 1102 1242 domino
1128 1208 1269 1242 nostro
1300 1200 1495 1242 haetenus
1527 1199 1758 1241 habuimus.
1806 1195 1895 1240 Hec

341 1279 406 1320 est
434 1276 609 1319 tradicio
642 1276 806 1319 comitis
827 1275 1036 1331 Ernostffi
1067 1289 1143 1332 pro
1175 1289 1258 1332 qua
1287 1278 1602 1332 recompensato
1629 1274 1710 1318 sibi
1738 1274 1896 1318 honore

343 1353 538 1397 ducatum
569 1353 835 1396 Baioaricum
866 1353 1127 1396 tradidimus.
1174 1352 1305 1395 Primi
1328 1353 1579 1397 servitorum
1609 1352 1698 1396 eius
1728 1351 1897 1395 fuerunt

341 1430 550 1486 Reginzo⁹
583 1430 633 1474 de
655 1429 869 1484 Salebach,
890 1429 1010 1473 Wizo
1042 1430 1093 1472 de
1113 1429 1444 1484 Wimeresheim,
1475 1429 1658 1484 Adelger
1681 1429 1733 1472 de
1754 1427 1893 1472 Curte.

341 1507 487 1563 Igitur,
520 1510 566 1550 ut
595 1507 672 1550 hec
702 1510 847 1550 nostra
869 1507 1093 1549 auctoritas
1125 1507 1288 1550 stabilis
1320 1510 1361 1550 et
1382 1506 1627 1550 inconvulsa
1657 1506 1772 1549 omni
1800 1518 1897 1562 per-

342 1588 511 1628 maneat
532 1598 620 1639 evo,
652 1584 760 1626 hanc
781 1586 937 1626 cartam
964 1583 1062 1626 inde
1093 1584 1292 1640 scriptam
1322 1584 1549 1639 subtusque
1571 1596 1699 1626 manu
1725 1582 1898 1640 propria

342 1661 580 1705 roboratam
622 1660 749 1714 sigilli
786 1660 920 1703 nostri
958 1660 1231 1716 impressione
1266 1661 1465 1704 iussimus
1502 1660 1708 1715 insigniri.
1829 1659 1896 1703 Iu-

344 1738 465 1781 sticia
495 1737 718 1781 eorundem
753 1722 965 1791 clientum,
999 1737 1157 1780 scilicet
1188 1737 1462 1792 singulorum,
1480 1737 1578 1780 est:
1610 1740 1657 1780 ut
1686 1737 1732 1779 in
1752 1735 1897 1780 Italica

345 1815 614 1872 expedicione
645 1814 799 1868 singuli
831 1814 882 1857 ab
913 1814 1122 1871 imperiali
1153 1814 1382 1858 tradicione
1414 1814 1622 1871 accipiant
1660 1813 1803 1857 decem
1832 1815 1897 1856 ta-

343 1892 458 1936 lenta
488 1895 529 1935 et
558 1892 813 1934 ferramenta
844 1891 1026 1946 quinque
1058 1903 1271 1945 equorum,
1302 1890 1432 1946 pelles
1463 1904 1685 1948 caprarum
1705 1890 1824 1944 duas,
1856 1891 1899 1934 et

343 1969 575 2013 burdonem
594 1981 738 2023 unum,
761 1971 979 2010 oneratum
1000 1967 1159 2011 duabus
1179 1968 1373 2010 manticis
1395 1967 1530 2023 plenis
1552 1966 1896 2022 necessariorum,

345 2058 440 2090 cum
471 2045 676 2089 serviente
706 2044 910 2098 trahente,
944 2044 1024 2086 alio
1055 2044 1256 2100 pellente;
1290 2047 1331 2087 et
1350 2048 1523 2100 uterque
1543 2043 1749 2089 talentum
1767 2057 1898 2087 unum

346 2126 388 2166 et
417 2122 623 2166 caballum
657 2121 846 2177 accipiat.
901 2120 1082 2163 Domino
1114 2134 1257 2164 eorum
1289 2122 1422 2164 victus
1460 2123 1558 2178 post
1588 2120 1722 2178 alpesr
1760 2124 1898 2167 trans-

346 2212 487 2243 cursas
519 2199 569 2241 de
601 2198 717 2241 curia
748 2198 880 2240 detur.
928 2197 1171 2253 Ubicunque
1202 2211 1277 2241 rex
1309 2198 1434 2241 vadat
1463 2198 1507 2240 in
1538 2197 1808 2254 expedicione
1838 2197 1898 2240 al-

345 2276 475 2319 terius
495 2279 646 2329 terrae,
675 2275 825 2317 dentur
846 2274 1065 2317 clientibus
1087 2274 1268 2330 quinque
1289 2274 1448 2318 talenta
1475 2277 1517 2318 et
1537 2274 1721 2317 caballus
1740 2273 1898 2329 absque

347 2366 471 2395 onere
503 2355 544 2395 et
574 2352 829 2394 ferramenta
859 2352 1040 2406 quinque
1071 2364 1270 2406 equorum
1302 2354 1344 2394 et
1373 2351 1480 2394 duae
1510 2350 1640 2406 pelles
1661 2363 1896 2406 caprarum.

347 2415 589 2471 &dalriouss
627 2427 897 2470 cancellarius
944 2428 1032 2470 vice
1070 2427 1252 2471 Arbonis
1298 2427 1620 2484 archicapellani
1663 2427 1897 2482 recognovi.

346 2504 458 2548 Data
491 2506 544 2547 13
576 2504 667 2547 Kal.
690 2504 812 2559 Iunii,
842 2504 1071 2549 indictione
1097 2506 1164 2560 12,
1197 2518 1305 2548 anno
1330 2505 1382 2548 ab
1413 2505 1699 2548 incarnatione
1726 2504 1898 2547 Domini

350 2581 486 2635 1029,
525 2594 633 2624 anno
671 2594 769 2624 vero
808 2581 927 2636 regni
966 2582 1108 2625 domni
1148 2581 1356 2624 Cuonradi
1392 2581 1443 2636 5,
1480 2581 1646 2638 imperii
1685 2584 1825 2625 autem
1856 2581 1896 2623 3.

346 2656 503 2700 Actum
532 2657 755 2711 Tungirde.

440 2777 466 2798 a.
499 2768 705 2798 resarciandas
727 2768 757 2798 V.
863 2769 890 2798 b.
923 2770 955 2799 in
975 2770 1051 2800 feria
1072 2771 1177 2809 quarta
1198 2770 1227 2800 V.
1332 2778 1357 2799 c.
1389 2770 1504 2799 cervise
1526 2769 1560 2799 Z.
1665 2769 1694 2798 d.
1725 2768 1847 2798 Emusti
1867 2768 1900 2798 V.

349 2835 375 2856 e.
406 2826 526 2864 Rengoz
548 2827 578 2863 V,
602 2827 732 2864 Reginzo
755 2826 789 2856 Z.
891 2827 911 2856 f.
945 2828 1035 2866 alpell
1057 2828 1090 2858 Z.
1201 2837 1228 2865 g.
1261 2814 1434 2858 &adalricus
1457 2828 1487 2857 V.
