2028 3438
655 227 878 260 unanmcr
909 228 1079 261 connx.
1128 227 1175 263 92
1618 219 1700 263 177

115 331 587 390 ,mpieanniversisque
616 333 716 378 fidei
746 334 1001 379 christianae
1029 335 1260 380 cultoribus
1280 335 1462 381 Pisanus
1495 337 1703 395 archiepi-
1729 349 1821 385 1099

114 406 390 467 amputabat
420 409 496 455 alii
540 411 728 469 episcopi
766 415 830 456 et·
871 411 1152 469 Gotefridus¹’‚
1200 414 1337 468 gratia
1377 413 1460 458 Dei
1503 415 1703 460 ecclesiae

113 479 466 544 mti'aepulcri
483 501 597 533 nunc
618 489 860 546 advocatus,
885 493 928 534 et
947 489 1207 546 R(egimunt)
1231 503 1369 535 comes
1393 490 1538 536 Sancti
1558 491 1702 548 Egidii

112 564 449 611 emissivum
465 564 561 610 -Dei
593 567 793 623 exercitu,
827 567 899 624 qui
931 571 996 612 est
1026 568 1071 611 in
1106 571 1222 613 terra
1252 568 1404 625 Israel,
1447 569 1628 614 salutem
1661 573 1703 615 et

125 641 357 687 orationem
367 649 395 686 ⁰.

113 718 523 778 ·<2,22·.½··Mu1tiplioate
553 735 698 779 preces
721 735 814 766 cum
847 721 1130 767 iocunditate‘¹
1161 726 1204 767 et
1223 722 1504 768 exultatione·
1535 725 1580 768 in
1605 738 1702 769 con·

114 800 272 854 speetu
291 796 487 854 Domini3
520 800 720 856 quoniam
743 799 1029 856 magnificavit
1059 801 1393 845 misericordiam
1421 816 1555 858 suam,
1588 816 1700 848 com-

110 873 286 932 -plondo
306 875 364 921 vin.
383 876 509 921 nobis
537 890 600 932 ea,
633 892 741 934 quae
772 878 969 935 promisit
999 877 1063 921 inr
1095 876 1357 937 temporibus
1388 880 1585 935 antiquis.

136 985 153 997 Χ,
178 983 190 986 --
222 951 415 999 -iEtenim
429 967 540 1011 cum,
563 959 687 1013 capta
703 955 834 1000 Nicea
843 963 871 1011 ⁸,
889 959 1062 1000 cunctus
1080 957 1290 1002 exercitus
1307 956 1582 1014 discedereth‚
1605 957 1699 1015 plus
1739 962 1830 997 1097

113 1043 251 1087 :quam
267 1033 471 1077 ⁴trecenta
500 1033 620 1078 milia
651 1037 909 1078 armatorum
931 1034 1018 1078 illic
1048 1035 1230 1079 fuerunt.
1277 1034 1335 1079 Et
1360 1035 1462 1079 licet
1483 1035 1561 1080 hec
1581 1039 1700 1080 tanta
1723 1011 1787 1041 Μ’
1803 1012 1843 1041 ²⁰

122 1107 349 1154 multitudo
380 1109 622 1155 universam
651 1110 901 1156 Romaniam
934 1126 1139 1170 occupare
1148 1113 1169 1169 ³,
1207 1111 1383 1157 fiumina
1414 1117 1600 1170 epotare,
1634 1128 1699 1158 se-

111 1188 240 1242 -getes
270 1200 416 1233 omnes
446 1198 532 1232 una
562 1189 630 1233 die
661 1189 887 1246 depascere
917 1194 1073 1247 posset,
1110 1194 1230 1235 tanta
1260 1194 1401 1235 tamen
1435 1191 1697 1248 plenitudine

122 1264 326 1310 conduxit
353 1265 466 1310 vitae
496 1267 735 1314 necessaria
764 1267 900 1323 DeuS,
932 1271 980 1312 ut
1012 1268 1063 1312 de
1094 1269 1225 1312 ariete
1256 1283 1475 1325 nummus,
1509 1269 1560 1313 de
1591 1269 1697 1313 bove

122 1341 197 1387 vix
211 1342 432 1389 duodecim
453 1344 755 1401 acciperentur.
793 1345 993 1390 Preterea
1014 1346 1093 1390 etsi
1109 1346 1324 1404 principes
1346 1350 1389 1390 et
1409 1361 1530 1402 reges
1549 1347 1697 1391 Sarra-

119 1432 320 1466 cenorum
351 1424 500 1467 eontra
528 1435 606 1467 nos
636 1426 925 1479 surrexerunt,
956 1423 1047 1467 Deo
1078 1427 1221 1468 tamen
1244 1424 1411 1468 volente
1440 1425 1564 1469 facile
1596 1425 1697 1469 victi

108 1500 164 1545 ,μοι
193 1498 427 1545 conculcati
457 1504 568 1544 sunt.
1686 1487 1692 1492 ’

129 1614 131 1617 .
204 1605 206 1608 -
239 1577 309 1623 Οὔ
340 1577 419 1622 hec
453 1578 596 1634 itaque
634 1578 814 1622 feliciter
859 1582 954 1622 acta
1001 1579 1100 1636 quia
1147 1579 1318 1636 quidam
1363 1580 1656 1624 intumuerant
1665 1579 1694 1636 ⁸,

111 1653 316 1712 obposuit
345 1655 468 1700 nobis
497 1655 613 1700 Deus
643 1655 915 1700 Antiochiam
946 1657 1114 1713 urbem,
1153 1657 1350 1701 humanis
1382 1658 1542 1702 viribus
1574 1658 1695 1702 inex-

112 1733 411 1790 *pugnabilem3
443 1734 516 1778 ubi
546 1747 624 1792 per
653 1748 802 1778 novem
836 1748 1001 1779 menses
1033 1735 1224 1778 detentos
1255 1735 1299 1778 in
1333 1735 1552 1779 obsidione
1585 1735 1694 1779 eius-

109 1810 216 1856 :dem
253 1811 315 1857 ita
352 1811 612 1867 humiliavit,
663 1816 710 1855 ut
748 1812 884 1856 omnis
925 1812 1148 1870 superbiae
1191 1817 1363 1867 nostrae
1402 1817 1544 1857 tumor
1583 1813 1693 1857 desi-

118 1888 262 1934 deret¹.
308 1889 441 1946 Igitur
459 1890 581 1934 nobis
609 1890 670 1934 sic
689 1890 937 1946 humiliatis,
970 1894 1016 1934 ut
1042 1890 1087 1933 in
1107 1894 1196 1934 toto
1219 1892 1406 1936 exercitu
1428 1891 1499 1935 vix
1523 1895 1693 1935 centum

109 1966 218 2012 boni
247 1968 345 2024 equi
373 1967 709 2023 invenirenturm,
743 1968 910 2025 aperuit
929 1968 1044 2013 Deus
1065 1969 1229 2026 copiam
1262 1984 1362 2013 suae
1388 1969 1692 2013 benedictionis

117 2048 161 2091 et
189 2045 503 2090 misericordiae
538 2059 698 2102 nosque
728 2046 774 2090 in
805 2046 1019 2090 civitatem
1055 2046 1224 2090 induxit
1264 2050 1389 2104 atque
1422 2047 1608 2091 Thurcos
1649 2050 1692 2090 et
1720 2057 1812 2092 1098

116 2135 262 2167 eorum
303 2123 445 2167 omnia
481 2124 682 2181 potestati
717 2127 888 2168 nostrae
919 2123 1079 2167 tribuit.
1203 2124 1335 2168 Cum¹¹
1367 2125 1443 2168 hec
1475 2125 1596 2181 quasi
1629 2124 1690 2167 vi·
1721 2106 1775 2136 Μ’
1792 2108 1811 2136 3

115 2199 232 2244 ribus
270 2202 426 2245 nostris
466 2202 673 2259 acquisita
709 2197 993 2246 obtineremus
1032 2216 1110 2246 nec
1140 2202 1298 2259 Deum,
1338 2203 1410 2259 qui
1442 2202 1689 2257 contulerat,

106 2277 242 2334 ¹digne
278 2278 666 2335 magnificaremus,
705 2283 824 2323 tanta
856 2271 1183 2323 Sarracenorum
1223 2280 1494 2324 multitudine
1531 2279 1692 2323 obsessi

109 2370 275 2412 sumus,
308 2360 367 2400 ut·
385 2357 435 2402 de
466 2357 637 2402 civitate
667 2357 808 2401 nullus
839 2357 983 2412 egredi
1015 2357 1199 2401 auderet.
1252 2357 1452 2401 Preterea
1482 2357 1615 2401 fames
1647 2357 1691 2400 in

116 2434 286 2480 civitate
317 2435 607 2490 convaluerat,
639 2439 687 2479 ut
718 2436 787 2479 vix
821 2436 872 2479 ab
904 2435 1099 2478 humanis
1140 2434 1318 2492 dapibus
1352 2449 1396 2479 se
1428 2434 1692 2479 continerent

117 2511 260 2568 aliqui.
313 2511 504 2569 Longum
535 2517 619 2569 est,
661 2527 858 2558 enarrare
889 2513 1103 2567 miseriae,
1144 2526 1250 2568 quae
1281 2512 1326 2556 in
1358 2512 1529 2556 civitate
1559 2513 1687 2556 fuere.

104 2589 370 2647 ,Respiciens
391 2594 532 2635 autem
554 2591 761 2635 Dominus
782 2591 1000 2648 populum,
1034 2603 1157 2646 quem
1179 2593 1267 2633 tam
1297 2590 1369 2633 diu
1389 2589 1689 2646 flagellaverat,

104 2666 295 2722 «benigne
325 2668 576 2712 consolatur.
633 2669 699 2713 Ac
738 2669 876 2726 primo
917 2668 1037 2724 quasi
1076 2681 1154 2724 pro
1195 2668 1483 2712 satisfactione
1513 2667 1689 2712 tribula-

209 2777 237 2798 α.
270 2770 301 2798 et
320 2778 377 2799 om.
396 2769 453 2799 VZ.
569 2770 598 2800 b.
631 2769 828 2800 Gothefridus
849 2770 877 2805 V,
903 2768 1072 2799 Gotifridus
1094 2768 1132 2798 B.
1243 2777 1268 2799 c.
1300 2771 1479 2809 perpetuam
1501 2769 1688 2799 benedictio—

115 2830 184 2853 nem
202 2821 237 2852 G.
322 2822 351 2853 d.
379 2822 533 2853 iocundite
553 2823 582 2853 V.
679 2834 703 2853 e.
733 2823 864 2854 exultate
887 2822 922 2852 G.
1012 2821 1031 2851 f.
1061 2831 1117 2851 om.
1132 2821 1167 2852 G.
1263 2832 1290 2861 g.
1322 2823 1436 2853 Nicena
1451 2823 1490 2854 B.
1545 2815 1553 2819 ’
1576 2822 1605 2852 h.
1637 2822 1688 2852 de-

116 2874 275 2906 scenderet
296 2875 335 2905 B.
430 2876 450 2905 i.
483 2877 645 2915 occuparet
665 2876 700 2906 G.
796 2876 825 2907 k.
859 2876 1067 2907 intumuerunt
1090 2875 1128 2906 Β.
1220 2875 1239 2906 l.
1273 2876 1427 2907 desineret
1448 2875 1483 2907 G.
1570 2885 1608 2905 m.
1643 2884 1687 2904 re—

115 2928 286 2967 perirentur
308 2928 375 2958 ZG.
480 2938 509 2959 n.
543 2928 675 2969 Cumque
697 2931 726 2959 V.

213 2987 244 3022 1.
271 2985 478 3022 Daibertus.
1205 3035 1207 3037 ι

174 3049 280 3085 Jnn'.
302 3052 494 3081 Bibliotheca
510 3053 547 3080 V.
1361 3047 1403 3081 12
