2028 3438
302 1537 320 1571 1
326 1537 394 1571 123

293 1585 366 1623 Apr.
382 1587 399 1614 3

422 258 507 300 718
789 270 1028 301 nnnssonm
1058 268 1298 300 mALocns.
1345 268 1431 299 ΜΒ.
1453 268 1470 298 1
1504 265 1620 300 18.19

420 374 634 431 poraliter,
664 375 850 432 profecto
872 375 981 431 quod
1003 374 1151 418 melius
1183 377 1260 429 est,
1293 373 1400 416 fiunt
1429 372 1719 430 spiritualitati.
1758 371 1835 417 -Jbi
1859 372 1971 419 duim

421 454 506 495 oeci
532 454 685 505 vident,
718 454 841 495 surdi
868 454 1060 505 audiunt,
1093 452 1237 494 claudi
1255 451 1481 504 ambulant,
1517 452 1674 507 lepram·
1699 451 1971 503 masmar,

420 530 577 571 mortui
604 538 838 585 resumunt,
869 537 1075 585 pauperes
1107 528 1447 584 euanqelizantur
1460 524 1481 570 ¹.
1529 527 1607 570 His
1641 526 1754 571 enim
1779 525 1976 571 misssi:

421 605 696 648 incommodis
727 605 1020 659 circumventi,
1062 605 1250 647 homines
1282 604 1333 647 de
1365 604 1503 647 seculo
1535 603 1861 661 peccatoresaesd
1887 616 1974 647 me-

421 681 568 724 liorem
599 682 730 724 vitam
762 682 985 725 secundum
1020 681 1202 724 animam
1240 682 1283 724 in
1326 681 1508 724 cenobiis
1548 680 1852 724 convalescunt.
1891 679 1975 723 =Ibi

421 749 620 801 lectiones
651 771 768 801 sacre
806 758 1040 815 psalmodia
1078 761 1119 801 et
1150 758 1378 812 orat-iones,
1416 757 1544 800 misse
1583 759 1708 813 atque
1737 756 1974 800 divinarum

421 848 560 878 rerum
591 836 985 891 contemplationes,
1017 835 1172 877 ieiunia
1203 838 1245 877 et
1276 834 1416 889 vigilie
1448 837 1490 877 et
1519 846 1661 890 pugna
1689 833 1798 888 iugis
1828 837 1975 878 contra

422 911 662 967 spirituales
690 912 920 966 nequitias,
958 911 1018 955 ibi
1048 911 1185 954 carnis
1217 911 1487 955 contritiones
1519 914 1561 953 et
1591 910 1749 965 cordis,
1781 909 1974 956 elemosi-

421 1002 571 1031 narum
600 988 842 1043 largitiones
875 992 916 1031 et
936 988 1066 1031 multe
1088 988 1407 1044 hospitalitates,
1455 987 1555 1039 Quis
1578 989 1723 1042 neget,
1746 1000 1797 1030 ex
1807 994 1975 1041 ‘smagna

423 1069 542 1121 parte
572 1065 734 1108 meritis
766 1065 854 1108 eius
885 1065 962 1108 hec
992 1065 1134 1108 omnia
1162 1079 1286 1121 posse
1317 1064 1482 1119 ascribi,
1514 1064 1632 1107 cuius
1661 1063 1803 1107 labore
1833 1066 1878 1107 et
1895 1063 1974 1106 -im-

422 1155 554 1197 pensa
584 1142 677 1197 ipsa
707 1142 880 1186 cenobia
910 1142 1086 1196 contigit
1114 1141 1309 1184 fundari?
1356 1141 1634 1184 Considerans
1665 1143 1833 1196 anterus
1862 1140 1976 1197 quod

423 1219 611 1273 ipsorum
642 1219 907 1261 cenobiorum
941 1232 1109 1262 suorum
1142 1222 1354 1262 structura
1391 1218 1601 1261 robustius
1633 1217 1902 1272 consisteret,
1940 1217 1975 1260 si

424 1308 515 1337 eam
548 1295 774 1350 apostolice
807 1295 1067 1338 auctoritatis
1098 1299 1219 1352 petra
1249 1295 1459 1350 solidaret,
1492 1307 1569 1338 nec
1587 1293 1710 1337 facile
1735 1307 1858 1351 posse
1878 1306 1976 1337 con-

423 1371 533 1426 velli,
567 1372 602 1414 si
624 1372 779 1415 vallata
809 1375 919 1415 esset
948 1372 1179 1415 munimine
1200 1372 1327 1427 Petri,
1360 1371 1436 1415 sub
1458 1371 1546 1414 eius
1567 1371 1805 1414 defensione
1835 1371 1977 1414 omnia

423 1449 692 1503 constituens,
727 1463 752 1491 a
782 1449 879 1492 sede
909 1449 1141 1505 apostolica
1173 1449 1410 1491 huiusmodi
1441 1448 1598 1504 scripta
1628 1448 1833 1505 suscepit:

544 1526 610 1567 19.
667 1535 833 1578 „Calixtus
867 1536 1043 1579 episcopus
1074 1547 1190 1569 servus
1221 1547 1389 1569 servorum
1423 1536 1488 1568 Dei
1519 1535 1702 1568 venerabili
1734 1535 1830 1568 fratri
1862 1534 1977 1568 ottoni

422 1594 698 1637 Babenbergensi
730 1594 886 1637 episcopo
918 1594 1058 1628 salutem
1090 1600 1124 1628 et
1155 1594 1370 1638 apostolicam
1395 1594 1671 1628 benedictionem.
1772 1593 1877 1628 Bonis
1904 1593 1974 1628 fra-

422 1660 508 1686 trum
539 1659 726 1687 nostrorum
758 1653 875 1686 studiis
907 1665 973 1686 non
1007 1653 1112 1687 solum
1144 1654 1257 1686 favere
1290 1654 1350 1686 sed
1383 1653 1426 1686 ad
1451 1664 1492 1686 ea
1520 1653 1667 1696 ipsorum
1692 1653 1792 1686 etiam
1817 1652 1976 1686 debemus

423 1712 548 1745 animos
573 1711 723 1745 incitare.
772 1712 851 1745 Tuis
877 1723 968 1755 ergo,
994 1712 1169 1745 karissime
1195 1717 1229 1745 et
1245 1711 1444 1745 venerabilis
1469 1712 1572 1745 frater
1590 1711 1668 1745 Otto
1685 1705 1976 1754 Babenbergensis

423 1771 591 1814 episcope,
617 1771 913 1813 supplicationibus
939 1771 1097 1811 inclinati,
1122 1771 1334 1811 monasteria,
1361 1782 1424 1813 que
1448 1770 1522 1813 ipse
1546 1770 1689 1813 propriis
1706 1770 1891 1813 sumptibus
1915 1780 1974 1803 ex-

423 1829 571 1862 struxisti
595 1835 647 1869 et,
680 1829 955 1872 Babenbergensi
980 1829 1120 1863 ecclesie
1146 1830 1337 1869 conferens,
1373 1829 1554 1872 apostolice
1579 1829 1668 1862 sedis
1693 1828 1842 1865 roborari
1865 1827 1974 1862 muni-

422 1889 511 1921 mine
536 1888 716 1930 quesivisti,
742 1888 776 1921 in
801 1889 891 1921 beati
908 1879 999 1921 'Petri
1024 1889 1160 1932 eiusque
1185 1889 1336 1922 Romane
1362 1888 1500 1921 ecclesie
1525 1888 1764 1931 protectionem
1781 1887 1976 1933 suscipimus

424 1952 538 1980 contra
569 1959 746 1990 pravorum
770 1947 938 1980 hominum
963 1947 1148 1990 nequiciam
1175 1947 1398 1980 defendenda.
1443 1946 1624 1979 statuimus
1650 1952 1816 1990 ergosut
1840 1958 1975 1989 posses-

424 2006 534 2039 siones
566 2005 684 2048 predia
709 2011 743 2038 et
767 2006 877 2039 omnia
906 2007 1011 2046 bona,
1043 2018 1106 2049 que
1138 2012 1172 2039 et
1195 2005 1387 2039 fraternitas
1411 2010 1470 2038 tua
1494 2005 1620 2039 eisdem
1642 2005 1850 2039 monasteriis
1875 2004 1978 2038 divini

423 2064 543 2098 amoris
573 2064 694 2097 intuitu
725 2064 862 2098 contulit
897 2076 1027 2107 queque
1060 2064 1197 2098 aliorum
1229 2064 1376 2097 fidelium
1407 2064 1495 2096 iusta
1527 2063 1694 2098 oblatione
1718 2074 1876 2098 concessa
1901 2069 1978 2097 sunt

424 2129 481 2156 aut
513 2124 547 2156 in
571 2123 718 2156 futurum
742 2123 828 2156 iuste
853 2123 1047 2166 legaliterve
1073 2124 1198 2166 acquiri
1221 2123 1275 2156 vel
1299 2122 1409 2156 offerri
1434 2122 1626 2165 contigerit,
1658 2122 1754 2156 firma
1778 2122 1826 2156 cis
1851 2127 1886 2155 et
1908 2121 1975 2156 illi-

423 2183 503 2215 bata
526 2182 668 2215 Domino
694 2187 828 2214 auctore
854 2188 1081 2224 permaneant.
1123 2181 1359 2215 Ordinationes
1385 2192 1465 2214 sane
1491 2181 1649 2214 abbatum
1665 2181 1718 2214 vel
1742 2180 1977 2214 monachorum

425 2253 558 2274 suorum
582 2253 601 2273 a
626 2240 795 2274 catholicis
821 2240 987 2283 episcopis
1013 2241 1198 2274 diocesanis
1224 2240 1398 2282 accipiant.
1437 2240 1563 2272 Rerum
1588 2251 1664 2273 vero
1689 2237 1975 2282 ipsorum‘mona-

425 2300 599 2333 steriorum
623 2310 736 2332 curam
762 2305 796 2332 et
820 2299 1139 2331 administrationem
1162 2299 1196 2331 in
1221 2305 1279 2332 tuo
1304 2304 1499 2341 tuorumque
1524 2309 1750 2331 successorum
1782 2297 1918 2331 arbitrio
1943 2303 1978 2330 et

424 2364 591 2401 potestate
616 2369 753 2390 manere
779 2368 962 2390 censemus.
991 2356 1083 2389 Nulli
1105 2357 1217 2400 itaque
1242 2358 1409 2391 hominum
1426 2356 1566 2390 facultas
1584 2356 1627 2389 sit
1643 2356 1761 2389 eadem
1777 2356 1978 2390 monasteria

423 2417 620 2459 perturbare
646 2422 703 2449 aut
727 2427 840 2449 eorum
864 2416 1092 2459 possessiones
1111 2416 1241 2449 auferre
1259 2416 1312 2448 vel
1329 2416 1457 2449 ablatas
1474 2415 1618 2447 retinere
1635 2415 1783 2448 minuere
1800 2415 1853 2448 vel
1868 2420 1975 2448 teme-

424 2475 519 2508 rariis
544 2474 773 2507 vexationibus
798 2475 941 2518 fatigare
950 2487 959 2514 ;
986 2474 1046 2507 sed
1071 2474 1181 2507 omnia
1205 2474 1337 2517 integra
1362 2479 1609 2513 conserventur,
1635 2484 1759 2513 eorum,
1785 2477 1867 2516 pro’
1893 2485 1975 2516 quo-

425 2545 497 2565 rum
522 2534 764 2566 sustentatione
797 2539 831 2566 et
856 2533 1098 2576 gubernatione
1124 2544 1283 2566 concessa
1307 2538 1402 2573 sunt,
1434 2533 1548 2565 usibus
1574 2532 1769 2565 omnimodis
1794 2532 1976 2575 profutura.

426 2592 463 2624 Si
487 2603 552 2634 qua
576 2592 677 2634 igitur
701 2591 926 2626 ecclesiastica
951 2591 1150 2625 secularisve
1175 2603 1329 2634 persona,
1361 2592 1447 2624 hanc
1470 2596 1584 2624 nostre
1609 2590 1853 2624 constitutionis
1875 2590 1975 2633 pagi-

426 2661 503 2682 nam
528 2650 647 2689 sciens,
673 2655 788 2683 contra
813 2661 886 2683 eam
910 2656 1034 2683 temere
1052 2650 1164 2683 venire
1188 2650 1410 2693 temptaverit,
1436 2649 1581 2683 secundo
1598 2649 1743 2683 terciove
1769 2649 1976 2688 commonita,

426 2707 454 2739 si
478 2719 544 2740 non
569 2708 795 2741 satisfactione
820 2720 968 2752 congrua
992 2708 1229 2749 emendaverit,
1253 2708 1427 2751 potestatis
1453 2707 1652 2750 honorisque
1671 2708 1720 2741 sui
1738 2707 1901 2751 dignitate
1919 2718 1975 2740 ca-

425 2771 498 2798 reat
522 2777 678 2808 reamque
704 2777 740 2799 se
773 2767 884 2800 divino
916 2767 1036 2800 iudicio
1062 2767 1203 2800 existere
1229 2767 1271 2800 de
1302 2771 1496 2810 perpetrata
1526 2766 1700 2809 iniquitate
1733 2770 1913 2809 cognoscat
1943 2771 1978 2797 et

426 2835 446 2856 a
471 2824 692 2857 sacratissimo
718 2836 855 2867 corpore
881 2836 920 2858 ac
945 2825 1106 2867 sanguine
1127 2826 1191 2858 Dei
1215 2832 1250 2858 et
1266 2825 1390 2858 domini
1406 2824 1624 2867 redemptoris
1640 2825 1744 2858 nostri
1761 2825 1836 2857 Iesu
1856 2823 1978 2856 Christi

425 2881 535 2914 aliena
559 2881 618 2914 fiat
643 2888 742 2924 atque
766 2883 799 2915 in
825 2889 971 2916 extremo
997 2883 1147 2916 examine
1173 2884 1320 2916 districte
1344 2882 1461 2915 ultioni
1486 2883 1665 2916 subiaceat.
1708 2882 1841 2915 Cunctis
1867 2886 1977 2915 autem

522 3002 549 3023 a.
581 2993 628 3023 vel
650 2993 690 3030 N,
714 2994 744 3023 et
769 2992 800 3031 C,
822 3003 877 3033 pro
900 2995 938 3025 Β.
1345 2988 1375 3022 1.
1401 2986 1527 3022 Matth.
1548 2987 1603 3032 11,
1629 2988 1662 3022 5.
