2028 3438
382 251 469 295 506
726 264 974 296 Ems'romn
1005 264 1373 295 BAMBERGENSES.
1426 263 1478 296 12.
1499 262 1541 297 13

267 380 358 415 1106
383 369 564 424 studere,
597 370 804 424 quomodo
835 371 885 413 de
915 370 1072 413 iniuria
1091 371 1135 412 in
1166 370 1358 414 manibus
1379 370 1529 413 vestris
1560 369 1681 414 nobis
1708 369 1828 415 illata
1855 372 1932 428 p'er

288 428 343 457 ¹⁰¹⁶
381 459 456 489 vos
485 447 694 503 possimus
724 459 972 503 recuperare
1003 446 1225 489 iusticiam.
1801 459 1806 463 “

232 2654 322 2689 1106

191 2703 244 2732 Iul.
260 2712 306 2732 ex.
327 2717 355 2721 —

214 2746 288 2782 Aug.
309 2745 349 2773 in.

498 522 585 565 Nos
617 526 779 566 autem*
808 536 884 579 pro
921 523 1093 566 consilio
1124 526 1263 565 vestro
1294 525 1337 565 et
1374 522 1572 578 aliorum,
1613 522 1684 578 qui
1719 529 1819 567 nos-'⁴
1837 523 1931 568 odio

382 612 466 642 non
495 598 663 654 habent,
701 598 1015 653 religiosorumb
1046 599 1233 642 virorum
1264 599 1401 655 parati
1431 613 1590 655 summ,
1625 602 1713 644 tam
1742 599 1828 645 filio
1857 613 1933 645 no-

382 678 482 729 stro,
515 675 552 718 si
581 675 626 718 in
657 675 794 731 aliquo
828 689 921 718 eum
954 674 1213 730 offendimus,
1246 688 1369 730 quam
1392 675 1517 720 alicui
1537 676 1581 719 in
1606 689 1735 731 regno
1754 675 1951 743 libenter·

383 750 615 794 emendare.
662 751 873 806 Preterea,
905 752 1013 794 sicut
1042 751 1210 795 domino
1240 759 1372 808 papc⁰
1403 753 1448 795 in
1477 753 1696 809 presencia
1718 752 1937 812 legatisui

383 830 425 870 et
453 830 594 870 vestra
625 827 793 871 obedire
823 828 961 884 parati
995 828 1172 883 fuimus,
1211 828 1273 872 ita
1303 831 1345 872 et
1374 841 1485 871 nunc
1513 829 1652 885 parati
1688 839 1854 885 sumus,
1893 830 1933 874 ei

383 916 549 947 omnem
588 903 772 947 debitam
810 904 1085 947 reverentiam
1127 907 1169 948 et
1204 904 1486 948 obedienciam
1527 905 1688 950 sincero
1727 905 1858 950 corde
1891 909 1938 951 et

384 979 607 1023 devocione
638 981 947 1036 presentialiter
978 981 1174 1024 exhibere
1198 984 1239 1024 et
1259 1004 1314 1011 —
1336 984 1423 1024 tam
1455 982 1627 1026 consilio
1646 985 1933 1038 vestrosquam

383 1056 614 1112 spiritualis
646 1057 778 1112 patris
808 1057 943 1100 nostri
973 1057 1195 1112 H(ugonis)
1227 1057 1532 1101 Cloniacensis‘¹
1553 1058 1715 1103 abbatis
1736 1058 1937 1104 aliorum?

384 1146 464 1188 que
494 1133 783 1188 religiosorum
815 1134 1001 1177 virorum
1025 1157 1078 1164 —
1109 1134 1160 1177 de
1191 1137 1304 1177 statu
1337 1134 1507 1178 ecclesie
1545 1138 1587 1178 et
1615 1135 1772 1179 honore
1789 1135 1934 1191 mgni,

383 1213 585 1265 quantum
614 1211 659 1253 in
689 1210 808 1254 nobis
840 1214 916 1266 est,
948 1210 1180 1267 disponere.
1739 1251 1742 1256 .

501 1286 606 1329 Cum
643 1287 773 1341 igitur
808 1287 860 1330 ad
898 1287 975 1330 hec
1011 1287 1152 1330 omnia
1191 1288 1329 1343 parati
1367 1288 1517 1343 simuS,
1555 1299 1751 1342 rogamus
1781 1300 1855 1332 vos
1890 1291 1936 1334 et

383 1363 535 1406 obnixe
565 1377 805 1419 precamur,
848 1364 1042 1419 quatinus
1076 1377 1152 1420 pro
1183 1363 1273 1407 Deo
1311 1367 1353 1407 et
1389 1364 1546 1408 honore
1574 1365 1694 1419 regni
1718 1368 1766 1410 :et
1781 1367 1934 1410 ,vestro

382 1440 590 1483 instanter
619 1441 825 1484 moneatis
855 1439 986 1483 filium
1017 1444 1221 1496 nostrum,
1253 1453 1347 1484 cum
1378 1440 1494 1484 nulla
1523 1441 1562 1484 ei
1592 1441 1819 1486 secundum
1839 1453 1934 1498 pre-

382 1517 512 1560 fatam
552 1518 805 1561 sentenciam
844 1517 1064 1561 adversum
1095 1530 1171 1560 nos
1202 1517 1370 1560 residua
1399 1518 1455 1563 sit
1485 1518 1644 1573 ccasio,
1683 1517 1832 1562 amodo
1862 1517 1934 1563 de-

382 1593 505 1636 sistat
534 1607 611 1636 nos
642 1597 684 1636 et
717 1593 860 1637 fideles
891 1597 1057 1637 nostros
1094 1594 1308 1650 persequi3
1350 1597 1392 1637 et
1429 1594 1600 1650 pacifice
1630 1598 1673 1639 et
1703 1595 1843 1650 quiete
1870 1594 1934 1639 vi·-

382 1683 480 1713 vere
510 1671 741 1726 permittat,
774 1674 822 1714 ut
851 1684 980 1727 supra
1001 1671 1112 1714 dicta
1141 1670 1301 1724 integre
1322 1673 1364 1713 et
1384 1683 1477 1713 cum
1505 1670 1809 1726 tranquillitate
1838 1685 1934 1729 per-

381 1745 587 1790 ficiantur.
642 1747 797 1798 Quodsi
834 1747 1037 1802 noluerit,
1077 1760 1272 1801 rogamus
1308 1760 1381 1790 vos
1420 1760 1496 1804 per
1533 1747 1824 1792 auctoritatem
1851 1748 1935 1793 Ro-

382 1837 506 1867 mane
538 1823 723 1878 ecclesie,
755 1824 822 1866 cui
846 1837 921 1867 nos
944 1823 1243 1866 committimus
1265 1826 1307 1867 et
1328 1823 1552 1867 honorem⁸
1570 1825 1703 1880 regni,
1734 1838 1787 1869 ne
1808 1837 1935 1882 super

381 1915 457 1944 nos
490 1901 552 1944 et‘
581 1900 722 1944 fideles
753 1904 918 1944 nostros
944 1900 1135 1943 veniatis.
1181 1900 1287 1951 Quia
1317 1900 1585 1944 manifestum
1616 1905 1693 1956 est,
1723 1914 1809 1946 non
1838 1915 1933 1946 eum

383 1979 523 2021 divine
568 1978 671 2032 legis
718 1977 807 2020 zelo
845 1977 912 2020 vel
950 1976 1135 2020 Romane
1177 1976 1348 2020 ecclesie
1385 1977 1628 2032 dilectione,
1674 1978 1747 2022 sed
1784 1991 1934 2022 concu-

384 2055 589 2112 piscentia
617 2055 774 2109 regniss,
805 2057 925 2110 patre
955 2053 1110 2096 iniuste
1141 2066 1188 2097 eo
1220 2053 1398 2110 privato,
1429 2054 1508 2098 hoc
1536 2055 1755 2111 incepisse.
1806 2055 1935 2111 Apud

385 2146 505 2187 quem
538 2132 600 2174 sih
630 2130 917 2187 interpellacio
949 2134 1089 2174 vestra
1125 2129 1322 2184 nullaque
1353 2130 1436 2173 alia
1469 2131 1724 2175 intervencio
1756 2131 1934 2189 adpre-

384 2223 478 2252 sens
510 2208 708 2265 prodesse
738 2208 907 2264 poterit,
940 2207 1198 2263 appellamus
1219 2206 1450 2249 Romanum
1475 2207 1713 2263 pontificem
1743 2212 1786 2253 et
1814 2221 1934 2253 sanc-

382 2289 470 2329 tam
501 2285 779 2328 universalem
809 2284 1040 2327 Romanam
1072 2283 1212 2326 sedem
1244 2286 1286 2326 et
1317 2283 1547 2328 ecclesiam.

389 2407 467 2454 13.
505 2409 730 2452 Heinrious
758 2408 833 2452 IV
863 2410 1091 2464 imperator
1126 2409 1344 2464 principes
1382 2408 1515 2450 denuo
1555 2408 1814 2461 cohortatur,
1854 2410 1931 2451 ad-

501 2488 657 2528 ducant
686 2486 933 2528 Heinricum
962 2484 1003 2527 V
1027 2499 1182 2540 reqem,
1215 2492 1262 2526 ut
1291 2485 1512 2527 exercitum
1543 2485 1742 2538 dimittat,
1775 2500 1931 2529 aecum-

503 2577 581 2619 que
609 2564 729 2618 pacis
760 2562 1035 2617 conficiendae
1066 2575 1192 2603 causa
1224 2560 1495 2603 conveniant‘.

501 2644 756 2697 H(einricus)
778 2643 858 2687 Dei
880 2643 1016 2698 gratia
1030 2642 1313 2685 Romanorum
1333 2642 1561 2699 imperator
1582 2645 1782 2697 augustus
1798 2643 1932 2686 archi-

476 2735 501 2754 a.
536 2735 652 2764 quoque
670 2725 748 2756 Ekk.
844 2726 873 2755 b.
907 2725 1174 2763 religiosorumque
1189 2724 1267 2754 Ekk.
1365 2733 1390 2754 c.
1422 2733 1500 2763 papa
1514 2725 1552 2755 E.
1646 2725 1675 2754 d.
1709 2725 1879 2755 Cloacensis
1893 2725 1931 2754 Ε.

384 2787 410 2807 e.
443 2777 556 2808 honore
579 2779 617 2808 E.
721 2778 741 2808 f.
774 2786 865 2815 super
886 2777 957 2807 add.
973 2777 1052 2808 Ekk.
1146 2786 1173 2815 g.
1206 2786 1297 2814 regno
1318 2777 1357 2806 E.
1449 2776 1479 2806 h.
1512 2786 1568 2806 om.
1583 2777 1623 2806 E.
1718 2777 1739 2807 i.
1770 2777 1933 2816 Desoripsi

383 2840 420 2859 ex
451 2829 514 2867 (T)
550 2830 614 2861 coel.
637 2830 706 2861 bibl.
729 2829 919 2861 cathedralis
950 2830 1146 2860 Treverensis
1172 2830 1239 2859 102
1274 2828 1448 2869 (quondam
1475 2827 1738 2869 Abdinyhofensi)
1766 2828 1830 2869 sol.
1854 2830 1930 2866 6121,

382 2882 436 2912 ubi
456 2892 550 2912 manu
572 2893 651 2913 saec.
667 2883 732 2912 XII
745 2882 851 2922 posita
872 2882 947 2913 haec
968 2882 1098 2922 epistola
1120 2886 1181 2918 esu
1202 2886 1230 2912 et
1252 2891 1290 2912 ex
1313 2881 1375 2919 (E)
1400 2881 1463 2911 cod.
1481 2881 1534 2912 lat.
1548 2882 1731 2912 Monacensi
1747 2883 1859 2912 14096·
1881 2880 1931 2919 (S.

382 2935 601 2965 Emmerammz·
623 2935 685 2972 96)
708 2935 830 2966 membr.
852 2945 931 2966 saec.
946 2935 1016 2966 XII.
1048 2934 1223 2966 Ediderunt
1244 2934 1395 2965 Urstisius
1416 2933 1515 2964 Germ.
1531 2934 1613 2965 Hisc.
1627 2935 1704 2971 399,
1727 2933 1850 2965 Reuber
1871 2935 1931 2965 Vet.

383 2988 497 3027 Scripc.
520 2989 594 3018 201.
