2028 3438
592 209 815 240 nmmum
843 208 1015 241 consx.
1066 205 1134 240 190
1560 195 1648 238 329

82 332 177 359 ,2122
197 317 268 363 De
302 317 594 362 controversia
619 319 766 374 parta·
795 316 908 360 inter
946 315 1228 360 sacerdotium
1260 318 1302 359 et
1331 328 1529 371 regnum,
1570 328 1649 358 un·
1676 324 1769 360 1118

79 395 291 441 animitati
319 395 451 440 totius
474 394 682 440 ,ecclesiae
712 394 967 451 pernitiosa,
1004 393 1178 451 cupiens
1218 392 1378 449 aliquid
1407 392 1505 436 huic
1534 393 1650 449 parti

78 473 479 525 relflliconsonum
497 472 705 528 invenire,
737 471 916 516 evolutis
944 474 1151 528 quotquot
1175 473 1275 515 sunt
1300 469 1473 515 armarii
1492 471 1627 514 nostri
1640 467 1650 487 ¹

78 550 378 608 voluminibus,
414 551 558 609 sepius
588 550 845 605 investigare
874 549 980 606 cepi.
1031 548 1127 593 Non
1158 562 1239 606 quo
1270 549 1334 592 rei
1364 551 1509 592 tantae
1539 547 1649 591 diffi-

79 628 250 678 cultatis
269 631 333 678 fet·
362 627 666 686 implicationis
705 628 935 683 actionem,
979 640 1145 670 summa
1180 626 1529 682 diligentissimae
1565 625 1650 669 dis-

79 705 475 757 cretionis-cautela
503 705 782 761 tractandam,
814 705 1016 749 infronito
1047 704 1152 748 mihi
1182 717 1497 761 praesumerem
1528 717 1649 747 usur-

78 795 187 843 pare
200 807 259 826 ,v-
291 796 388 834 oum
415 783 494 828 ibi-
508 783 756 841 plerumque
786 783 922 838 magis
959 782 1216 826 confusionis
1254 781 1488 826 invalescat
1518 795 1649 838 error,

78 861 163 907 ubi,
181 861 253 908 reis
274 861 502 920 perplexae
527 861 674 908 minus
704 860 890 918 prudens
921 860 978 903 sit
1007 860 1220 904 discussor
1241 887 1295 899 ———
1321 860 1395 905 sed
1424 860 1520 904 ideo
1546 859 1648 904 feci:

79 939 118 989 si
154 939 363 997 quomodo
404 953 482 997 per
518 939 773 983 sententiam
809 938 996 994 aliquam
1027 938 1095 982 vel
1132 937 1395 995 exemplum,
1433 941 1650 996 repertum

78 1017 125 1068 in
140 1017 335 1067 ‚decretis
356 1018 557 1073 ‚gestisve
595 1016 842 1075 pontificum
872 1017 940 1061 vel
977 1030 1148 1072 regum,
1165 1007 1168 1015 ¹
1187 1030 1309 1060 meae¹
1343 1016 1649 1060 dubitationem

77 1095 343 1152 ignorantiae
365 1094 580 1139 =consolari
610 1108 792 1152 possem.
848 1094 1054 1146 Quociens
1086 1094 1200 1138 enim
1229 1094 1470 1151 perpendo,
1502 1107 1649 1150 quam-

78 1172 284 1231 plurimos
322 1172 492 1229 utrique
533 1173 647 1230 parti
682 1173 826 1217 favere
863 1173 998 1229 viros,
1044 1173 1160 1216 omni
1206 1175 1409 1229 quantum
1456 1171 1648 1216 homines

77 1253 262 1310 possunt
287 1251 496 1309 perfectos
527 1251 704 1295 scientia
735 1251 932 1307 omnique
963 1251 1178 1309 praeditos
1208 1250 1437 1304 industria3
1470 1262 1649 1306 cumque

77 1329 205 1375 nefas⁴
227 1329 285 1374 sit
321 1329 512 1385 credere,
551 1328 654 1373 hos*
687 1329 759 1373 vel·
783 1328 879 1372 illos
917 1329 1075 1385 aliquid
1112 1331 1282 1386 praeter
1321 1328 1551 1384 equitatem
1582 1327 1649 1372 vel

78 1407 280 1458 ecclesiae
309 1407 575 1452 concordiam
605 1407 747 1451 moliri
767 1406 894 1461 velle3
926 1407 1116 1464 parvitas
1147 1420 1266 1450 meae
1287 1406 1552 1450 discretionis
1583 1405 1649 1449 in—

78 1485 185 1544 cipit
211 1485 424 1542 vacillare,
456 1498 541 1529 non
570 1484 738 1529 modica
767 1485 1042 1556 dubitatiqnis
1073 1485 1255 1529 obducta
1285 1484 1476 1539 caligine.

81 1610 85 1613 ,
179 1562 287 1608 vHec
315 1563 460 1620 itaque
480 1576 576 1607 cum
597 1563 874 1619 intenderem,
905 1563 951 1607 in
972 1562 1198 1607 armariolo
1219 1563 1525 1607 venerabilium
1549 1575 1648 1607 con-

75 1641 257 1690 fratrum
301 1644 542 1687 nostrorum
586 1638 912 1686 monachorum²
951 1642 997 1685 in
1037 1640 1120 1685 fine
1165 1641 1384 1685 cuiusdam
1422 1641 1648 1686 voluminis

78 1719 472 1776 quaterniunculum
494 1719 765 1777 deprehendi,
785 1720 831 1764 in
852 1733 933 1776 quo
952 1720 1156 1777 scriptum
1180 1719 1391 1775 quoddam
1413 1719 1465 1764 de
1481 1723 1648 1764 contro-

76 1797 239 1853 versia,
274 1797 386 1842 inter
415 1797 752 1842 Hildebrandum
792 1802 834 1842 et
870 1798 1170 1855 imperatorem
1202 1797 1449 1842 Heinricum
1487 1798 1646 1854 habita,

77 1875 170 1920 sine
201 1875 387 1920 auctoris
423 1876 594 1920 nomine
631 1876 812 1933 repperi.
864 1875 1047 1920 Retulit⁰
1079 1879 1221 1920 tamen
1253 1876 1357 1920 mihi
1388 1877 1506 1934 prior
1537 1877 1646 1921 eius-

77 1953 173 1999 dem
192 1954 395 2003 cenobii:
436 1954 516 1998 hoc
545 1951 601 1984 '—
631 1954 806 1998 consilio
845 1953 1031 1998 Liemari
1069 1954 1311 1998 Bremensis
1353 1952 1563 2013 episcopi³
1605 1959 1648 2000 et

75 2028 311 2076 Pennonis⁴
349 2019 674 2088 O‘sniburgensis
714 2033 901 2090 episcopi
931 2057 986 2063 —
1017 2047 1042 2076 a
1071 2031 1269 2089 Widone,
1310 2033 1383 2090 qui
1420 2037 1463 2077 et-
1498 2036 1648 2091 postea

77 2110 299 2168 episcopus
321 2109 558 2166 Osniburge
588 2111 724 2154 factus
757 2109 856 2166 est⁵,
888 2110 1108 2155 collectum
1133 2125 1237 2155 esse.
1285 2111 1393 2156 Erat
1422 2116 1562 2156 autem
1594 2112 1646 2156 de

75 2187 212 2233 tribus
241 2188 535 2246 principaliter
564 2188 710 2233 rebus:
743 2189 794 2232 de
826 2188 1028 2233 electione
1058 2192 1101 2234 et
1130 2190 1444 2234 consecratione
1466 2190 1646 2234 Romani

75 2265 308 2324 ponfificis3
341 2266 455 2311 etde
476 2267 908 2312 excommunicatione
928 2267 1218 2324 imperatoris3
1248 2271 1290 2312 et
1310 2268 1362 2312 de
1384 2268 1646 2313 absolutione

74 2344 408 2390 iuramentorum
437 2345 528 2400 regi
557 2344 758 2389 fidelium.

194 2421 306 2467 Hinc
336 2422 480 2479 itaque
511 2423 718 2479 quaedam
750 2424 989 2481 excipiens,
1021 2424 1113 2467 visa
1144 2424 1247 2467 mihi
1279 2427 1546 2482 praesentem
1578 2437 1645 2469 ec·

76 2499 230 2546 clesiae
274 2501 635 2558 perturbationem
682 2502 946 2559 aliquatenus
993 2502 1200 2558 attingere
1210 2499 1239 2557 ⁶,
1285 2502 1439 2546 iudicio
1478 2505 1644 2547 vestrae

172 2617 200 2640 a.
232 2608 314 2648 parti
334 2608 392 2640 VZ.
607 2609 637 2639 b.
669 2609 727 2640 hos
749 2619 806 2640 om.
826 2609 856 2640 V.
1071 2618 1098 2640 c.
1130 2610 1248 2640 rettulit
1268 2610 1299 2641 V.

173 2679 204 2715 1.
229 2678 253 2714 i.
271 2689 304 2715 e.
327 2677 570 2715 bibliothecae
594 2680 850 2716 canonicorum
869 2679 1218 2725 Osnabrugensium.
1315 2681 1348 2717 2.
1374 2680 1644 2727 Iburgensium.

75 2738 110 2774 3.
138 2738 389 2774 1072—1101.
508 2739 542 2774 4.
569 2739 614 2785 ΙΙ,
640 2740 733 2776 1068
743 2740 895 2775 -1088,
1017 2740 1051 2775 5.
1077 2739 1162 2775 Fuit
1175 2740 1284 2776 Wido
1309 2751 1405 2777 anno
1422 2742 1517 2777 1090
1539 2751 1643 2788 prae-

74 2797 218 2843 positus
248 2798 425 2833 ecclesiae
454 2797 746 2844 osnabrugensis
779 2801 834 2843 (v.
861 2798 1001 2835 Erhard
1027 2799 1118 2845 Reg.
1142 2799 1226 2835 hist.
1244 2800 1448 2847 Westphal.
1473 2802 1490 2837 I
1520 2813 1555 2848 p.
1574 2803 1643 2838 206

76 2867 111 2892 n.
130 2857 237 2900 1252)
261 2857 489 2904 eandemque
514 2862 643 2903 postea
667 2859 861 2905 episcopus
886 2859 1166 2895 administrabat
1184 2859 1230 2895 ab
1251 2871 1283 2896 a.
1302 2861 1393 2897 1093
1417 2861 1463 2896 ad
1490 2872 1522 2897 a.
1541 2862 1642 2897 1101.

76 2917 110 2952 6.
140 2915 231 2952 Cum
257 2917 301 2953 T.
327 2916 503 2962 magister
527 2918 712 2964 aliquanto
737 2922 822 2965 post
845 2929 979 2954 annum
1007 2919 1099 2955 1101
1124 2918 1190 2955 has
1214 2920 1354 2956 litteras
1380 2920 1568 2966 scripserit
1592 2923 1642 2964 (v.

75 2985 186 3023 supra
210 2987 245 3012 n.
263 2976 312 3023 5),
338 2979 376 3013 et
400 2987 445 3013 ea
469 2978 591 3024 etiam,
617 2988 712 3024 qnae
738 2978 807 3025 „de
827 2978 1005 3015 electione
1029 2981 1067 3015 et
1082 2979 1358 3017 consecratione
1375 2980 1530 3017 Romani
1554 2990 1643 3027 pon-
