2028 3438
401 281 486 324 832
748 292 987 324 Hanssoam
1013 293 1253 325 DIALOGUS.
1301 294 1387 324 LIB.
1409 293 1462 324 111
1490 291 1547 326 38.
1565 291 1611 326 39

270 408 363 444 1102
399 414 502 442 cura
532 400 648 442 credi
672 401 884 455 pomiseet.
932 399 1005 442 Me
1025 413 1188 456 quoque
1214 401 1307 442 vivo
1339 408 1378 442 et
1395 401 1442 441 in
1462 401 1638 456 imperio
1661 394 1950 442 Romanorum

247 455 321 487 Dee.
337 456 376 487 ²⁵
397 477 548 532 posito,
583 477 659 532 qui
686 476 796 518 hunc
826 477 1014 531 tetiyerit,
1047 484 1185 532 tanyet
1211 476 1424 532 pupillam
1456 476 1568 519 oculi
1595 476 1687 518 mei.

516 551 593 594 His
629 550 786 605 modis,
832 551 910 594 hoc
946 551 1091 594 ordine
1130 551 1183 594 ad
1227 551 1493 608 pontificatus
1538 551 1714 606 gradum
1751 550 1951 595 scandere

399 630 580 683 coactus,
612 641 709 682 egre
730 627 898 683 quidem
931 630 972 671 et
1002 624 1097 670 cum
1116 627 1250 671 multa
1269 628 1517 672 hesitatione
1538 627 1750 671 consensit
1777 629 1950 684 proptor

400 704 450 748 de
470 705 720 747 investitura
739 691 1047 747 contentionem
1067 704 1177 747 inter
1197 718 1372 759 regnum
1393 708 1435 748 et
1455 705 1733 748 sacerdotium
1754 705 1798 748 et
1822 716 1950 760 prop-

398 784 464 824 ter
494 780 715 824 electiones
746 780 1012 824 ecclesiarum
1025 813 1037 835 ,
1077 794 1180 836 quas
1216 794 1417 825 evacuare
1457 794 1506 825 ac
1543 781 1624 825 sibi
1654 780 1878 825 vendicare
1906 780 1950 822 vi

398 854 533 912 magis
571 871 693 913 quam
733 857 841 900 iuste
886 856 1105 900 laborabat
1149 857 1379 914 imperialis
1427 857 1666 902 auctoritas.
1730 856 1951 912 Cogitabat

400 934 540 989 etiam,
571 946 655 977 non
687 933 842 988 absque
874 933 1106 977 divinitatis
1135 937 1241 977 nutu
1270 934 1395 977 tertia
1424 935 1510 978 iam
1542 935 1632 978 vice
1662 934 1949 991 episcopatum

400 1010 479 1054 sibi
511 1010 671 1064 offerri3
712 1024 833 1066 quem
867 1010 902 1052 si
931 1011 1056 1053 tertio
1094 1011 1378 1067 repudiasset,
1417 1011 1577 1066 timuit,
1615 1025 1669 1054 ne
1698 1010 1950 1055 sententiam

398 1087 630 1130 incurreret
659 1086 788 1142 illam,
822 1100 903 1142 qua
925 1087 1098 1130 dicitur:
1133 1088 1282 1131 Noluit
1305 1089 1637 1142 benedictionem,
1671 1097 1710 1132 et
1737 1088 1950 1145 elonqabi-

400 1173 469 1207 tur
488 1164 540 1206 ab
563 1161 644 1206 eo¹.
692 1163 836 1219 Itaque
867 1163 911 1206 in
931 1163 996 1206 his
1018 1164 1222 1219 angustiis
1255 1165 1428 1221 positus,
1462 1164 1570 1220 quod
1602 1164 1737 1208 solum
1767 1163 1951 1209 salutare

398 1239 587 1296 putabat,
621 1240 673 1283 ad
705 1243 848 1283 sancte
879 1243 921 1283 et
950 1241 1176 1296 apostolice
1208 1241 1318 1284 sedis
1350 1244 1392 1284 et
1420 1241 1623 1285 catholice
1652 1241 1800 1285 matris
1832 1239 1951 1284 auxi-

398 1316 502 1359 lium
523 1317 744 1371 confugere
765 1316 901 1371 elegit.
949 1317 997 1360 In
1026 1318 1119 1374 ipso
1140 1318 1269 1372 igitur
1290 1318 1479 1373 articulo,
1512 1318 1646 1362 adhuc
1665 1318 1710 1361 in
1731 1317 1846 1363 curia
1875 1330 1952 1374 po-

400 1393 519 1448 situs,
551 1396 694 1436 votum
724 1394 839 1436 vovit
868 1394 1071 1437 Domino:
1110 1408 1324 1450 nunquam
1355 1407 1400 1438 se
1434 1395 1478 1437 in
1510 1395 1758 1452 episcopatu¹
1781 1406 1951 1438 mansu-

399 1483 515 1525 rum,
553 1470 637 1513 nisi
677 1473 718 1513 et
748 1471 1101 1514 consecrationem
1138 1472 1299 1528 pariter
1337 1475 1379 1515 et
1415 1471 1711 1515 investituram
1740 1471 1951 1526 canonice,

400 1559 603 1589 consensu
625 1549 667 1590 et
692 1547 894 1603 petitione
915 1547 1087 1591 ecclesie
1108 1562 1194 1603 sue,
1228 1562 1253 1591 a
1272 1562 1400 1591 manu
1422 1548 1563 1591 domni
1585 1547 1801 1604 apostolici
1821 1546 1951 1591 susci-

400 1636 499 1678 pere
529 1626 771 1666 mereretur.

519 1699 642 1742 Diem
675 1703 813 1743 autem
844 1700 997 1743 natalis
1019 1700 1191 1743 Domini
1214 1699 1445 1755 Mogontie⁸
1477 1714 1572 1744 cum
1601 1701 1855 1756 imperatore
1885 1712 1952 1744 ce-

400 1776 590 1819 lebravit.
647 1776 809 1820 Dehinc
838 1777 1012 1820 retentis
1044 1791 1096 1820 ex
1126 1780 1259 1833 parte,
1292 1780 1416 1832 atque
1447 1791 1499 1820 ex
1529 1780 1649 1834 parte
1679 1777 1862 1820 dimissis
1892 1776 1951 1820 le-

401 1853 522 1907 gatis,
555 1853 626 1908 qui
656 1866 733 1909 pro
765 1867 809 1896 se
831 1857 1044 1908 venerant,
1076 1854 1122 1896 in
1143 1853 1258 1897 curia
1284 1854 1440 1897 mansit
1460 1854 1605 1898 diebus
1635 1867 1743 1910 pene
1773 1853 1951 1909 quadra-

401 1931 518 1985 ginta
549 1930 696 1974 decore
726 1943 877 1984 magno
909 1934 951 1974 et
980 1931 1210 1986 honestate,
1241 1931 1493 1987 imperatore
1521 1931 1614 1987 ipso
1640 1933 1682 1974 et
1711 1930 1826 1974 omni
1855 1929 1951 1973 aula

400 2007 628 2063 plurimum
660 2007 699 2050 ei
729 2007 951 2051 deferente.

285 2094 376 2129 1103
519 2084 588 2126 39.
632 2083 734 2126 Post
764 2084 840 2127 hec
869 2084 1063 2140 princeps
1084 2082 1362 2139 Augustensi2
1383 2088 1425 2128 et
1444 2080 1804 2138 Wirzeburgensi³
1832 2096 1952 2126 man-

402 2161 474 2203 dat
504 2160 710 2216 episcopis
743 2160 918 2216 aliisque
950 2161 1000 2203 de
1031 2161 1148 2204 curia
1178 2174 1255 2204 sua
1274 2161 1487 2204 honoratis
1507 2147 1626 2215 viris,
1655 2161 1727 2216 qui
1746 2159 1952 2203 honestis-

259 2247 346 2278 Febr.
361 2248 378 2277 1
403 2237 511 2279 sima
540 2237 738 2281 societate
770 2240 894 2293 atque
924 2238 1083 2291 ingenti
1115 2237 1314 2280 comitatu
1346 2237 1397 2280 ad
1429 2237 1570 2280 sedem
1601 2250 1722 2281 suam
1743 2236 1787 2280 in
1808 2235 1953 2291 vigilia

402 2313 704 2370 purificationis
744 2313 863 2356 beate
899 2327 1065 2369 semper
1096 2314 1268 2368 virginis
1299 2312 1455 2357 Marie⁴
1485 2313 1726 2358 Babenberc
1756 2326 1851 2356 eum
1881 2312 1952 2355 de-

371 2426 374 2428 .
403 2390 621 2445 ducebant,
653 2390 767 2433 omni
799 2389 907 2433 clero
939 2392 982 2433 et
1011 2390 1165 2446 populo
1196 2389 1242 2432 in
1271 2403 1422 2445 magno
1454 2390 1658 2433 desiderio
1691 2392 1732 2432 et
1758 2391 1952 2446 expecta-

402 2467 514 2510 tione
545 2467 705 2523 positis.
753 2466 898 2522 Itaque
928 2467 1237 2522 propinquante
1266 2466 1339 2509 illo
1371 2467 1424 2509 ad
1452 2465 1628 2521 locumb‚
1660 2465 1731 2509 ubi
1757 2465 1951 2522 primitus

403 2544 642 2599 conspicere
680 2543 818 2599 potuit
856 2543 1153 2586 monasterium
1194 2543 1451 2598 cathedrale,
1492 2543 1543 2586 ab
1582 2555 1686 2598 equo
1725 2541 1951 2596 descendit,

403 2619 676 2662 calciamenta
706 2619 848 2674 solvit,
881 2619 1158 2663 humilitatem
1190 2619 1326 2662 cordis
1355 2619 1502 2662 habitu
1532 2619 1717 2675 corporis
1748 2617 1950 2671 ostendit3

402 2695 561 2749 frigora
590 2696 708 2739 nives
741 2700 782 2739 ct
812 2695 987 2750 glaciem
1008 2695 1227 2739 Februarii
1256 2696 1378 2739 nudis
1408 2695 1584 2752 pedibus
1615 2708 1746 2750 usque
1766 2694 1813 2737 in
1833 2694 1950 2738 edem

496 2844 522 2864 a.
553 2835 726 2872 Mogontine
750 2835 797 2872 N,
825 2836 978 2873 Mogontia
1000 2836 1039 2866 R.
1203 2836 1233 2866 b.
1263 2835 1297 2866 in
1317 2835 1457 2875 margine
1477 2836 1514 2865 N
1536 2835 1581 2865 sic
1601 2834 1752 2874 scriptum
1775 2838 1836 2865 est:
1862 2834 1951 2864 Nota.

402 2887 558 2917 Paululum
580 2890 663 2917 extra
683 2888 785 2918 villam
805 2888 1025 2927 Ampherbach.

499 2951 531 2985 1.
556 2950 615 2985 Ps.
631 2951 709 2995 108,
729 2951 784 2986 18.
890 2953 923 2986 2.
950 2951 1167 2986 Hermanno.
1258 2951 1305 2991 ⁷3.
1330 2949 1546 2985 Emehardo.
1646 2950 1681 2985 4.
1707 2947 1761 2985 Cf.
1778 2947 1858 2984 Ebo
1875 2948 1892 2983 I
1908 2948 1948 2994 93

403 3010 441 3043 et
465 3018 575 3053 supra
597 3018 634 3053 p.
653 3009 733 3043 698.
