2028 3438
257 429 349 465 1121

197 479 280 518 Sept.
295 488 340 508 ex.
367 492 398 498 —

238 520 302 551 Oct.
325 520 366 550 in.

258 1587 351 1622 1122

197 1637 267 1675 post
279 1635 362 1675 Sept.
371 1637 410 1666 23

1856 298 1879 315 Q

422 299 508 343 518
801 311 1050 343 nmsromn·
1081 310 1449 342 BAMBERGENSES.
1497 309 1553 343 24.
1569 308 1614 342 25

423 418 635 462 elaborare
665 418 888 462 intendunt
898 425 926 473 ⁸,
957 421 1005 462 ut
1033 418 1079 461 in
1109 418 1186 461 hoc
1216 431 1391 472 regnum
1418 417 1618 461 honorem
1639 430 1762 461 suum
1779 417 1972 461 retineat.

421 495 605 551 Interim,
639 496 769 539 donec
798 495 842 538 id
871 494 958 550 fiat,
991 495 1177 551 episcopi
1208 498 1250 538 et
1280 507 1422 538 omnes
1454 494 1646 540 catholici
1676 494 1767 539 sine
1792 493 1883 538 ulla
1909 493 1974 538 in-

419 573 530 617 iuria
560 577 602 617 et
629 573 814 630 periculo
847 573 1178 615 communionem
1212 585 1330 615 suam
1361 571 1608 615 custodiant.

538 650 595 693 Et
617 651 652 693 si
673 651 717 693 in
738 652 950 706 posterum
974 649 1150 692 domnus
1171 649 1386 705 inperator
1406 648 1577 692 consilio
1599 648 1687 692 sive
1709 647 1974 703 suggestione

422 727 597 771 alicuius
629 727 758 770 ullam
789 727 831 769 in
865 739 1114 782 quemquam
1146 725 1372 769 vindictam
1411 739 1488 782 pro
1526 724 1604 768 hac
1635 724 1878 769 inimicicia-
1902 738 1974 768 ex-

422 804 707 859 suscitaverit,
744 816 948 847 consensu
979 806 1021 846 et
1049 803 1219 846 licentia
1254 803 1387 859 ipsius
1419 802 1497 845 hoc
1534 802 1645 845 inter
1681 815 1727 846 se
1762 802 1974 859 principes

422 871 686 925 confirment:
725 884 773 923 ut
802 881 885 937 ipsi
915 879 1086 923 insimul
1123 883 1398 936 permaneant
1435 882 1477 922 et
1515 892 1610 923 cum
1649 879 1766 922 omni
1801 879 1974 923 caritate

423 963 464 1002 et
492 959 748 1013 reverentia,
781 971 833 1001 ne
866 957 1023 1012 aliquid
1052 957 1199 999 horum
1231 957 1368 999 facere
1398 956 1521 1011 velit,
1561 969 1655 999 eum
1686 958 1972 1007 conmoneant.

423 1035 469 1079 Si
499 1039 637 1079 autem
659 1035 835 1078 domnus
867 1035 1082 1091 inperator
1111 1034 1189 1077 hoc
1216 1034 1434 1077 consilium
1466 1033 1717 1090 preterierit,
1748 1033 1974 1090 principeS,

422 1113 530 1156 sicut
560 1113 611 1156 ad
641 1113 819 1156 invicem
851 1111 976 1155 fidem
1009 1110 1224 1167 dederunt,
1255 1111 1316 1154 ita
1348 1124 1440 1155 eam
1472 1110 1703 1154 observent.

424 1253 505 1300 25.
542 1254 790 1298 Adelbertus
811 1254 842 1296 I
875 1254 1211 1310 archiepiscopus
1249 1254 1524 1310 Moquntinue
1562 1251 1724 1296 Calioeto
1747 1253 1806 1297 II
1808 1299 1814 1304 ,
1834 1267 1975 1310 papae

541 1333 591 1375 de
615 1341 743 1389 pacto
765 1331 1058 1374 Wormatiensi
1074 1331 1213 1386 refert.
1261 1331 1386 1383 Petit,
1409 1339 1456 1373 ut
1476 1330 1714 1373 Rokkerum
1737 1332 1976 1388 episcopum

542 1409 917 1465 Wrzeburqensem
937 1417 1113 1451 tueatur.
1154 1407 1355 1460 Excusat,
1387 1407 1662 1450 valetudinem
1682 1423 1852 1451 causam
1875 1423 1972 1462 esse,

541 1502 615 1530 cur
646 1489 703 1530 ad
733 1487 954 1529 concilium
985 1486 1224 1528 Romanum
1253 1500 1337 1527 non
1369 1483 1574 1528 accedacb.

541 1575 704 1618 Calixto
737 1575 976 1618 beatissimo
1010 1574 1177 1617 domino
1209 1587 1283 1616 suo
1324 1577 1366 1616 et
1406 1574 1519 1630 patri
1549 1572 1798 1617 universalis
1828 1574 1976 1618 eclesie

422 1652 610 1710 pontifici
641 1653 951 1708 A(delbertus),
988 1651 1068 1694 Dei
1106 1651 1242 1705 gratia
1280 1655 1322 1694 et
1362 1652 1426 1694 sui
1463 1651 1749 1695 misericordia
1779 1651 1976 1707 quicquid

423 1734 499 1786 est,
532 1730 715 1774 debitam
747 1743 840 1774 cum
873 1729 986 1773 omni
1017 1728 1240 1772 devocione
1272 1728 1564 1772 obedientiam.

541 1807 588 1850 In
619 1807 761 1850 multis
799 1810 840 1850 et
873 1807 1037 1861 magnis
1073 1805 1431 1862 persecutionibus
1471 1809 1513 1849 et
1543 1805 1746 1860 angustiis
1776 1805 1975 1850 hactenus

423 1885 564 1942 positi,
597 1885 787 1940 quotiens
820 1884 871 1927 de
892 1896 1072 1940 persona
1092 1883 1233 1925 domni
1254 1883 1506 1939 inperatoris
1529 1882 1819 1939 scripserimus
1829 1882 1976 1927 'vestre

424 1962 648 2017 maiestati,
681 1961 779 2017 quid
811 1961 955 2004 nobis⁰
986 1960 1183 2018 placeret,
1220 1960 1319 2015 quid
1349 1961 1561 2017 principes
1592 1960 1726 2003 nostri
1755 1960 1976 2004 1111168611-

424 2041 571 2095 tirent,
610 2039 654 2082 in
691 2052 773 2094 qua
809 2039 976 2082 demum
1015 2037 1228 2081 sentencia
1264 2038 1574 2092 convenissent,
1616 2051 1700 2081 non
1737 2036 1976 2081 dubitamus

424 2117 637 2161 reeordari
657 2119 794 2160 vestre
826 2115 1088 2158 discretionis
1120 2114 1433 2158 beatitudinem.
1544 2115 1602 2158 Et
1630 2115 1674 2158 in
1694 2115 1759 2158 his
1784 2115 1975 2159 omnibus

424 2209 500 2252 per
530 2194 693 2237 litteras
728 2196 769 2236 et
801 2193 975 2236 nuncios
1008 2196 1166 2235 vestros
1206 2193 1495 2247 cognovimus,
1534 2192 1644 2236 circa
1680 2192 1758 2236 hoc
1793 2193 1977 2237 maxime

426 2285 591 2328 semper
622 2271 782 2314 versari
802 2272 940 2313 vestre
971 2270 1139 2327 pietatis
1171 2269 1443 2312 desiderium:
1475 2272 1523 2312 ut
1554 2269 1782 2326 apostolica
1809 2269 1976 2327 dispen-

425 2349 600 2404 satione,
622 2348 771 2391 vestris
793 2347 1058 2404 potissimum
1080 2347 1238 2401 diebuS,
1270 2359 1353 2403 pax
1375 2350 1417 2389 et
1438 2346 1659 2390 concordia
1680 2346 1978 2390 descenderent

424 2427 469 2470 in
498 2427 741 2469 universum
772 2425 993 2478 mundum3
1035 2424 1071 2466 si
1109 2427 1250 2467 tamen
1279 2424 1340 2466 ita
1379 2437 1470 2467 eam
1508 2437 1653 2480 pacem
1690 2424 1905 2481 inperator
1935 2427 1977 2467 et

426 2504 545 2547 daret
586 2506 627 2546 et
662 2503 910 2559 susciperet,
950 2501 1060 2556 quod
1099 2501 1297 2544 honorem
1328 2500 1406 2544 Dei
1445 2504 1487 2544 et
1522 2501 1669 2544 matris
1708 2501 1856 2545 eclesie
1893 2515 1975 2544 non

401 2584 403 2586 ’
426 2580 672 2624 obfuscaret.

543 2655 762 2713 Acceptis‘¹
793 2656 935 2711 itaque
967 2654 1146 2698 dominis
1179 2657 1219 2698 et
1249 2655 1438 2711 patribus
1468 2655 1622 2698 nostris
1659 2654 1938 2699 cardinalibus
1951 2653 1974 2711 ¹,

520 2784 546 2804 a.
577 2763 679 2804 itendt
698 2783 722 2804 c.
889 2772 917 2802 b.
956 2772 1119 2812 Descripsi
1152 2782 1190 2803 ex
1217 2772 1402 2803 Annalz'stae
1431 2773 1566 2803 Saxonis
1601 2772 1664 2804 cod.
1687 2772 1757 2803 bibl.
1777 2773 1848 2812 imp.
1869 2772 1976 2803 Paris.

429 2829 531 2857 11851
554 2825 724 2867 (quondam
747 2826 778 2856 S.
797 2824 945 2856 Germani
966 2824 1045 2863 440)
1066 2824 1129 2865 sol.
1146 2826 1250 2862 224v,
1278 2825 1332 2856 ubi
1352 2825 1426 2856 haec
1448 2825 1578 2866 epistola
1604 2826 1696 2856 rebus
1718 2826 1794 2856 anni
1813 2827 1900 2857 1122
1920 2826 1976 2856 ad-

428 2880 495 2910 dita
517 2885 569 2910 est.
610 2879 786 2910 Ediderunt
806 2879 951 2908 Martem
979 2883 1008 2909 et
1029 2878 1166 2908 Durand
1191 2874 1262 2909 Con.
1281 2879 1299 2908 I
1321 2879 1389 2909 671.
1514 2888 1540 2908 0.
1571 2879 1656 2908 vobis
1678 2879 1742 2909 cod.
1867 2880 1896 2909 d.
1927 2889 1975 2909 ac-

427 2943 482 2973 cep
504 2933 568 2963 cod.

523 2991 555 3026 1.
588 2989 784 3025 Lamberto
815 2989 986 3034 episcopo
1018 2987 1193 3035 Ostiensi,
1232 2988 1375 3025 Saxone
1407 2988 1526 3035 presb.
1552 2988 1649 3025 card.
1675 2988 1711 3025 S.
1737 2988 1910 3035 Stephani
1939 2988 1976 3024 in

429 3052 551 3086 monte
577 3049 711 3096 Coelio,
737 3047 911 3094 Gregorio
936 3046 1028 3083 diac,
1050 3048 1146 3084 card.
