2028 3438
287 394 379 430 1135

298 443 363 474 Oct.

224 1481 292 1509 ante
315 1478 380 1510 Oct.

323 2634 388 2664 Oct.

402 266 488 310 524
813 279 1061 311 EPISTOLAE
1092 279 1462 311 BAMBERGEnsns,
1509 277 1556 311 29

403 383 574 430 eclesie¹
606 399 790 430 essemus
822 385 1015 441 obligati,
1056 386 1092 429 si
1122 385 1464 429 Halberstadensi
1495 385 1644 430 eclesie
1680 384 1956 431 meliuscon-

403 463 558 507 sultum
590 466 712 506 esset.
1616 468 1617 471 ’
1854 468 1860 475 ’

525 539 659 597 Super
697 540 814 584 cuius
852 540 1023 595 negocio
1062 539 1201 595 sepius
1238 539 1317 583 hoc
1355 552 1463 582 anno
1508 539 1689 583 nuntios·
1714 542 1758 583 et
1783 539 1956 585 'litteras

403 620 569 661 nostras
601 618 679 661 tibi
710 617 959 670 direximus3
991 617 1035 659 in
1068 617 1240 672 quibus,
1272 619 1378 660 teste
1408 616 1521 672 Deo,
1552 616 1614 660 nil
1643 616 1725 661 nisi
1754 614 1818 661 rei
1835 617 1956 661 ‘veri-

404 698 533 738 tatem
566 698 607 738 et
638 694 827 737 ordinem
860 693 1022 737 executi
1054 707 1218 748 sumus,
1258 694 1425 736 omnino
1458 693 1568 737 circa
1598 693 1677 737 hoc
1705 693 1880 750 intenti,
1911 697 1959 738 ut

405 785 551 828 pacem
574 775 615 815 et
635 771 897 814 concordiam
922 770 1057 813 eidem
1078 771 1399 814 reformaremus
1422 770 1582 814 eclesie.
1614 769 1801 822 Qualiter
1816 773 1956 814 autem

404 849 448 891 id
481 849 650 904 quidam
688 848 911 891 mendatiis
950 848 1035 890 suis
1075 847 1354 904 perverterint
1391 851 1514 903 teque
1546 861 1571 890 a
1605 847 1777 891 consilio
1814 853 1957 892 nostro

407 925 646 980 averterint,
678 925 829 968 iterato
859 925 937 968 tibi
969 925 1097 968 scribi
1126 938 1210 968 11011
1242 927 1417 981 oportet.
1470 924 1560 968 Hoc
1589 927 1732 968 tamen
1759 937 1841 982 pro¹
1861 937 1959 969 0011-

406 1003 535 1046 stanti
573 1002 649 1046 tibi
688 1003 995 1059 promittimus,
1043 1002 1152 1057 quod
1189 1015 1326 1045 eoram
1368 1001 1518 1045 eclesia
1554 1001 1742 1046 Romana
1777 1001 1824 1046 in
1863 991 1959 1059 pre-

406 1080 543 1123 sentia
562 1083 636 1123 tua
656 1079 743 1123 vita
764 1080 914 1123 comite
936 1079 1150 1123 evidenter
1170 1079 1454 1136 probabimus,
1487 1079 1627 1122 omnia
1644 1092 1692 1122 se
1711 1078 1772 1123 ita
1790 1077 1958 1134 habere,

407 1158 515 1201 sicut
544 1157 694 1200 nuncio
726 1160 868 1199 nostro
891 1160 932 1199 et
960 1157 1112 1200 litteris
1138 1156 1215 1200 tibi
1246 1155 1582 1211 significavimus.
1636 1155 1723 1200 Nec
1741 1155 1959 1201 tamenob

407 1238 690 1291 contemptum
724 1234 888 1277 consilii
918 1235 1052 1277 nostri
1083 1235 1220 1276 minus
1253 1234 1467 1289 vellemus,
1498 1234 1535 1276 si
1566 1247 1646 1289 quo
1667 1232 1789 1277 modo
1819 1233 1959 1276 unitas

408 1316 449 1355 et
480 1311 701 1355 concordia
735 1311 954 1354 reformari
993 1311 1210 1367 potuisset.
1265 1309 1459 1366 Satisque
1496 1311 1610 1367 passi
1640 1311 1883 1366 fuissemus,
1924 1310 1960 1353 si

406 1390 451 1432 in
482 1389 559 1431 hoc
591 1388 700 1431 malo
731 1388 883 1444 aliquis
915 1402 1013 1431 usus
1044 1388 1203 1431 suisset.
1252 1387 1368 1439 Quod
1399 1388 1522 1443 longe
1554 1388 1676 1431 aliter
1707 1380 1781 1432 est.

524 1466 637 1509 Dum
659 1466 769 1509 enim
802 1466 1029 1508 secundum
1060 1465 1325 1522 paternitatis
1347 1468 1417 1508 tue
1447 1468 1688 1523 preceptum
1718 1461 1869 1509 eclesia
1887 1463 1961 1508 illa

406 1545 451 1587 in
483 1544 675 1598 eligenda
714 1556 892 1600 persona
929 1543 1149 1586 convenire
1188 1542 1400 1586 debuisset
1428 1546 1516 1585 tam
1547 1542 1694 1586 eclesie
1733 1555 1859 1598 quam
1896 1542 1961 1585 in-

407 1621 524 1678 perio
562 1621 732 1675 idonea,
780 1621 859 1663 due
897 1624 1038 1676 partes
1077 1620 1186 1662 facte
1226 1623 1334 1663 sunt.
1392 1619 1500 1662 Nam
1544 1619 1734 1663 canonici
1774 1618 1960 1662 matricis

408 1698 556 1742 eclesie
589 1698 832 1741 electionem
864 1697 914 1740 de
935 1697 1116 1740 Martino
1144 1698 1356 1754 preposito
1378 1721 1433 1726 -—
1455 1692 1874 1752 factam'aliquando’
1901 1719 1956 1725 -—

406 1775 697 1833 proponebant
727 1775 915 1830 hancque
938 1788 1096 1829 omnes,
1131 1775 1316 1830 exceptis
1349 1777 1538 1830 quatuor,
1570 1773 1824 1817 unanimiter
1844 1772 1959 1817 affir-

406 1854 599 1907 mabant3
637 1856 722 1895 tres
754 1855 917 1895 tantum
949 1852 1052 1895 alias
1083 1865 1283 1908 personas
1316 1851 1501 1895 eiusdem
1533 1850 1681 1895 eclesie
1714 1850 1959 1895 secundario

408 1931 687 1985 designantes,
719 1934 778 1985 ut,
812 1930 848 1972 si
878 1929 1000 1972 huius
1032 1929 1228 1973 canonice
1258 1929 1498 1984 reiceretur,
1535 1942 1662 1972 unam
1688 1929 1866 1972 istarum
1886 1927 1959 1972 ob-

408 2008 602 2051 tinerent.
724 2007 950 2062 Regulares
986 2020 1105 2061 vero,
1142 2006 1301 2049 nullam
1338 2006 1513 2049 istarum
1552 2006 1853 2063 approbantes,
1893 2018 1959 2049 as-

409 2099 578 2128 sensum
609 2085 672 2128 his
703 2098 787 2127 11011
826 2084 1093 2141 prebuerunt.
1145 2082 1295 2139 Sicque
1325 2083 1535 2127 communi
1573 2083 1790 2140 utriusque
1826 2082 1959 2140 partis

409 2163 581 2206 consilio
614 2162 858 2205 electionem
889 2161 933 2203 in
964 2164 1206 2216 sequentem
1238 2161 1348 2204 diem
1379 2160 1641 2204 distulerunt.

527 2240 699 2283 Interim
731 2238 957 2294 regulares,
991 2238 1200 2282 advocatis
1233 2241 1409 2293 quatuor
1442 2238 1549 2282 sicut
1579 2237 1760 2281 diximus
1790 2236 1841 2280 de
1870 2250 1959 2280 ma-

409 2317 488 2360 iori
520 2317 690 2372 eclesia,
728 2316 988 2360 Gerhardum
1021 2316 1279 2372 prepositum
1313 2315 1543 2370 elegerunt3
1583 2314 1693 2358 clero
1726 2317 1768 2358 et
1804 2312 1958 2371 populo

411 2394 582 2437 alterius
620 2394 754 2451 partis
792 2394 922 2436 invito
964 2397 1004 2436 et
1046 2393 1298 2437 reclamante
1340 2395 1381 2435 et
1419 2391 1656 2449 appellante
1687 2390 1959 2448 apostolicam

411 2472 666 2515 audientiam
704 2471 780 2514 sub
820 2471 1059 2514 testimonio
1099 2470 1295 2513 canonice
1332 2482 1525 2524 censure,
1567 2482 1646 2524 que
1683 2468 1798 2512 iubet
1833 2466 1959 2511 nullis

410 2549 553 2591 invitis
585 2549 675 2591 dari
707 2549 948 2605 episcopum
980 2548 1046 2591 vel
1076 2550 1299 2604 pastorem.

528 2626 634 2676 Quia
664 2639 762 2669 vero
800 2626 844 2668 in
884 2625 1073 2681 partibus
1106 2624 1287 2668 Saxonie
1323 2623 1506 2666 maxime
1534 2622 1579 2666 in
1616 2622 1779 2679 prefata
1809 2621 1960 2666 eclesia

410 2703 625 2759 inperialis
658 2703 839 2758 dignitas
872 2702 1080 2757 consistit,
1118 2702 1266 2745 saltem
1299 2700 1432 2744 adhuc
1470 2700 1699 2757 paternitas
1737 2703 1810 2743 tua
1839 2699 1958 2742 nobis

413 2780 672 2835 adquiescat3
707 2784 747 2823 et
778 2780 920 2823 audita
951 2783 1126 2834 utraque
1158 2782 1290 2835 parte,
1322 2779 1382 2821 ita
1411 2777 1530 2820 nobis
1563 2791 1632 2820 eos
1663 2777 1868 2831 remittas,
1898 2779 1958 2831 ut,

412 2857 528 2900 salva
558 2858 751 2900 libertate
783 2857 1009 2912 electionis,
1042 2870 1117 2899 nos
1148 2870 1223 2912 pro
1256 2855 1426 2898 consilio
1458 2850 1782 2911 archiepiscopi⁸
1805 2857 1847 2897 et
1875 2852 1959 2896 suf-

507 2964 539 2998 1.
565 2963 761 2997 Romanae.
882 2964 914 2996 2.
948 2971 1042 2996 anno
1070 2961 1185 2996 1129?
1227 2959 1280 2996 Cf.
1298 2960 1458 2995 Annales
1482 2958 1716 3005 Erphesfurd.
1737 2958 1838 3003 1129,
1863 2957 1958 2993 Mon.

413 3022 533 3059 Germ.
553 3021 680 3058 SS.V1
706 3022 786 3056 537.
907 3022 940 3056 3.
966 3020 1153 3056 Adelberti
1173 3021 1189 3056 I
1212 3019 1424 3064 Moguntini.
