2028 3438
379 220 468 264 426
891 231 1111 263 UDALRIOI
1139 230 1308 262 conux.
1355 228 1425 263 246

264 349 355 384 1130
382 338 550 393 diceret,
583 337 839 381 anathemati
870 337 1125 391 subiaceret3¹
1155 340 1197 381 et
1227 337 1261 380 si
1284 337 1376 393 quis
1399 336 1527 380 alium
1550 336 1831 393 adtemptaret
1859 335 1934 380 eli-

270 397 356 428 F⁰b‘'
381 429 491 470 gere,
522 415 679 459 factum
710 428 786 471 pro
816 414 969 458 infecto
1001 414 1225 458 haberetur
1255 426 1332 457 nec
1362 413 1454 470 ipse
1483 412 1662 457 ulterius
1687 412 1745 456 in·
1761 411 1942 457 ecclesia

379 492 517 535 locum
548 494 883 548 consequeretur.
939 491 1056 543 Quod
1088 494 1129 535 et
1163 491 1256 548 ipse
1285 490 1433 534 Petrus
1463 489 1618 533 Leonis
1655 500 1727 534 ore
1763 489 1934 547 proprio

381 568 662 622 confirmavit3
695 569 900 612 adiciens:
933 582 1017 612 non
1048 571 1240 625 oportere
1262 581 1332 611 eos
1353 566 1558 622 dubitare,
1589 566 1706 622 quod
1718 565 1935 610 occasione

381 660 457 689 sua
487 646 530 688 in
563 645 738 689 ecclesia
758 645 859 688 Dei⁰
881 645 1122 688 scandalum
1144 645 1347 699 oriretur,
1367 644 1477 700 ‚quia
1499 643 1644 687 mallet
1666 643 1717 687 ¹in
1738 642 1933 700 abyssum

381 722 618 777 submergib
650 735 775 778 quam
806 725 979 778 propter
1009 735 1054 765 se
1091 721 1332 765 scandalum
1362 721 1491 764 nasci.
1612 719 1820 776 Deinceps
1850 722 1935 764 sta-

380 803 518 842 tutum
551 802 627 854 est,
658 802 706 842 ut
737 798 935 842 electores
968 798 1100 842 altera
1129 799 1196 842 die
1227 798 1352 842 simul
1383 797 1664 841 convenirent.

500 875 695 919 Ceterum
725 875 874 919 Petrus
893 874 1060 932 Leonis,
1100 888 1194 919 cum
1225 874 1429 918 Ionathan
1460 874 1511 917 ab
1548 874 1607 917 eis
1646 872 1859 929 recedens,
1888 875 1937 917 ut

381 967 529 997 corvus
561 952 632 996 ille
652 952 718 996 vel
750 952 990 996 submersus
1011 952 1077 996 vel
1108 952 1296 1005 carnium
1326 951 1511 1006 ingluvie
1532 950 1738 1006 detentus,
1770 949 1825 994 ad
1849 949 1935 994 fra-
1971 959 1976 964 ’

380 1034 466 1074 tres
498 1033 645 1086 postea
666 1029 803 1073 redire
834 1030 1106 1086 contempsit3
1140 1032 1182 1072 et
1205 1027 1494 1072 conventicula
1514 1041 1702 1071 seorsum
1721 1025 1934 1081 colligens,

382 1107 512 1151 altare
544 1106 850 1150 maledictionis
882 1107 1041 1161 erigere
1072 1106 1300 1160 satagebat.
1355 1104 1472 1156 Quod
1502 1104 1585 1148 nisi
1616 1104 1793 1147 domnus
1823 1116 1936 1161 papa

380 1183 612 1239 Honorius,
646 1197 769 1239 quem
801 1183 1025 1227 credebant
1054 1184 1140 1226 iam
1170 1186 1403 1237 mortuum,
1446 1195 1490 1225 se
1521 1181 1575 1225 ad
1603 1181 1831 1225 fenestram
1859 1193 1935 1237 po-

381 1260 479 1317 pulo
511 1260 782 1315 ostendisset,
824 1274 916 1304 cum
948 1261 1127 1304 fratrum
1159 1264 1200 1303 et
1237 1259 1566 1316 propinquorum
1608 1271 1657 1302 ac
1691 1256 1934 1302 muneribus

382 1341 424 1381 et
453 1337 662 1393 obsequiis
694 1338 993 1381 conductorum
1024 1337 1148 1380 turba
1185 1337 1471 1379 ministrorum
1503 1348 1654 1392 praeco
1685 1334 1933 1390 antichristi,

383 1428 511 1471 supra
542 1414 651 1470 quod
683 1415 835 1458 dicitur
864 1415 991 1470 Deus,
1024 1417 1120 1457 ante
1152 1417 1315 1470 tempus
1347 1427 1392 1456 se
1423 1413 1641 1457 extulisset
1652 1409 1675 1455 ¹.

500 1491 645 1547 Itaque
676 1505 769 1534 cum
790 1492 866 1535 hec
886 1492 989 1535 talia
1011 1491 1342 1548 praesensissent
1372 1490 1446 1545 hii,
1478 1503 1654 1545 quorum
1675 1489 1801 1533 corda
1819 1488 1935 1533 Deus

383 1568 592 1623 tetigerat,
627 1568 825 1612 ecclesiae
856 1569 1086 1625 periculum
1120 1571 1442 1625 expavescentes
1474 1570 1516 1611 et
1544 1566 1807 1623 tempestatis
1839 1579 1936 1623 pro-

219 1655 307 1686 Febr.
320 1655 360 1686 14
382 1645 507 1689 cellas
538 1646 623 1688 iam
654 1646 992 1700 intumescentes,
1025 1659 1119 1689 cum
1150 1659 1263 1702 papa
1282 1644 1491 1688 Honorius
1521 1644 1566 1687 in
1597 1646 1718 1687 sexta
1746 1643 1854 1687 feria
1883 1642 1935 1687 de

381 1723 506 1765 inicio
539 1722 882 1778 quadragesimae
913 1723 966 1765 ad
987 1726 1128 1779 patres
1150 1735 1246 1765 suos
1268 1722 1484 1778 appositus
1506 1723 1616 1764 esset
1637 1746 1692 1753 —-
1715 1719 1934 1764 celebratis

383 1800 591 1855 exsequiis
623 1813 699 1856 pro
729 1800 978 1843 necessitate
1007 1799 1088 1842 loci
1120 1802 1161 1842 et
1190 1798 1412 1855 temporiS,
1448 1811 1532 1842 non
1563 1801 1706 1841 tamen
1735 1810 1788 1840 ex
1817 1809 1938 1840 more.

383 1878 490 1920 sicut
521 1877 760 1933 oportebat,
797 1890 892 1919 cum
922 1876 1173 1919 calamitatis
1203 1879 1430 1932 tempestas
1468 1875 1646 1918 instaret
1667 1898 1722 1904 --
1752 1874 1804 1917 de
1841 1876 1934 1917 octo

384 1955 573 2011 personis
596 1955 649 1997 ad
680 1954 924 1997 electionem
953 1953 1093 1997 electis
1114 1953 1397 2007 Prenestinus,
1431 1951 1687 2007 Sabinensis,
1717 1950 1764 1994 B.
1787 1950 1932 2005 Rufus,

382 2032 653 2088 A(imer-icus)
693 2031 985 2086 cancellarius,
1034 2031 1223 2086 quintum
1263 2029 1511 2084 Gregorium
1554 2027 1809 2072 cardinalem
1845 2027 1935 2071 dia-

383 2122 532 2152 conum
576 2109 709 2152 sancti
746 2108 916 2163 Angeli,
959 2108 1137 2151 invitum
1179 2110 1221 2150 et
1265 2106 1456 2150 omnibus
1493 2105 1627 2149 modis
1669 2105 1933 2160 renitentem,

383 2199 477 2229 cum
509 2185 714 2241 religiosis
735 2186 836 2228 viris
869 2185 1075 2241 episcopis
1107 2183 1385 2227 cardinalibus
1416 2182 1659 2240 presbiteris
1691 2180 1934 2225 diaconibus

384 2267 425 2307 et
455 2263 777 2306 subdiaconibus
808 2263 851 2305 in
892 2275 1099 2305 summum
1131 2260 1371 2318 pontificem
1411 2260 1645 2315 elegerunt3
1684 2272 1778 2303 cum
1808 2258 1933 2302 Petro

382 2340 557 2395 LeoniS,
597 2340 668 2395 qui
699 2342 790 2383 erat
820 2343 1010 2394 octavuS,
1043 2338 1200 2391 P(etro)
1231 2337 1382 2381 Pisano
1414 2340 1532 2380 sexto
1564 2340 1606 2380 et
1635 2335 1810 2379 Ionatha
1839 2348 1934 2391 sep-

381 2417 484 2461 timo
514 2416 839 2461 remanentibus.

501 2494 618 2545 Quod
650 2494 721 2537 ubi
751 2496 1010 2549 compertum
1042 2495 1105 2536 est
1135 2492 1186 2535 ab
1217 2491 1297 2546 his,
1329 2490 1400 2546 qui
1422 2490 1605 2533 dolorem
1626 2490 1671 2532 in
1691 2489 1815 2532 corde
1835 2501 1933 2532 con-

383 2574 593 2627 ceperant,
626 2574 673 2613 ut
702 2571 966 2625 iniquitatem
998 2565 1216 2625 parerent²
1240 2592 1292 2598 -
1320 2581 1419 2610 nam
1440 2570 1482 2610 et
1501 2567 1591 2623 ipse
1611 2566 1759 2609 Petrus
1780 2565 1932 2610 Leonis

383 2661 408 2689 a
437 2647 572 2701 longis
603 2650 714 2690 retro
754 2647 1012 2703 temporibus
1043 2646 1096 2689 ad
1125 2646 1170 2689 id
1207 2644 1425 2702 pervenire
1455 2647 1502 2687 ut
1541 2657 1689 2687 avarus
1721 2646 1763 2686 et
1801 2642 1932 2686 ambi-

384 2724 520 2767 ciosus
553 2723 839 2779 affectaverat,
876 2724 983 2767 sicut
1013 2722 1156 2765 multis
1187 2722 1388 2778 probatur
1416 2720 1603 2776 indiciis,
1644 2720 1778 2764 tribus
1807 2733 1932 2775 gene-

479 2845 505 2865 a.
538 2845 594 2865 om.
616 2836 646 2866 V.
930 2836 958 2865 b.
992 2835 1152 2872 summergi
1174 2834 1207 2864 Z.

479 2905 510 2940 1.
537 2906 559 2940 2
583 2904 711 2940 Thess.
736 2905 777 2950 2,
801 2904 842 2940 4:
877 2907 942 2950 „et
978 2904 1161 2940 extollitur
1192 2913 1302 2948 supra
1332 2911 1457 2948 omne,
1492 2900 1590 2947 quod
1625 2900 1758 2936 dicitur
1786 2898 1930 2936 Deus.“.

382 2964 415 2999 2.
447 2963 505 2999 Ps.
524 2963 556 3009 7,
583 2963 639 2998 15.
