2028 3438
431 265 672 298 nunnonm
702 265 946 297 nrALochs.
994 266 1082 296 Lm.
1106 266 1140 296 11
1173 263 1287 298 10.11
1558 252 1644 295 753

70 373 260 434 vastum,
304 371 423 428 ‚quod
465 371 760 416 Pomeraniam
803 371 1106 430 Poloniamque
1153 371 1323 427 dividit,
1378 372 1642 416 intravimus.
1673 381 1765 418 1124

70 447 287 499 ,Sedviam
317 449 372 499 in>
394 448 510 494 invio
542 464 669 507 quam
701 450 870 495 difficile
901 453 967 495 est
997 454 1156 506 tenere,
1191 449 1316 494 etiam
1350 449 1438 493 illic
1460 450 1643 506 experiri
1683 431 1747 461 ¹⁰¹¹·

8 547 10 549 >
70 526 299 584 potuimus.
359 526 519 572 Nemus
565 528 722 585 quippe
766 528 846 572 hoc
888 528 994 572 nulli
1033 531 1130 572 ante
1168 526 1409 571 mortalium
1450 528 1642 584 pervium

71 607 183 659 erat3
213 603 296 652 nisi
317 605 440 662 quod
471 605 759 663 superioribus
782 607 902 650 annis
925 606 1010 650 dux
1031 605 1311 649 latrocinandi
1334 618 1472 660 causa,
1505 605 1644 662 prius-

70 695 209 740 quam,
227 681 464 738 subegisset
494 686 628 727 totam
649 683 959 740 Pomeraniam,
992 683 1116 728 sectis
1140 683 1400 739 signatisque
1423 682 1643 726 arboribus

69 759 197 805 viam*
214 759 296 804 sibi
327 761 614 818 exercituique
635 775 711 805 suo
733 762 960 806 exciderat.
1001 762 1089 814 Que
1111 762 1232 817 signa
1252 764 1456 816 tenentes,
1488 774 1644 815 magna

70 837 238 894 quidem
278 837 524 883 difficultate
562 842 737 897 propter
769 842 1014 897 serpentum
1049 840 1319 895 ferarumque
1359 842 1550 882 monstra
1581 839 1644 881 di-

69 929 289 965 versarum
320 930 399 961 nec
429 929 514 961 non
546 920 588 961 et
618 931 785 973 gruum,
818 918 861 961 in
882 918 1012 961 ramis
1035 917 1230 962 arborum
1254 917 1375 960 nidos
1396 916 1641 960 habentium

69 1007 231 1051 nosque
260 995 422 1051 garritu
455 998 498 1040 et
527 995 679 1053 plausu
709 996 836 1039 nimis
867 995 1172 1051 infestantium,
1204 995 1552 1052 inportunitatem
1587 995 1659 1038 si-'

70 1071 241 1130 mulque
271 1076 446 1131 propter
474 1073 568 1117 loca
599 1073 818 1130 palustria,
851 1073 1077 1130 quadrigas
1100 1077 1142 1117 et
1169 1087 1315 1117 currus
1337 1073 1642 1130 prepedientia,

69 1150 143 1195 vix
182 1150 329 1196 diebus
367 1165 440 1195 sex
481 1165 651 1197 emenso
691 1165 863 1196 nemore
902 1151 956 1196 ad
993 1151 1131 1209 ripam
1162 1150 1372 1206 fluminis,
1414 1151 1485 1207 qui
1521 1151 1643 1195 limes

69 1226 320 1274 Pomeranie
351 1232 429 1284 est,
462 1230 739 1274 consedimus.

193 1307 261 1351 11.
307 1306 408 1351 Dux
429 1321 527 1352 vero
549 1307 878 1351 Pomeranorum
913 1307 1116 1351 adventus
1145 1306 1280 1350 nostri
1312 1307 1514 1363 prescius,
1547 1320 1641 1350 cum

70 1385 310 1442 quingentis
340 1385 443 1430 viris
483 1399 728 1441 occurrens,
770 1399 821 1429 ex
862 1385 945 1429 alia
982 1389 1104 1442 parte
1143 1398 1249 1441 aque
1281 1388 1421 1428 castra
1458 1388 1642 1428 metatus

69 1467 145 1508 est.
200 1461 384 1520 Moxque
424 1477 547 1508 amne
586 1464 835 1508 transmisso
868 1477 961 1507 cum
1002 1463 1168 1520 paucis,
1209 1463 1453 1523 episcopum
1486 1462 1643 1506 salutat

68 1545 195 1608 atque
232 1541 440 1586 salutatur
479 1542 531 1586 ab
571 1541 666 1596 illo;
713 1545 756 1585 et
795 1566 847 1571 -
891 1542 990 1598 quia
1028 1541 1283 1584 christianus
1323 1544 1433 1596 erat,
1482 1541 1642 1584 occulte

69 1622 210 1668 autem
254 1623 428 1678 propter
465 1623 622 1664 metum
665 1633 924 1677 paganorum
966 1643 1020 1648 —
1063 1618 1188 1662 corde
1227 1619 1362 1674 magis
1404 1632 1529 1674 quam
1571 1632 1643 1662 ore

66 1697 246 1754 locutuS,
276 1698 321 1742 in
354 1697 554 1755 amplexu
585 1697 796 1754 pontificis
828 1697 900 1740 diu
928 1697 1130 1754 pendenS,
1164 1696 1251 1740 alta
1272 1697 1494 1740 devotione
1516 1710 1643 1753 super

67 1775 136 1820 vie
174 1789 300 1821 causa
331 1775 412 1820 Dei
450 1775 716 1820 clementiam
757 1774 981 1818 collaudat.
1036 1774 1248 1831 Episcopo
1292 1778 1432 1818 autem
1466 1778 1508 1818 et
1539 1774 1642 1818 duce

67 1867 164 1900 cum
199 1854 432 1912 interprete
471 1856 514 1898 et
543 1853 730 1897 Paulicio
769 1866 957 1897 seorsum
995 1852 1039 1896 in
1071 1852 1278 1908 colloquio
1311 1852 1641 1908 demorantibus,

68 1931 197 1976 ceteri
237 1931 308 1988 qui
348 1945 442 1976 cum
483 1931 586 1975 duce
626 1933 830 1975 venerant
868 1930 1059 1974 homines
1084 1930 1290 1993 barbari,
1333 1930 1432 1986 quia
1468 1930 1641 1974 clericos

35 2031 39 2034 ⁴
69 2008 330 2065 aliquantum
369 2008 583 2066 trepidare
616 2008 835 2064 videbant,
874 2008 970 2051 ficto
1003 2022 1073 2052 eos
1106 2011 1267 2052 terrore
1300 2008 1481 2065 amplius
1514 2022 1641 2052 vexa-

68 2086 289 2146 bantyita
324 2090 390 2143 ut,
429 2086 652 2131 articulum
685 2087 895 2144 passionis
926 2086 1148 2129 imminere
1179 2089 1437 2141 metuentes,
1480 2086 1641 2130 confes-

67 2163 185 2208 sione
215 2164 474 2209 orationibus
516 2168 641 2221 atque
680 2164 915 2221 psalmodia
945 2163 1127 2207 Domino
1165 2167 1355 2208 nostrum
1388 2164 1641 2208 conmenda-

66 2255 208 2286 remus
238 2255 431 2298 agonem.
1514 2241 1523 2254 '

188 2319 384 2364 Tiemo:
420 2321 587 2364 Modica
615 2322 736 2376 fidei,
772 2336 903 2377 quare
934 2320 1106 2376 inquit
1139 2321 1342 2364 timuisti?
1355 2317 1363 2336 ¹

189 2397 449 2442 Sefridus:
492 2397 586 2441 Non
626 2397 804 2454 inquit
842 2397 934 2441 sine
965 2411 1104 2441 causa.
1160 2397 1302 2441 Primo
1334 2397 1422 2440 illic
1454 2410 1640 2453 paganos

67 2475 249 2520 vidimus
287 2479 352 2531 et,
393 2490 476 2533 qua
514 2479 655 2519 mente
686 2476 772 2518 dux
804 2475 1041 2531 advenerit,
1081 2475 1267 2519 nondum
1302 2488 1447 2518 omnes
1481 2475 1640 2519 scieba-

67 2566 175 2596 mus.
230 2544 311 2597 Sed
353 2556 395 2596 et
432 2553 581 2596 horror
618 2553 855 2597 solitudinis
888 2557 930 2597 et
959 2553 1051 2596 loca
1084 2553 1253 2596 insolita
1285 2556 1327 2596 et
1357 2566 1492 2609 nuper
1524 2554 1638 2596 evasi

67 2630 251 2674 nemoris
282 2630 405 2685 nigra
435 2631 622 2675 densitas
654 2635 695 2674 et
725 2630 1016 2687 crepusculum
1050 2631 1184 2673 noctis
1225 2630 1460 2687 propinque
1493 2634 1534 2674 et
1566 2631 1638 2674 ho-

67 2707 227 2752 minum
260 2707 535 2752 barbarorum
567 2708 748 2752 crudelis
787 2712 980 2764 aspectus
1020 2708 1198 2751 materia
1235 2708 1356 2752 nobis
1396 2722 1480 2752 non
1518 2710 1636 2766 parvi

67 2785 231 2829 timoris
272 2789 374 2830 erat.
426 2785 536 2830 Nam
569 2789 611 2829 et
641 2785 797 2829 cultros
829 2786 1094 2829 acutissimos
1127 2786 1369 2842 educentes,
1413 2787 1529 2830 vivos
1562 2801 1638 2830 nos

68 2863 282 2907 excoriare
320 2867 392 2907 aut
421 2863 668 2919 transfigere
700 2876 748 2906 ac
779 2863 895 2906 humi
926 2877 1003 2906 nos
1035 2863 1231 2908 defodere
1261 2878 1393 2920 usque
1426 2865 1478 2907 ad
1511 2865 1638 2908 verti-

67 2952 158 2984 cem
194 2953 452 2997 coronasque
483 2945 648 2984 nostras
682 2941 838 2985 eisdem
871 2940 1017 2984 cultris
1049 2940 1274 2998 punctare²
1308 2955 1355 2986 ac
1386 2955 1527 2986 secare
1559 2942 1637 2985 mi-

165 3028 196 3063 1.
223 3027 278 3064 Cf.
297 3028 425 3064 Matth.
446 3029 501 3072 14,
527 3029 584 3065 31.
802 3030 836 3064 2.
866 3039 1041 3075 pungere.

126 3091 232 3126 Juri.
254 3094 447 3123 Bibliotheca
460 3095 498 3122 v.
1305 3089 1352 3124 48
