2028 3438
600 237 823 270 omnmo}
853 236 1023 268 consx.
1074 233 1141 267 199
1573 220 1660 264 359

87 343 566 405 mifflbidioobatur:
598 347 671 391 Do
692 361 836 389 veram
863 359 1011 403 pacem
1029 345 1123 401 reqi
1152 351 1191 387 et
1221 343 1426 395 omnibus,
1461 344 1538 399 qui
1568 357 1660 385 cum
1700 350 1792 386 1119

88 427 373 476 cufim-omo
399 428 484 470 ista
501 426 687 482 fuerunt
714 424 781 466 vel
809 432 929 474 sunt5
958 435 1013 465 ne
1042 421 1151 465 forte
1181 420 1226 463 in
1247 419 1389 463 danda
1420 432 1522 476 pace
1542 419 1660 476 plus·

87 503 401 560 intelligerent-³
415 516 563 560 quam:
594 501 854 546 reddendam
884 499 1222 543 communionem
1253 497 1473 551 ecclesiae;
1511 500 1554 540 et
1583 497 1661 541 sub

87 581 168 627 hoo
185 580 314 626 ³verbo
345 580 522 625 ecclesia
551 582 771 635 cogeretur
801 579 1028 635 suscipere,
1061 590 1165 634 quos
1189 600 1242 606 —
1267 579 1342 619 aut
1372 575 1662 632 superpositos

87 656 589 716 lukfflmissp'usioribus,
607 661 681 702 aut
710 656 912 700 canonice
942 655 1156 712 depositos
1182 677 1236 684 -
1261 654 1352 696 sine
1384 653 1503 708 gravi
1533 651 1663 696 offen-

88 734 325 783 donam
353 739 507 794 posset·
528 736 750 779 sustinere.
1214 735 1217 771 ἰ

89 836 100 842 ·
125 827 153 845 ²·‘
166 827 182 842 ‘·
207 813 444 871 Diligenter
472 814 604 870 igitur
634 812 829 857 omnibus
861 812 1123 867 retractatis,
1158 810 1276 854 missi
1307 813 1407 852 sunt
1438 808 1492 852 ad
1523 811 1664 852 castra

87 889 212 950 mgis
228 893 455 951 episcopus
485 890 714 946 Ostiensis,
746 890 951 934 Iohannes
983 888 1210 933 cardinalis
1224 886 1247 942 ¹,
1281 887 1503 945 episcopus
1537 886 1663 930 Viva-

87 967 278 1027 riensh',
317 971 540 1028 episcopus
575 968 897 1013 Catalaunensis
937 971 979 1011 et
1016 967 1146 1011 abbas
1185 965 1473 1010 Gluniacensis
1512 967 1554 1007 et
1591 964 1663 1007 alii

88 1049 361 1094 multifsscums
384 1047 467 1104 eie,
512 1050 733 1105 portantes
773 1046 933 1104 scripta
968 1046 1012 1089 iu
1057 1044 1265 1088 manibus.
1330 1043 1519 1099 Cumque
1569 1056 1664 1099 per·

87 1124 304 1172 ¹'venissent
331 1125 387 1171 ad
412 1129 568 1181 castra,
600 1125 875 1169 ostenderunt
905 1124 1084 1181 scripta3
1117 1120 1527 1167 determinaverunt*
1549 1121 1665 1177 capi-

88 1205 206 1263 tula,
222 1208 365 1263 prout·
380 1204 569 1248 omnium
601 1203 815 1247 communi
846 1202 1021 1246 consilio
1054 1200 1281 1244 diffinitum
1314 1204 1418 1244 erat.

108 1298 128 1315 ν’
151 1294 170 1319 ‘·
202 1283 298 1330 Rex
329 1286 484 1338 autem,
516 1282 583 1325 bis
615 1281 784 1336 auditiS,
824 1281 964 1338 prima
993 1281 1146 1335 fronte,
1178 1293 1225 1323 se
1255 1278 1386 1322 nichil
1415 1277 1664 1335 promisisse

88 1362 260 1417 borum,
294 1361 496 1406 omnino‘
523 1359 770 1415 abnegabat.
894 1358 1011 1401 Tunc
1047 1358 1270 1415 episcopus
1302 1355 1623 1401 Catalaunensis
1633 1354 1661 1410 ‘¹,

89 1440 181 1485 zelo
211 1439 293 1485 Dei
329 1438 616 1483 inflammatus
654 1442 696 1481 et
732 1437 873 1494 gladio
905 1436 1021 1480 verbi
1053 1435 1135 1480 Dei
1173 1436 1405 1490 accinctus,
1444 1434 1664 1491 respondit

87 1530 168 1577 pro
195 1517 413 1562 omnibus:
457 1517 523 1571 Si,
559 1519 710 1560 domne
739 1531 828 1569 rex,
869 1530 1025 1573 neyare
1055 1517 1118 1558 vis
1150 1517 1366 1572 scriptum,
1409 1514 1524 1571 quod
1553 1521 1662 1556 tene-

87 1607 182 1642 mus
211 1597 486 1646 inmanibus,
519 1604 557 1639 et
580 1596 980 1646 determinationem,
1015 1608 1142 1650 quam
1164 1594 1337 1645 audisti,
1367 1600 1548 1650 paratus
1569 1607 1662 1634 sum

85 1676 164 1720 aab
185 1677 419 1720 testimonio
450 1674 745 1731 reliqiosorum
774 1675 977 1725 virorum,
1013 1674 1089 1728 qui
1117 1674 1227 1714 inter
1257 1685 1321 1713 me
1346 1679 1384 1714 et
1406 1680 1444 1714 te
1461 1670 1660 1727 fuerunt,

86 1755 235 1805 iurare
263 1768 390 1811 super
426 1753 632 1809 reliquias
670 1759 910 1794 sanctorum
950 1759 988 1793 et
1023 1764 1152 1807 super
1183 1749 1446 1806 euanyelium
1485 1747 1642 1791 Christi
1648 1764 1661 1790 .-

88 1840 137 1876 ω’
155 1832 240 1875 ista
264 1833 421 1875 ‘munia
457 1833 504 1874 in
535 1845 665 1873 manu
695 1845 788 1872 mea
815 1829 1033 1884 firmasse,
1077 1836 1114 1871 et
1142 1843 1207 1870 me
1241 1828 1316 1870 sub
1349 1828 1427 1870 hac
1467 1828 1661 1870 detewni-

87 1912 258 1955 natione
285 1911 504 1967 recepisse.

171 2016 173 2021 ν
201 1986 399 2044 'Gumque
437 1986 624 2030 omnium
662 1985 905 2028 testimonio
946 1984 1300 2038 convinceretur-⁰,
1338 1982 1510 2026 taudem
1549 1996 1662 2027 com-

89 2065 236 2125 pulsus
267 2069 333 2109 est
369 2063 579 2119 confiteri,
621 2063 732 2120 quod
772 2063 890 2120 prius
927 2066 1170 2118 negaverat.
1223 2061 1527 2106 Verumtamen
1564 2074 1662 2105 con-

88 2144 343 2202 querebatur
373 2142 425 2187 de
456 2143 517 2186 eis
548 2141 746 2197 graviter,
778 2155 957 2197 quorum
989 2139 1166 2183 scilicetr
1198 2140 1373 2183 consilio
1404 2139 1660 2196 promiserit,

89 2222 228 2280 quod⁸
250 2221 415 2278 absque
445 2219 724 2264 diminutione
755 2219 876 2275 regni
907 2218 1059 2274 exequi
1087 2231 1173 2261 non
1203 2217 1375 2261 valeret.
1499 2217 1577 2261 Cui
1602 2217 1662 2261 sic

89 2301 312 2358 episcopus
341 2299 581 2356 respondit:
615 2299 668 2341 In
684 2300 909 2356 promissis
931 2300 1099 2349 nostris,
1132 2298 1281 2340 domne
1300 2312 1388 2350 rex,
1418 2311 1498 2354 per
1519 2298 1661 2339 omnia

87 2393 166 2423 nos
185 2378 335 2435 fideles
363 2380 562 2421 invenies.
609 2377 710 2420 Non
733 2378 841 2419 enim
863 2377 1040 2418 domnus
1070 2390 1189 2433 papa
1220 2384 1375 2418 statum
1396 2376 1569 2432 imperii
1587 2383 1662 2418 aut

89 2471 288 2502 coronam
316 2458 452 2514 raoni,
484 2458 592 2499 sicut
619 2456 793 2512 quidam
813 2457 1082 2496 seminatores
1104 2454 1314 2495 discordie
1337 2452 1657 2510 obloquuntur-¹¹,

89 2538 136 2579 in
151 2535 335 2593 quolibet
347 2536 581 2577 inminuere
596 2532 840 2591 attemptat&
872 2533 1005 2575 Immo
1018 2531 1168 2589 palam
1185 2532 1375 2574 omnibus
1392 2530 1657 2575 denuntiat&

87 2623 138 2658 ut
165 2615 213 2656 in
243 2613 494 2656 exhibitione
514 2613 698 2655 miliciae
729 2621 767 2655 et
793 2611 854 2654 in¹
877 2612 1019 2654 ceteris
1043 2610 1248 2662 omnibus,
1280 2611 1326 2652 in
1352 2609 1503 2667 quibus
1525 2610 1604 2653 tibi
1623 2618 1661 2652 et

90 2691 416 2735 antecessoribus
432 2692 515 2734 tuis
536 2692 691 2733 servire
712 2697 1021 2741 consueverant,
1045 2688 1181 2730 modis
1203 2688 1393 2731 omnibus
1409 2689 1656 2731 deserviant.

184 2800 211 2822 a.
243 2791 373 2831 amplius
395 2791 433 2821 E.
527 2790 556 2821 b.
590 2790 834 2821 determaverunt
853 2790 883 2820 Γ.
977 2798 1004 2818 c.
1037 2788 1219 2819 omnimodis
1241 2789 1279 2819 E.
1378 2789 1407 2819 d.
1440 2788 1659 2820 Cautalauuen-

91 2847 134 2877 sis
149 2845 208 2877 VZ.
312 2855 338 2875 e.
370 2844 541 2875 vinceretur
554 2844 612 2875 VZ.
716 2844 737 2874 f.
766 2852 892 2883 quorum
909 2842 1026 2873 scilicet
1045 2841 1160 2882 scripsi
1175 2851 1238 2882 pro
1261 2842 1332 2881 quia
1353 2842 1425 2872 licet
1447 2852 1551 2873 eorum
1573 2841 1659 2873 codd.

91 2908 120 2938 g.
151 2898 234 2939 quod
255 2908 312 2929 om.
326 2898 384 2929 VZ.
498 2897 530 2928 h.
564 2897 747 2937 obloquntur
768 2897 799 2934 V,
824 2896 1003 2927 oblocuntur
1024 2895 1058 2926 Z.
1169 2895 1190 2926 i.
1222 2894 1383 2935 attemptat
1404 2896 1435 2926 V.
1542 2895 1573 2927 k.
1607 2896 1659 2927 de-

90 2950 210 2983 nuntiit
229 2951 260 2982 V.
386 2951 406 2982 l.
439 2961 496 2982 om.
511 2952 549 2982 E.

187 3011 219 3045 1.
244 3008 366 3056 presb.
385 3009 483 3045 card.
501 3010 556 3045 tit.
574 3008 612 3045 S.
631 3008 872 3056 Chrysogoni.
1017 3007 1051 3043 2.
1077 3006 1186 3044 Hato.

1684 398 1750 431 Oct.
1765 400 1806 430 24
