2028 3438
420 244 507 287 596
820 257 983 289 Enoms
1015 259 1119 290 vrrA
1150 258 1358 290 o'r'roms.
1403 259 1490 289 Lm.
1512 259 1530 289 1
1559 256 1582 291 7

304 372 396 407 1102
537 361 639 406 Post
674 376 828 420 paucos
861 372 983 408 vero*
1015 365 1102 409 dies
1133 379 1299 408 rursum
1333 365 1482 408 anulus
1522 369 1564 408 et
1592 366 1713 420 virga
1751 364 1974 422 pastoralis

419 439 595 496 Ruperti
623 439 981 496 Babenbergensis
1013 439 1222 498 episcopi¹
1259 442 1410 485 domno
1448 442 1692 499 imperatori
1726 442 1976 493 transmissa

421 520 496 561 est.
543 517 632 569 Quo
666 518 822 573 audito,
854 519 976 562 multi
1008 519 1167 563 nobiles
1199 522 1240 562 et
1271 522 1358 562 tam
1379 519 1560 563 sciencia
1581 532 1704 575 quam
1726 518 1895 563 diviciis.
1909 519 1974 563 in-

420 594 558 649 signes
589 595 644 638 ad
664 599 821 639 curtem
844 597 1001 650 regiam
1023 595 1297 651 confluebant,
1330 597 1401 651 qui
1432 594 1978 654 episcopatumBabenber—

419 685 588 726 gensem
620 686 705 715 non
735 673 935 716 mediocri
967 674 1106 730 precio
1139 673 1218 717 sibi
1243 687 1487 730 comparare
1517 671 1798 731 temptabant}
1825 673 1975 731 :Impe-

418 752 534 792 rator
559 762 657 792 vero
680 773 734 779 —
757 749 956 805 gaudenS,
990 751 1100 806 quod
1131 753 1389 795 occasionem
1421 751 1654 795 honorandi
1683 750 1879 807 intimum
1909 763 1974 795 sev-

420 825 616 869 cretalem
648 840 768 870 suum
802 828 1010 883 Ottonem,
1042 831 1090 871 ut
1119 829 1320 884 voluerat,
1353 830 1582 873 invenisset
1605 853 1656 858 —
1687 832 1871 884 cunctos,
1897 828 1974 884 ‘qui

420 916 496 960 pro
529 903 674 947 eodem
707 905 950 961 episcopatu
982 906 1250 962 adipiscendo
1271 907 1530 962 satagebant,
1564 905 1975 963 argutarresponsio-

419 994 520 1024 num
553 980 825 1035 ambiguitate
847 996 1069 1038 suspensos
1091 983 1284 1027 reddidit.
1406 983 1574 1028 Accidit
1599 984 1755 1040 itaque,
1782 986 1846 1039 ut,
1867 995 1974 1040 pro-

419 1058 568 1101 cedens
600 1059 843 1115 crepusculo
874 1059 958 1102 diei
989 1060 1202 1103 cuiusdam
1236 1075 1286 1105 ex
1319 1062 1415 1105 aula
1444 1062 1560 1116 regia
1598 1064 1640 1104 et
1673 1072 1905 1117 parumper.
1929 1060 1973 1102 in

418 1134 562 1178 limine
594 1135 845 1191 subsistens,
886 1136 1049 1180 audiret
1086 1139 1280 1194 puerulos
1318 1139 1518 1194 quosdam
1556 1137 1739 1182 naturali
1774 1136 1973 1182 callentes

417 1212 584 1267 ingenio
618 1212 718 1256 talia
748 1214 927 1258 invicem
959 1216 1204 1260 mussitare:
1241 1217 1342 1259 Non
1373 1218 1471 1259 bene
1502 1218 1591 1273 aqit
1618 1219 1860 1274 imperator,
1884 1217 1976 1273 'qui

417 1290 596 1333 nobilem
634 1291 755 1333 illum
796 1293 1178 1350 Babenberqensem
1223 1296 1507 1351 episcopatum
1546 1295 1692 1351 precio
1736 1293 1974 1337 venundare

419 1369 616 1425 disponit.
666 1367 749 1411 Cur
769 1385 852 1412 non
881 1373 1028 1426 pocius
1049 1372 1174 1425 fideli
1198 1387 1272 1414 8αο
1294 1373 1445 1414 domno
1471 1371 1614 1415 Occom·
1631 1371 1740 1414 hunc
1761 1371 1974 1428 ass-iquat?

417 1447 464 1487 in
486 1460 567 1501 quo
590 1454 648 1488 est
668 1455 858 1502 aspectus
880 1449 1106 1504 anqelicus,
1140 1450 1384 1491 reverendus
1405 1449 1582 1502 habitus,
1616 1463 1749 1491 mores
1768 1448 1970 1505 reliqi'osi,

406 1522 623 1578 facundia
640 1524 883 1580 sinyularis,
897 1527 1123 1581 prudentia
1141 1535 1178 1569 et
1192 1528 1517 1582 maynanimitas
1533 1526 1808 1569 admirabilis.
1831 1523 1969 1578 Hunc,

420 1602 535 1642 omni
560 1602 713 1656 pietate
745 1610 782 1644 et
801 1604 1011 1644 industria
1033 1605 1313 1659 conspicuum,
1347 1605 1457 1646 decet
1484 1619 1568 1646 esse
1594 1612 1806 1660 pastorem
1830 1618 1971 1660 popu—

419 1677 567 1719 lorum.
614 1677 803 1721 Audiens
834 1679 922 1734 hec,
954 1679 1183 1735 imperator
1215 1680 1358 1723 hilaris
1390 1679 1560 1723 effectus
1591 1684 1674 1734 est3
1711 1679 1974 1724 recordatus-

420 1767 499 1808 que
537 1754 824 1810 propheticum
866 1756 1001 1799 octavi
1041 1757 1193 1813 psalmi
1230 1771 1416 1801 versum:
1457 1759 1527 1800 Ex
1564 1773 1634 1801 ore
1671 1758 1973 1814 infantium-et

420 1831 656 1874 lactentium
685 1834 899 1889 perfecisti
929 1832 1128 1889 laudenff,
1168 1834 1257 1877 Deo
1289 1835 1446 1889 gratias
1478 1834 1648 1890 agebat,
1686 1834 1797 1890 quod
1825 1833 1972 1877 volun-

418 1911 548 1951 tatem
581 1922 700 1951 suam
730 1909 808 1953 hoc
831 1911 1070 1954 testimonio
1092 1911 1329 1954 confirmari
1360 1912 1568 1955 cernebat.
1688 1911 1775 1955 Nec
1803 1911 1971 1966 mirum,

419 1985 530 2041 quod
560 1985 764 2030 infantilis
798 1990 886 2030 etas
916 1988 992 2031 tali
1024 2002 1119 2031 eum
1150 1988 1344 2044 preconio
1377 1988 1585 2032 efferebat.
1633 1988 1708 2032 Illo
1732 1988 1843 2032 enim
1866 1991 1972 2031 tem-

418 2075 540 2118 pore,
579 2063 688 2106 sicut
725 2068 767 2107 et
806 2068 974 2121 postea,
1019 2069 1135 2109 tante
1173 2065 1442 2120 benignitatis
1481 2069 1677 2122 tanteque
1716 2064 1971 2109 affectionis*

419 2152 518 2194 erga
538 2153 681 2184 omnes
704 2145 806 2196 erat,
839 2145 886 2185 ut
913 2156 1034 2186 nemo
1057 2142 1384 2186 cohabitantium
1415 2144 1453 2186 ei
1483 2144 1754 2199 inveniretur,
1787 2143 1859 2198 qui
1888 2155 1972 2186 non

418 2216 528 2260 hunc
558 2231 611 2260 ex
642 2218 765 2261 corde
796 2219 988 2273 diligeret
1019 2223 1059 2263 et
1090 2233 1234 2263 verum
1266 2219 1346 2263 Dei
1377 2234 1544 2264 servum
1577 2220 1838 2264 acclamaret.
1889 2219 1971 2263 Sed

421 2298 462 2337 et
492 2295 697 2338 modestia
726 2295 893 2339 habitus
927 2300 968 2340 et
998 2297 1220 2353 perspicua
1251 2297 1463 2351 religionis
1496 2298 1721 2341 auctoritas
1757 2297 1819 2340 sic
1847 2297 1891 2340 in
1922 2309 1971 2340 eo

421 2371 650 2427 eminebat,
670 2365 736 2415 *ut
772 2373 910 2415 nullus
951 2387 998 2416 eo
1037 2378 1231 2430 presente
1271 2374 1487 2430 quippiam
1525 2375 1721 2418 indecens
1759 2377 1832 2417 aut
1868 2373 1972 2416 risui

421 2451 565 2504 aptum
587 2449 713 2492 verbo
735 2464 808 2493 seu
828 2451 937 2494 facto
969 2451 1217 2507 pretendere
1245 2452 1434 2504 auderet3
1467 2451 1553 2506 sed,
1586 2465 1677 2494 eum
1700 2452 1858 2506 regiam
1878 2464 1971 2495 cur-

420 2528 505 2568 tem
543 2526 748 2582 intrabat,
789 2541 887 2570 mox
927 2542 1069 2572 omnes
1108 2529 1261 2585 prioris
1300 2529 1470 2572 lascivie
1509 2528 1783 2572 intentionem
1820 2541 1972 2582 magna

419 2603 638 2656 gravitatis
678 2617 805 2646 manu
843 2605 1073 2659 tergebant.
1195 2606 1426 2662 Imperator
1463 2618 1558 2648 vero
1598 2605 1756 2660 legatos
1793 2605 1971 2648 honora-

420 2678 523 2722 biles
545 2679 654 2723 clero
684 2683 726 2724 et
748 2681 904 2737 populo
924 2680 1262 2737 Babenbergensi
1284 2683 1446 2737 dirigit3
1479 2686 1689 2738 pastorem
1712 2695 1757 2725 se
1774 2682 1851 2736 eis,
1882 2681 1970 2724 ido—

419 2769 544 2798 neum
567 2760 609 2799 et
629 2756 804 2801 electum
826 2772 876 2801 ex
898 2759 1066 2802 milibus
1077 2756 1104 2813 ³,
1136 2760 1368 2815 providisse
1392 2760 1583 2813 nunciat;
1615 2763 1742 2815 utque
1764 2758 1971 2815 capitanei

516 2883 543 2903 a.
575 2883 643 2904 vere
669 2874 700 2905 O.
911 2876 940 2906 b.
974 2877 1141 2907 effectionis
1166 2876 1196 2908 0.

515 2938 547 2971 1.
574 2937 635 2982 qui
661 2947 681 2972 e
707 2938 782 2973 vita
806 2938 894 2973 exiit
917 2938 952 2974 d.
972 2939 1027 2974 11.
1045 2940 1137 2975 Iunii
1164 2941 1264 2975 llo-2.
1421 2941 1454 2975 2.
1480 2940 1538 2975 Ps.
1555 2940 1588 2984 8,
1614 2940 1648 2974 3.
1807 2940 1840 2974 3.
1865 2938 1968 2975 Cant.

420 2996 453 3039 5,
482 2996 535 3030 10.
1330 2999 1332 3001 ’
