2028 3438
17 154 25 166 .
1 77 25 147 '‘J-u*
4 0 26 70 'am

477 219 719 268 munuum
747 235 991 268 mALOGth.
1038 237 1127 267 Lm.
1148 236 1167 266 1
1196 233 1253 269 20.
1271 234 1313 285 21
1593 225 1676 268 721

96 340 407 400 ›fieriswortot
436 366 491 375 —-
526 343 686 387 domini
724 346 768 386 et
804 345 948 400 patres
986 343 1121 386 nostri
1159 343 1202 386 in
1244 346 1409 387 tantum
1450 343 1513 386 illi
1557 343 1678 387 beate

104 419 248 465 anime
277 418 446 464 Ottonis
475 419 682 476 deferant,
712 420 758 463 in
788 422 951 464 tantum
985 420 1113 464 etiam
1145 420 1258 464 beati
1288 420 1406 465 Petri
1436 420 1574 476 sigillo
1607 422 1679 465 de-

104 496 260 554 ferant,
290 500 340 542 ut
368 497 474 542 illud
504 497 679 542 consilio
711 501 837 554 atque
868 511 1075 542 consensu
1105 499 1459 542 monasteriorum
1491 499 1677 541 omnium

105 571 581 632 td-:Babenbergensem
614 574 833 619 ecclesiam
873 576 1175 632 pertinentium
1209 576 1277 620 vel
1308 576 1487 620 sanioris
1526 576 1676 633 partis,

103 655 233 710 prout
261 653 493 697 sanccitum
525 656 602 708 est,
633 653 802 696 faciant.
930 653 1013 697 Sed
1035 654 1203 709 mirum,
1237 654 1348 710 quod
1373 657 1517 697 nostro
1539 654 1677 697 ordini

103 730 485 787 00111180111,’0110(1
515 731 710 787 generale
741 731 972 787 capitulum
1004 745 1087 775 non
1120 731 1324 786 admittit3
1357 745 1451 775 cum
1474 731 1677 786 Augusti-

95 807 575 864 «11111111,-Ο18101·01011303
608 812 650 852 et
678 808 941 852 Nortbertini
973 808 1051 852 hoc
1087 809 1276 866 polleant
1305 809 1475 853 honore.
1525 808 1678 852 Omnia

97 885 227 929 mim.
261 885 424 931 faciunt
458 886 656 941 consilio,
705 890 747 930 et
791 886 886 930 ideo
927 887 1062 931 multa
1099 887 1387 942 gubernantur
1429 886 1640 944 sapientia
1653 883 1674 930 ¹.

105 962 141 1007 O
178 957 339 1012 utinam
375 962 738 1020 Babenbergensis
777 964 981 1021 episcopii
1021 964 1213 1021 abbates,
1262 978 1470 1008 memores
1509 964 1676 1008 Ottonis

102 1041 194 1096 sni,-
228 1055 436 1086 memores
467 1042 696 1100 apostolice
728 1042 957 1086 sanctionis
989 1046 1032 1087 et
1062 1042 1256 1100 exemplo
1289 1043 1464 1086 animati
1498 1042 1549 1086 de
1581 1042 1675 1085 aliis

103 1118 320 1165 ordinibus
351 1119 551 1164 abbatum
583 1123 626 1164 et
656 1121 991 1178 prepositorum,
1033 1120 1085 1164 de
1124 1121 1211 1164 suis
1243 1134 1408 1177 quoque
1441 1120 1675 1164 actionibus

45 1223 48 1226 <
101 1196 310 1254 inuipiant
339 1199 553 1242 communi
583 1201 766 1242 tractare
797 1198 972 1242 consilio
1005 1201 1047 1242 et
1083 1198 1311 1242 formulam
1342 1199 1451 1242 inire
1482 1198 1672 1255 capituli.

101 1273 310 1331 Profecto,
340 1275 379 1320 si
409 1276 602 1332 gnaviter
633 1290 678 1319 se
711 1279 837 1331 agent
868 1279 910 1320 et
941 1290 985 1320 se
1006 1290 1187 1332 suosque
1210 1276 1420 1334 sapientia
1440 1276 1675 1331 gubernare

100 1351 245 1397 velent
280 1344 407 1397 et'in
444 1354 509 1398 his
539 1354 779 1409 immorari,
820 1354 951 1398 sicut⁰
983 1354 1158 1397 dicitur:
1206 1356 1363 1398 Beatus
1394 1357 1474 1408 vir,
1518 1356 1595 1411 qui
1627 1356 1674 1397 in

98 1433 310 1489 sapientia
353 1429 634 1486 morabitur-²,
692 1431 946 1489 proficiendo
997 1431 1221 1488 proficient
1266 1433 1414 1488 suique
1460 1432 1674 1489 profectus

98 1507 255 1553 multos
292 1509 376 1553 cito
413 1509 650 1554 imitatores
681 1510 910 1553 invenient.
974 1508 1126 1552 Omnia
1157 1523 1313 1564 magna
1344 1523 1369 1553 a
1400 1509 1576 1553 modicis
1608 1522 1674 1552 ce-

97 1589 255 1645 petunt
282 1610 339 1618 -
371 1601 425 1630 ne
468 1588 578 1632 forte
600 1585 604 1589 “
624 1588 676 1631 de
715 1587 929 1644 paucitate
969 1590 1194 1630 causentur
1226 1611 1282 1617 —
1315 1591 1358 1631 et
1394 1587 1673 1639 Cisterciense

97 1663 342 1722 capitulum,
375 1665 488 1722 quod
508 1666 633 1709 modo
653 1665 888 1708 maximum
910 1667 988 1720 est,
1019 1678 1046 1708 a
1076 1665 1222 1721 paucis
1254 1666 1399 1722 cepit.-
1491 1665 1574 1708 Sed
1608 1678 1670 1719 ea,

48 1730 58 1736 ”
96 1754 180 1798 que
210 1746 387 1798 restant,
417 1742 485 1786 his
517 1742 699 1798 omissis,
732 1742 907 1786 edicam.

138 1848 141 1849 ν
218 1820 289 1864 21.
337 1819 385 1864 111
415 1821 563 1865 diebus
603 1821 739 1877 ipsius
781 1834 948 1876 semper
988 1820 1230 1864 honorande
1271 1821 1472 1864 memorie
1504 1821 1671 1864 Ottonis

97 1897 351 1942 cathedralis
383 1897 556 1942 ecclesie
586 1898 905 1953 monasterium,
939 1899 1051 1954 quod
1073 1898 1150 1942 sub
1173 1901 1437 1942 antecessore
1459 1895 1557 1941 suo³
1580 1898 1670 1942 Deo

95 1975 368 2032 permittente
398 1988 531 2030 usque
563 1975 616 2018 ad
647 1975 758 2019 solos
789 1990 932 2020 muros
964 1977 1213 2033 superstites
1245 1975 1546 2031 conflagratum
1581 1979 1672 2020 erat

95 2052 290 2097 incendio
299 2049 326 2108 ⁴,
357 2053 501 2097 multis
524 2053 763 2110 sumptibus
796 2052 849 2097 ab
872 2067 920 2097 00
943 2054 996 2097 ad
1027 2054 1197 2110 pristini
1220 2054 1382 2097 decoris
1400 2054 1669 2097 nobilitatem

94 2134 339 2188 reparatum
379 2134 473 2174 est.·
519 2130 614 2187 Ipse
652 2131 941 2188 pavimentum
982 2132 1151 2186 stravit3
1195 2131 1440 2188 columpnas
1480 2132 1668 2186 ecclesie,

96 2208 342 2265 qnasignis
374 2207 604 2263 afflaverat,
639 2222 765 2265 opere
796 2222 954 2266 gypseo
989 2213 1032 2253 et
1061 2209 1246 2253 firmavit
1278 2213 1320 2253 et
1351 2210 1537 2262 ornavit3
1570 2208 1668 2252 cho-

95 2299 189 2331 rum
221 2285 356 2330 sancti
386 2285 557 2342 Georgii
589 2286 813 2340 exaltavit3
860 2287 1045 2343 picturas
1078 2301 1242 2343 quoque
1282 2301 1365 2329 non
1397 2286 1667 2342 ignobiliores

94 2363 308 2421 prioribus
339 2362 495 2418 effecit3
538 2368 579 2408 et
609 2378 662 2408 ne
694 2364 807 2408 ultra
838 2365 997 2408 similes
1035 2365 1264 2408 formidare
1296 2363 1448 2407 debeat
1478 2369 1666 2419 eventus,

94 2445 230 2485 totum
261 2443 562 2486 monasterium
603 2445 644 2485 et
683 2446 822 2485 turres
855 2443 1021 2499 cupreis
1060 2441 1215 2486 tabulis
1247 2440 1477 2495 contexit⁵;
1521 2455 1666 2498 speras

95 2532 261 2576 quoque
305 2522 348 2563 et
392 2532 536 2563 cruces
583 2520 764 2563 turrium
810 2519 1049 2573 deauravit;
1097 2519 1238 2562 omnia
1285 2519 1465 2576 denique
1504 2519 1668 2564 edificia

94 2596 267 2641 claustri
297 2610 374 2653 per
405 2596 592 2641 officinas
625 2597 812 2651 singulas
851 2610 1055 2641 renovare
1095 2601 1137 2640 et
1175 2596 1219 2639 in
1259 2597 1476 2640 meliorem
1509 2601 1666 2640 statum

95 2686 343 2731 promovere
381 2674 554 2717 curavit.
610 2674 822 2726 Quantum
853 2688 952 2718 vero
993 2674 1130 2718 eidem
1171 2673 1344 2718 ecclesie
1382 2674 1587 2719 bonorum
1625 2678 1667 2719 et

191 2766 219 2787 a.
251 2757 338 2787 sicud
360 2757 400 2788 N.

190 2815 224 2851 1.
250 2813 305 2851 Gf.
323 2815 428 2850 Prov.
446 2816 500 2859 13,
518 2816 573 2850 10.
670 2817 703 2850 2.
730 2814 842 2850 Eccli.
860 2815 914 2859 14,
934 2817 991 2850 22.
1088 2817 1122 2850 3.
1148 2815 1322 2860 Ruperto.
1419 2816 1454 2851 4.
1480 2815 1515 2851 d.
1534 2816 1556 2851 3
1574 2814 1663 2860 Apr.

95 2874 199 2910 1081.
239 2873 451 2909 Ekkehardi
476 2873 599 2910 chron.
617 2874 727 2918 (Mon.
748 2874 869 2909 Germ.
889 2872 1015 2910 SS.VI
1040 2875 1124 2917 204)
1151 2875 1262 2910 1081:
1290 2875 1570 2921 „Monasterium
1595 2875 1665 2909 Ba-

93 2932 348 2978 benbergense
373 2937 555 2969 crematur
580 2934 615 2968 in
642 2933 768 2978 vigilia
793 2932 986 2978 paschae“.
1091 2933 1125 2969 5.
1151 2933 1429 2970 administrante
1455 2944 1550 2970 auno
1572 2934 1663 2969 1127

94 2992 302 3037 wignando
328 2991 462 3028 abbate
479 2991 715 3028 Tharisieusi.
743 2993 786 3028 V.
805 2991 943 3028 Ebonis
962 2993 1001 3028 L.
1016 2992 1050 3028 11
1068 3003 1099 3028 0.
1116 2994 1160 3029 16
1178 2996 1215 3029 et
1233 2994 1277 3029 17
1295 3004 1406 3039 supra
1429 3003 1464 3038 p.
1485 2994 1554 3029 642
1579 3004 1613 3028 n.
1631 2994 1663 3028 1.

152 3055 258 3090 (Inui.
280 3058 473 3087 Bibliotheca
487 3059 525 3086 V.
566 3080 569 3082 .
1331 3059 1379 3094 46

1692 2463 1723 2489 0.
1738 2454 1829 2490 1127
