2028 3438
300 376 388 411 1121

283 424 367 463 Sept.
380 425 393 455 1

419 247 505 290 616
804 257 968 289 Essoms
999 258 1104 288 vrrA
1136 256 1343 288 o'r'roms.
1390 257 1477 286 111ss.
1500 256 1518 286 1
1547 254 1593 287 22

419 365 636 420 sanctique
666 364 881 408 Benedicti
912 363 1094 418 abbatis,
1135 363 1243 406 sicut
1273 376 1297 405 a
1327 362 1556 418 primordio
1595 361 1970 406 fundationismo-

417 441 592 485 nasterii
624 440 847 484 diffinitum
880 444 956 484 est.

941 650 1105 694 LIBER
1144 649 1445 693 SECUNDUS.

537 748 583 789 1.
622 746 754 801 Igitur
785 748 1026 788 senescente
1062 744 1147 787 iam
1185 744 1340 786 mundo
1379 746 1420 787 et
1450 743 1516 786 die
1554 743 1682 787 seculi
1723 743 1970 801 advespera-

416 827 576 877 scente,
609 837 702 866 cum
734 822 873 865 divine
905 821 1073 877 pietatis
1105 821 1296 875 dignacio
1327 820 1602 876 Pomeranos‚
1641 823 1812 864 eatenus
1842 833 1969 877 paga-

415 900 560 943 nitatis
591 913 731 943 errore
763 899 1005 955 depressos,
1045 897 1265 954 splendore
1303 897 1401 940 fidei
1435 897 1674 941 illuminare
1705 897 1968 952 decrevisset,

414 978 533 1020 iuxta
565 977 675 1031 quod
706 976 909 1031 scriptum
942 978 1025 1018 est:
1062 975 1111 1017 In
1133 990 1270 1017 omnes
1299 983 1438 1031 yentes
1467 977 1653 1032 primum
1683 983 1844 1031 oportet
1870 990 1968 1031 pre-

415 1056 554 1097 dicari
584 1054 846 1110 euanqelium
858 1049 882 1105 ¹,
915 1051 1109 1094 idoneum
1143 1051 1202 1094 eis
1233 1052 1349 1095 verbi
1380 1052 1633 1106 ministrum,
1666 1050 1825 1095 scilicet
1852 1051 1969 1108 pium

415 1130 610 1174 Ottonem
644 1130 885 1186 episcopum
919 1128 1157 1171 destinavit.
1212 1128 1291 1171 Hic
1323 1128 1455 1183 enim,
1493 1131 1604 1171 totus
1639 1127 1849 1171 lucrandis
1881 1127 1969 1171 ani-

415 1207 561 1250 mabus
593 1206 831 1261 invigilans,
864 1204 1140 1262 amplificatus
1163 1208 1227 1248 est
1248 1205 1366 1260 quasi
1388 1205 1507 1248 stella
1531 1205 1738 1249 matutina
1767 1205 1811 1248 in
1831 1203 1967 1248 medio

414 1283 564 1327 nebule
605 1286 646 1326 et
675 1287 723 1326 ut
752 1282 852 1325 luna
891 1282 1017 1338 plena
1053 1282 1097 1324 in
1129 1281 1273 1325 diebus
1306 1282 1391 1324 suis
1422 1279 1629 1335 lucebat²;
1669 1294 1717 1325 ac
1746 1281 1876 1325 veluti
1906 1281 1969 1325 sol

413 1357 643 1415 refulgens³
675 1360 784 1402 inter
817 1373 914 1402 suos
954 1358 1132 1413 collegas
1165 1358 1380 1415 episcopos
1420 1359 1600 1401 emicuit.
1655 1358 1789 1402 Huius
1827 1361 1967 1402 autem

415 1437 671 1493 apostolatus
706 1450 785 1492 que
810 1436 936 1479 fuerit
957 1435 1132 1489 occasio,
1166 1435 1270 1478 scire
1294 1435 1525 1479 volentibus
1547 1435 1747 1492 aperiam,
1779 1435 1888 1479 sicut
1914 1449 1968 1479 ex

414 1528 484 1558 ore
525 1514 634 1557 servi
665 1513 746 1556 Dei
776 1512 981 1567 Udalrici,
1022 1512 1249 1555 sacerdotis
1289 1512 1460 1555 ecclesie
1498 1512 1609 1555 beati
1638 1511 1799 1567 Egidii,
1838 1526 1966 1568 >quam

412 1591 523 1635 idem
562 1591 656 1647 pius
688 1589 786 1633 Otto
818 1589 1073 1643 construxit,
1114 1588 1275 1641 audivi3
1316 1589 1432 1631 cuius
1470 1589 1696 1632 reverende
1733 1589 1967 1633 maturitati

413 1672 455 1712 et
485 1671 671 1724 spectate
702 1679 840 1710 coram
873 1665 963 1709 Deo
1003 1668 1044 1708 et
1081 1665 1317 1708 hominibus
1355 1664 1450 1708 fidei
1492 1665 1553 1709 ita
1588 1679 1655 1709 me
1691 1679 1859 1710 necesse
1887 1666 1968 1710 fuit

413 1745 595 1798 credere,
629 1744 713 1786 acsi
745 1743 926 1799 propriis
959 1743 1087 1786 oculis
1120 1756 1168 1785 ea
1200 1756 1278 1798 que
1310 1742 1474 1786 dicebat
1503 1743 1714 1786 vidissem.

531 1820 683 1863 Aiebat
722 1833 840 1874 ergo:
890 1820 987 1874 quia
1025 1819 1244 1876 episcopus
1284 1820 1451 1874 quidam
1497 1819 1602 1863 mire
1646 1819 1880 1863 sanctitatis
1925 1824 1967 1864 et

413 1898 590 1941 sciencie
620 1897 701 1940 fuit
728 1896 996 1940 Bernhardus
1026 1897 1207 1951 nomine,
1240 1896 1465 1952 Hyspanus
1498 1896 1664 1952 quidem
1695 1910 1858 1952 genere,
1891 1897 1966 1940 sed

412 1975 541 2018 Rome
564 1975 617 2017 ad
638 1974 925 2030 episcopatum
948 1973 1101 2016 electus
1124 1976 1165 2016 et
1185 1976 1463 2016 consecratus.
1510 1973 1589 2016 Hic
1619 1973 1830 2029 aliquanto
1860 1977 1965 2018 tem-

412 2064 513 2108 pore
543 2050 829 2093 heremiticam
863 2051 991 2093 vitam
1024 2063 1117 2093 cum
1151 2050 1242 2093 aliis
1274 2050 1405 2093 servis
1435 2050 1515 2093 Dei
1547 2050 1742 2104 duxerat3
1776 2051 1862 2106 sed,
1893 2051 1965 2094 de-

412 2128 548 2184 posito
572 2127 701 2170 Rome
733 2127 912 2181 quodam
944 2140 1115 2170 erroneo
1148 2128 1356 2183 episcopo,
1387 2128 1491 2183 ipse,
1522 2130 1624 2170 nutu
1648 2128 1787 2171 divino
1818 2131 1963 2184 raptus

413 2218 463 2248 ex
494 2204 676 2258 heremo,
709 2203 747 2246 ei
778 2203 1024 2257 subrogatus
1057 2207 1130 2246 est.
1179 2204 1256 2255 Qui
1279 2217 1450 2247 cernens
1473 2204 1686 2247 ecclesiam
1719 2218 1838 2248 suam
1869 2205 1963 2248 hor-

411 2281 540 2324 rendo
563 2280 757 2323 scismate
778 2280 929 2322 laniari
951 2304 1005 2309 —
1026 2280 1123 2335 quia
1154 2294 1251 2336 pars
1273 2294 1357 2324 una
1378 2281 1470 2335 sibi,
1503 2294 1600 2337 pars
1622 2281 1754 2325 altera
1774 2281 1962 2337 deposito

410 2358 578 2400 favebat
599 2384 652 2389 —
677 2360 724 2399 ut
743 2357 808 2399 vir
839 2356 1022 2412 prudens
1055 2360 1096 2399 et
1128 2357 1287 2412 doctus,
1318 2358 1361 2399 in
1393 2358 1573 2400 scissura
1603 2359 1805 2401 mentium
1826 2358 1962 2402 Deum

410 2448 494 2476 non
525 2447 616 2477 esse
647 2434 929 2490 perpendens,
970 2434 1196 2476 cedendum
1229 2434 1408 2490 tempori
1440 2437 1481 2477 et
1511 2434 1655 2477 diebus
1686 2435 1809 2479 malis
1838 2435 1962 2479 intel-

399 2496 536 2564 'lexit3
570 2523 751 2565 curaque
782 2510 983 2566 pastorali
1006 2511 1206 2566 deposita,
1240 2511 1292 2552 ad
1320 2511 1532 2554 heremum
1555 2512 1718 2566 regredi
1738 2513 1960 2568 cogitabat,

411 2590 627 2642 tamquam
667 2590 709 2629 et
747 2587 837 2642 ipse
870 2600 961 2630 cum
994 2585 1275 2630 Athanasi0⁸⁴
1305 2587 1479 2630 diceret:
1522 2589 1576 2632 Si
1609 2598 1782 2646 propter
1810 2606 1874 2633 me
1904 2600 1962 2634 eet

507 2690 532 2710 a.
567 2680 711 2718 Gregorio
735 2680 910 2710 Nazanzeno
932 2680 966 2710 in
989 2681 1086 2711 litura
1107 2681 1138 2710 E
1157 2679 1306 2720 scriptum
1328 2686 1372 2711 est
1387 2691 1449 2720 pro
1470 2682 1645 2712 Athanasio.

507 2745 538 2778 1.
565 2743 672 2778 Marc.
690 2744 743 2788 13,
764 2744 819 2778 10.
908 2744 940 2778 2.
967 2743 1076 2778 Ec'cli.
1092 2743 1148 2788 50,
1168 2744 1207 2779 6:
1235 2743 1366 2788 „Quasi
1392 2745 1496 2779 stella
1515 2764 1555 2769 —
1575 2745 1706 2780 lucet“.
1790 2746 1823 2781 3.
1849 2746 1959 2781 Eccli.

410 2801 467 2845 50,
486 2801 519 2835 7.
639 2802 673 2836 4.
705 2801 777 2836 imo
810 2801 1006 2846 Gregorius
1037 2802 1286 2838 Nazianzenus
1322 2803 1358 2837 in
1392 2803 1533 2848 synodo
1563 2803 1960 2849 constantinopolitana

410 2858 494 2893 anni
519 2859 600 2893 381.
638 2859 683 2895 V.
709 2859 874 2904 Gregorii
897 2859 984 2895 Naz.
1012 2860 1164 2895 Carmen
1190 2860 1235 2895 de
1260 2860 1337 2895 vita
1361 2871 1427 2896 sua
1451 2873 1485 2896 v.
1507 2862 1761 2907 1839—1841‚
1792 2872 1874 2908 opp.
1901 2861 1957 2898 ed.

410 2916 548 2951 Oaillau
574 2917 616 2951 T.
634 2917 667 2951 11
692 2928 728 2962 p.
749 2918 834 2963 7713
868 2917 913 2953 cf.
939 2919 1085 2954 Baronii
1110 2918 1240 2954 Annal.
1265 2919 1333 2954 381
1360 2930 1394 2954 n.
1414 2920 1489 2956 LV.
1539 2919 1592 2955 ef.
1619 2921 1727 2955 etiam
1759 2920 1865 2956 huius
1895 2931 1958 2966 pa-

407 2984 516 3019 gmae
540 2985 574 3010 n.
593 2985 625 3010 a.
