2028 3438
0 0 22 134 *‘“'⁴‘³·'*-.

195 822 197 824 v
568 775 572 779 ’
614 795 708 852 Ex
755 796 1077 852 HEIMONIS

285 891 386 947 DE*
420 891 728 949 DEGURSU
775 892 1151 950 TEMPORUM
1195 893 1412 949 Lumo.

67 1096 251 1158 Studia
282 1113 601 1171 chronoloyicis‚
640 1129 748 1171 quae
779 1115 948 1157 omnino
981 1131 1009 1158 a
1039 1115 1172 1158 doctis
1202 1116 1349 1158 aetatis
1380 1115 1542 1158 mediae
1572 1117 1636 1158 vi-

64 1193 126 1235 ris
166 1191 311 1241 labore
345 1193 455 1236 serio
487 1193 664 1248 diynari
691 1192 899 1245 solebant,
941 1194 1067 1236 etiam
1097 1192 1362 1250 Bamberqae
1392 1194 1636 1236 duodecimo

65 1269 230 1321 saeculo
257 1269 496 1327 ,complures
528 1285 570 1312 se
590 1271 852 1312 dediderunt.
900 1269 970 1312 De
993 1270 1154 1313 duobus
1187 1273 1296 1313 enim
1328 1279 1416 1314 tum
1447 1273 1534 1314 eius
1563 1287 1635 1328 ye-

64 1349 177 1399 neris
197 1349 413 1405 mayietris
434 1348 814 1405 Bamberqensibus
834 1349 1060 1390 memoriae
1084 1349 1305 1405 proditum
1327 1357 1396 1392 est.
1447 1348 1637 1403 Quorum

65 1426 191 1470 alteri
208 1425 415 1482 Fr6t0ff0‚
446 1426 688 1483 presbytero
710 1434 757 1469 ut
776 1427 941 1468 videtur
964 1424 1010 1469 S.
1030 1426 1252 1469 Michaelis
1275 1428 1363 1468 iam
1384 1443 1496 1469 aomo
1520 1427 1637 1470 1103

64 1511 249 1557 mortuo,
291 1505 339 1546 in
369 1503 649 1555 „chronicis“
681 1504 948 1558 conficiendis
980 1504 1317 1560 „praedicabilis
1357 1505 1636 1561 diliyentiae“

66 1580 159 1625 laus
191 1577 422 1638 defertur-¹,-
461 1581 640 1624 alterum
671 1582 897 1624 Dudonem
927 1583 1013 1624 sive
1049 1581 1273 1635 Tutonem‚
1313 1583 1365 1625 ab
1398 1598 1509 1625 aomo
1537 1583 1638 1638 fere

65 1646 185 1704 1122
214 1660 274 1702 ad
302 1674 462 1702 annum
487 1659 589 1715 fere
621 1659 739 1702 1155
769 1659 1062 1702 scholasticum
1092 1661 1267 1702 maioris
1300 1661 1505 1714 ecclesiae,
1545 1676 1637 1704 cum

65 1738 234 1790 „virum
264 1737 640 1780 litteratissimum“
671 1745 759 1780 tum
790 1737 1181 1794 chronoloyicarum
1216 1753 1357 1781 rerum
1389 1741 1636 1796 „perspica-

66 1815 308 1858 cissimum“
336 1815 481 1871 fuisse
520 1816 755 1872 accepimus
763 1811 791 1857 ².
847 1814 918 1857 Ea:
955 1815 1105 1857 horum
1136 1816 1366 1873 disciplina
1405 1819 1562 1860 exstitit
1600 1826 1638 1860 et

64 1893 345 1936 Barchardue
375 1893 591 1951 presbyter
622 1901 659 1935 et
687 1892 915 1936 monachus
938 1891 986 1936 S.
1005 1893 1227 1936 Michaelis
1262 1896 1638 1952 „computistarum

65 1971 441 2024 studiosissimum
486 1973 563 2027 qui
599 1972 668 2013 die
699 1971 757 2013 14
790 1970 1046 2026 Septembris
1077 1987 1116 2013 a.
1141 1972 1263 2015 1149
1299 1974 1387 2015 vita
1426 1968 1634 2026 emeessiffi,

66 2055 106 2092 et
131 2049 185 2103 is,
220 2050 297 2106 qui
324 2049 401 2092 hoc
432 2049 521 2092 loco
551 2048 786 2105 plurimum
815 2057 962 2091 nostra
991 2049 1135 2104 refert,
1168 2048 1332 2093 Heimo.

184 2126 285 2184 Ipse
315 2134 451 2169 autem
482 2125 648 2179 Heimo,
682 2127 781 2168 inde
811 2126 863 2169 ab
895 2128 1063 2170 ineunte
1093 2127 1257 2170 saeculo
1289 2128 1392 2170 XII
1419 2129 1637 2186 presbyter

69 2203 263 2248 ecclesiae
285 2203 332 2249 S.
344 2204 490 2247 Iacobi
507 2201 869 2261 Bamberqensis⁴,
903 2219 989 2247 non
1009 2205 1145 2247 solum
1165 2204 1358 2261 Frotolfo
1374 2205 1637 2263 Dudonique

162 2286 196 2322 1.
219 2285 352 2322 Hoimo
377 2295 473 2321 anno
491 2285 585 2321 1135
609 2285 645 2321 in
670 2284 801 2332 prioris
817 2283 901 2321 libri
917 2285 1088 2322 editionis
1112 2295 1194 2331 cap.
1210 2286 1245 2332 4,
1270 2285 1308 2322 in
1331 2287 1544 2332 posterioris
1561 2287 1636 2324 edi-

64 2345 177 2382 tionis
200 2345 243 2382 L.
261 2345 280 2381 I
304 2355 336 2381 c.
351 2345 378 2381 4
400 2344 458 2382 his
473 2343 597 2382 verbis
620 2355 711 2381 usus
736 2346 813 2381 est:
840 2345 904 2391 „In
928 2344 998 2381 hoc
1023 2346 1194 2391 scrupulo
1218 2355 1292 2382 non
1315 2348 1458 2382 tantum
1484 2356 1636 2383 venera-

65 2403 149 2442 bilis
172 2404 278 2441 Beda
306 2404 374 2442 sed
405 2407 444 2441 et
473 2404 638 2450 plerique
667 2407 753 2441 ante
777 2414 882 2450 eum,
913 2414 1006 2450 quos
1030 2405 1110 2451 ipse
1135 2404 1322 2451 sequendo
1346 2405 1385 2442 in
1410 2406 1533 2442 multis
1556 2406 1635 2442 imi-

65 2466 166 2501 tatus
190 2466 264 2511 est,
289 2467 328 2500 et
349 2464 495 2511 plurimi
518 2466 605 2510 post
629 2474 730 2510 eum,
756 2464 821 2510 qui
843 2464 965 2510 ipsum
989 2464 1120 2500 imitati
1145 2467 1250 2511 sunt,
1283 2464 1412 2501 herere
1435 2465 1636 2511 deprehen·

66 2522 215 2560 duntur.
252 2522 327 2560 Sed
350 2534 420 2560 nec
443 2523 529 2560 inde
554 2533 595 2560 se
619 2522 778 2560 absolvit
807 2523 1032 2569 magister
1062 2526 1222 2560 noster
1253 2524 1356 2570 piae
1387 2526 1636 2562 memoriae

65 2577 306 2621 Frdtolfus
343 2584 404 2628 (al.
429 2577 648 2629 Frfitolfus)‚
681 2583 813 2620 cuius
843 2582 1180 2630 praedicabilis
1210 2583 1456 2630 diligentia
1486 2595 1635 2632 compu-

65 2643 195 2680 tationi
221 2642 346 2679 Bedae
371 2642 499 2678 decem
525 2652 640 2679 annos
665 2642 817 2689 addidit,
842 2643 887 2679 in
913 2643 1144 2680 chronicis
1169 2643 1266 2680 suis
1291 2644 1467 2690 colligens
1491 2655 1515 2681 a
1537 2645 1635 2691 prin-

66 2702 162 2750 cipio
187 2702 314 2738 mundi
338 2703 432 2738 3962
458 2711 573 2738 annos
602 2711 720 2747 usque
753 2702 800 2738 ad
824 2702 1055 2739 nativitatem
1081 2701 1250 2739 Christi“.
1295 2703 1364 2747 Qui
1394 2703 1490 2740 idem
1521 2703 1636 2741 fuisse

66 2761 214 2798 videtur
237 2771 282 2798 ac
305 2761 365 2798 ille
393 2755 598 2808 „Frsstolfus
621 2760 816 2808 presbyter
833 2764 872 2797 et
889 2761 1090 2798 monachus
1109 2761 1146 2798 S.
1160 2761 1382 2809 Michaelis“,
1407 2763 1511 2800 cuius
1537 2774 1635 2801 mors

66 2820 105 2857 in
127 2820 337 2866 necrologio
362 2820 399 2857 S.
416 2820 603 2857 Michaelis
633 2821 681 2857 ad
712 2821 809 2857 diem
837 2822 879 2857 17
905 2821 982 2857 Ian.
1002 2822 1094 2858 1103
1122 2820 1288 2858 refertur.
1409 2824 1443 2859 2.
1469 2824 1514 2860 V.
1540 2822 1636 2860 infra

67 2878 247 2926 praefatio
271 2880 401 2926 prioris
426 2880 615 2917 editionis:
648 2880 904 2926 „magistro
937 2883 1096 2918 nostro
1126 2881 1333 2918 Dudoni“
1360 2884 1431 2919 cet.
1527 2883 1561 2918 3.
1587 2883 1634 2920 V.

67 2938 176 2976 ibid.:
211 2939 475 2987 „dilectissime
499 2939 728 2986 Burchardc,
761 2939 1063 2985 compotistarum
1094 2941 1210 2978 nostri
1238 2941 1413 2987 temporis
1445 2940 1635 2978 studiosis·

69 2998 203 3036 sime“.
322 2999 357 3035 4.
384 2999 428 3036 V.
455 2998 637 3036 Praefatio
667 2999 880 3045 posterioris
905 2999 1094 3037 editionis:
1122 3001 1276 3047 „Incipit
1299 3001 1446 3038 cronica
1470 3001 1635 3047 magistri
