2028 3438
269 357 359 392 1099

387 228 471 272 178
911 238 1132 270 nmmum
1161 237 1331 270 connx.
1375 237 1421 271 92

382 346 508 390 tionis
537 345 726 389 lanceam
747 356 880 399 suam,
912 353 1063 387 munus
1084 357 1169 387 non
1191 345 1349 387 visum⁸
1380 357 1406 387 a
1424 341 1940 400 temporeapoetobqun,

384 423 536 479 pignus
573 422 772 465 victoriae
819 420 939 464 nobis
978 419 1147 475 obtulit3
1195 421 1344 464 deinde
1389 421 1516 464 corda
1561 416 1942 472 omniumbnxadw

385 499 607 554 animavit,
647 503 693 541 ut
729 498 835 553 illis,
875 497 1024 553 quibus
1062 498 1251 552 egritudo
1283 498 1350 540 vel
1387 497 1520 541 fames
1550 495 1803 543 'ambulandi
1817 496 1941 540 ‘vites

373 579 631 631 negaverat,
674 588 792 618 arma
833 575 1023 618 sumendi
1061 578 1104 618 et
1140 574 1319 618 viriliter
1358 578 1504 618 contra
1540 574 1683 618 hostes
1714 572 1942 618 dimicandi

383 654 589 696 virtutem·
611 652 863 695 infunderet.
1744 670 1747 673 ·
1784 649 1910 694 Ἰι-ἶῑὲψ

501 729 626 784 Inde,
673 741 768 772 cum
813 727 1084 785 triumphatis
1122 728 1311 771 hostibus
1354 728 1466 771 fame
1504 730 1546 770 et
1580 725 1695 772 tedio
1712 725 1940 771 :exereitus

384 805 579 849 deficeret
607 805 879 860 Antiochiae,
918 806 1103 849 maxime
1134 808 1306 862 propter
1337 805 1565 848 discordias
1596 803 1941 862 principumqvgin

333 884 339 891 '
387 882 552 940 Syriam
592 883 789 939 profecti,
828 881 1004 925 Barram
1045 886 1086 925 et
1123 881 1306 925 Marram
1343 882 1468 926 urbes
1507 878 1942 931 Sarracenorumvdx-

280 2658 334 2688 lul.
347 2659 364 2688 8

384 960 691 1017 pugnavimus‘¹
722 963 764 1003 et
794 959 967 1003 castella
998 959 1181 1014 regionis
1220 959 1486 1003 obtinuimus.
1541 958 1728 1015 Cumque
1762 955 1941 1003 §Eidem'

384 1051 548 1081 moram
586 1037 887 1094 disposuimus,
927 1039 1046 1079 tanta
1082 1036 1214 1079 fames
1251 1036 1296 1078 in
1328 1037 1512 1079 exercitu
1548 1036 1649 1091 fuit,
1686 1038 1745 1079 ut·
1760 1045 1942 1092 {conpeta

387 1114 714 1158 Sarracenorum
743 1114 828 1157 iam
859 1113 1079 1156 fetentium
1112 1127 1136 1155 a
1165 1113 1320 1169 populo
1351 1113 1578 1156 christiano
1609 1110 1921 1156 comestaesint.

503 1191 668 1235 Deinde
705 1204 799 1234 cum
838 1191 979 1233 divino
1016 1190 1179 1232 monitu
1214 1190 1279 1232 in‘
1317 1191 1517 1234 interiora
1550 1190 1819 1247 Hispaniae*
1843 1200 1942 1246 pvo-

386 1268 667 1324 grederemur,
688 1268 968 1322 largissimam
991 1269 1115 1322 atque
1135 1266 1447 1310 misericordem
1471 1270 1513 1311 et
1531 1265 1941 1311 victoriosissimum²¹

386 1359 557 1388 manum
598 1345 896 1401 omnipotentis
933 1344 1067 1400 patris
1098 1343 1313 1387 nobiscum
1344 1344 1578 1388 habuimus.
1629 1341 1940 1388 Etenimlcives

373 1425 429 1484 *et
459 1421 676 1465 castellani
715 1422 897 1476 reglonis
934 1421 1068 1476 illius,
1108 1421 1197 1477 peri
1233 1434 1357 1476 quam
1394 1421 1751 1477 procedebamus,
1781 1421 1836 1464 ad
1863 1432 1941 1464 nos

387 1512 481 1542 cum
520 1499 664 1542 multis
703 1498 887 1541 donariis
924 1498 1084 1552 legatos
1131 1497 1478 1553 praemittebant,
1525 1499 1669 1555 parati
1707 1499 1863 1543 servire
1900 1500 1943 1542 et

387 1576 542 1633 oppida
573 1588 649 1618 sua
675 1575 862 1618 reddere.
912 1574 994 1618 Sed
1026 1575 1123 1630 quia
1155 1575 1361 1618 exercitus
1390 1578 1534 1618 noster
1553 1588 1638 1618 non
1659 1575 1816 1619 multus
1838 1579 1940 1631 erat,

388 1656 430 1696 et
465 1653 511 1695 in
547 1641 772 1695 Ierusalem
811 1651 1066 1709 unanimiter
1102 1651 1382 1706 festinabant,
1429 1653 1611 1709 acceptis
1649 1649 1941 1702 securi-tatibus

386 1729 630 1772 tributarios
662 1741 731 1771 eos
763 1713 957 1782 fecimus3
991 1729 1146 1785 quippe
1177 1728 1295 1771 cumk
1327 1729 1379 1771 de
1408 1729 1551 1772 multis
1583 1743 1667 1772 una
1686 1729 1941 1786 civitatibus,

389 1819 495 1862 quae
525 1805 570 1848 in
600 1806 823 1848 maritimis
853 1806 938 1848 illis
969 1809 1079 1860 sunt,
1118 1805 1258 1861 plures
1288 1804 1477 1849 homines
1508 1805 1709 1862 haberet',
1740 1819 1869 1862 quam
1895 1805 1942 1850 in

389 1882 575 1926 exercitu
605 1886 748 1926 nostro
778 1883 968 1925 fuissent.

506 1958 725 2015 Cumquem
765 1959 954 2002 auditum
994 1961 1104 2002 esset
1140 1958 1407 2014 Antiochiae,
1448 1960 1546 2015 quia
1585 1972 1733 2003 manus
1771 1958 1942 2003 Domini

388 2036 605 2079 nobiscum
637 2040 758 2091 esset,
799 2036 940 2092 plures
973 2035 1024 2078 de
1057 2036 1255 2090 exercitu,
1296 2037 1367 2091 qui
1396 2036 1455 2079 ibi
1485 2037 1701 2096 remansit,
1732 2037 1941 2081 consecuti

388 2116 486 2155 sunt
514 2126 589 2155 nos
623 2113 735 2169 apud
757 2113 926 2169 Tyrum.
983 2112 1051 2155 Sic
1080 2113 1222 2167 itaque
1251 2112 1365 2156 Deo¹¹
1397 2114 1637 2157 conviatore
1674 2117 1715 2157 et
1745 2124 1941 2171 coopera-

386 2192 477 2232 tore
507 2189 748 2232 nobiscum⁰
778 2203 909 2244 usque
939 2189 1165 2232 Ierusalem
1195 2190 1475 2245 pervenimus.

506 2265 694 2321 Cumque
739 2267 783 2309 in
824 2250 1059 2309 obsidione*
1083 2266 1195 2308 illius
1237 2266 1414 2308 multum
1465 2267 1671 2310 exercitus
1716 2266 1939 2323 laboraret,

387 2343 570 2386 maxime
609 2346 782 2399 propter
819 2357 950 2398 aquae
989 2343 1195 2399 inopiam,
1235 2342 1376 2385 habito
1415 2343 1626 2398 consiliov,
1675 2344 1869 2401 episcopi·
1900 2347 1942 2387 et

387 2419 621 2475 principes,
663 2420 947 2463 circinandam
979 2433 1069 2462 esse
1100 2420 1312 2463 civitatem
1341 2421 1464 2463 nudis
1495 2420 1692 2477 pedibus,
1724 2421 1940 2477 praedica-

387 2499 558 2549 verunt3
591 2499 639 2538 ut
667 2496 760 2550 ille,
794 2497 865 2551 qui
895 2510 971 2552 pro
1002 2497 1122 2540 nobis
1154 2497 1199 2540 in
1228 2497 1464 2540 humilitate
1496 2511 1588 2540 eam
1618 2498 1831 2552 ingressus
1862 2500 1939 2552 est,

388 2584 464 2627 per
493 2571 771 2615 humilitatem
802 2576 989 2616 nostram
1010 2598 1064 2603 ——
1087 2587 1163 2630 pro
1186 2587 1230 2617 se
1251 2574 1305 2616 ad
1323 2574 1521 2617 iudicium
1554 2574 1605 2616 de
1635 2575 1722 2617 suis
1752 2574 1940 2619 hostibus

387 2647 623 2691 faciendum
647 2673 700 2677 —
723 2648 843 2692 nobis
876 2657 990 2692 eamq
1022 2651 1215 2707 aperiret.
1270 2650 1464 2693 Placatus
1494 2650 1635 2705 itaque
1666 2651 1743 2693 hac
1772 2651 1940 2694 humili-

388 2727 474 2767 tate
494 2724 714 2794 yominus,
747 2728 891 2768 octavo
922 2730 1019 2782 post
1049 2727 1380 2770 humiliationem
1407 2729 1596 2769 nostram
1617 2728 1708 2770 dieq
1728 2727 1940 2771 civitatem

482 2821 507 2841 a.
540 2821 648 2842 munus
669 2813 797 2842 invisum
820 2813 854 2843 G.
999 2815 1029 2844 b.
1060 2815 1215 2845 hominum
1236 2814 1270 2844 G.
1413 2824 1439 2844 c.
1473 2814 1529 2844 deo
1553 2817 1701 2845 annuente
1723 2815 1750 2845 G
1769 2825 1832 2855 pro
1854 2815 1939 2845 adeo.

389 2863 419 2893 d.
451 2865 682 2902 excognovimus
704 2865 738 2894 G.
843 2876 868 2895 e.
901 2867 943 2896 ibi
964 2867 1003 2897 B.
1098 2868 1119 2897 f.
1152 2877 1207 2898 om.
1227 2867 1262 2897 G.
1366 2876 1394 2905 g.
1426 2867 1597 2906 Hyspaniae
1616 2868 1646 2898 V.
1739 2868 1769 2898 h.
1801 2867 1939 2898 victoris-

389 2917 494 2946 simam
514 2917 543 2947 V.
627 2918 647 2947 i.
674 2920 745 2956 post
766 2917 836 2947 BG.
920 2919 949 2948 k.
980 2929 1035 2949 om.
1055 2919 1089 2949 G.
1173 2920 1193 2950 l.
1224 2920 1368 2950 haberent
1384 2920 1415 2950 V.
1499 2930 1538 2950 m.
1567 2920 1638 2950 Cum
1660 2920 1694 2950 G.
1777 2929 1808 2950 n.
1835 2930 1892 2950 om.
1904 2919 1938 2950 Ζ.

389 2978 417 2998 ο.
440 2969 489 2999 Sic
503 2970 603 3008 itaque
619 2971 789 3000 conviatore
806 2973 836 3000 et
851 2974 1044 3009 cooperatore
1056 2972 1120 3001 Deo
1136 2973 1291 3002 nobiscum
1306 2973 1335 3002 V.
1416 2982 1445 3011 p.
1468 2974 1595 3003 concilio
1611 2973 1700 3003 VZB.
1783 2982 1812 3011 q.
1834 2982 1890 3002 om.
1903 2971 1938 3002 G.
