2028 3438
398 278 483 321 822
782 290 1020 322 nnnssonm
1049 292 1289 323 DIALOGUS.
1337 293 1423 323 me.
1447 293 1498 323 111
1527 289 1574 324 30

280 406 371 442 1127
395 395 627 439 tinensibus
661 396 824 453 publice
855 396 1070 441 adversari
1101 401 1319 454 ceperunt3
1360 401 1402 442 et
1437 399 1573 455 primo
1604 398 1795 454 quidem·
1819 408 1951 444 naves

395 473 563 516 illorum
587 487 611 516 a
630 473 842 516 littoribus
875 474 961 517 suis
993 478 1147 529 arcent,
1180 478 1276 531 post
1307 475 1434 518 etiam
1465 489 1517 519 ex
1545 476 1755 519 communi
1785 476 1950 521 decreto

395 550 536 593 hostes
569 563 638 593 008
669 549 813 593 haberi
845 553 1046 605 statuunt,
1079 551 1222 594 Ottoni
1247 552 1441 608 episcopo
1462 552 1709 596 mandantes
1731 576 1787 583 —
1808 553 1951 598 audie·-

395 630 492 670 rant
513 627 637 682 enim,
671 627 785 682 quod.
809 627 880 669 illo
902 627 955 670 ad
987 627 1285 683 predicandum
1308 629 1449 672 venire
1470 629 1597 672 vellet
1617 653 1671 659 ——
1693 642 1747 673 ne
1766 642 1951 686 unquam

395 703 498 746 fines
531 717 671 746 eorum
706 703 942 758 attingeret.
990 703 1197 747 Dicebant
1228 705 1353 760 enim,
1385 705 1514 749 nichil
1545 719 1639 749 eum
1669 705 1782 762 apud
1811 714 1857 750 s'e
1885 707 1951 750 in-

396 783 617 823 venturum
638 780 721 822 nisi
744 780 914 824 acerbas
945 794 1076 837 penas
1101 784 1143 824 et
1162 784 1340 825 mortem
1362 783 1652 826 certissimam.
1699 782 1774 826 Ille
1795 785 1950 839 autem,

397 860 567 913 accepta
595 856 803 911 legatione
834 857 922 912 tali,
955 858 1079 901 tacite
1113 858 1222 914 apud
1255 872 1299 902 se
1324 858 1497 914 exultat,
1529 859 1715 902 animum
1744 862 1868 916 parat
1897 860 1950 903 ad

396 933 658 989 martyrium,
691 934 847 988 cogitat
877 937 919 977 et
939 934 1125 990 disponit
1145 935 1298 990 omnia,
1330 938 1484 978 tractat
1508 936 1632 979 anxie
1663 936 1774 992 apud
1804 949 1864 992 se,
1894 948 1950 981 an

394 1010 544 1053 melius
584 1010 658 1053 sit:
707 1010 840 1053 solum
882 1024 926 1053 se
965 1011 1017 1053 ad
1058 1011 1142 1054 tale
1184 1011 1421 1054 convivium
1464 1012 1528 1055 ire
1566 1026 1619 1055 an
1658 1025 1752 1056 cum
1791 1003 1956 1058 multis.‘

397 1085 653 1130 Stetinenses
693 1090 832 1130 autem
866 1087 1035 1142 quidam
1067 1088 1147 1130 viri
1188 1088 1287 1131 boni
1325 1092 1367 1132 et
1404 1089 1630 1144 prudentes
1666 1089 1711 1132 in
1749 1090 1950 1134 comitatu

396 1163 582 1220 episcopi
622 1167 742 1207 erant
778 1164 930 1219 Iuline,
977 1165 1097 1218 gnari
1134 1164 1318 1207 1000111111
1357 1166 1667 1221 provinciarum
1706 1169 1748 1210 et
1785 1179 1949 1211 monim

395 1240 593 1296 cuiusque
624 1241 772 1295 gentis.
820 1241 907 1283 Hos
939 1255 1036 1296 ergo
1068 1242 1288 1298 episcopus
1320 1241 1524 1298 paulatim
1553 1242 1948 1305 interrogationibus

394 1318 716 1374 pretemptabat,
750 1318 856 1361 scire
883 1318 1041 1374 volens,
1075 1318 1110 1361 si
1142 1319 1346 1374 quomodo
1379 1333 1474 1362 eum
1503 1319 1603 1363 illuc
1631 1320 1858 1376 perducere
1879 1334 1949 1364 ve-

395 1394 486 1437 lint.
534 1394 593 1437 At
622 1395 685 1437 illi
716 1395 767 1438 de
788 1395 946 1449 origine
967 1395 1156 1439 Ruthene
1186 1396 1336 1450 gentis,
1368 1396 1419 1439 de
1448 1396 1614 1440 feritate
1644 1397 1878 1440 animorum
1908 1400 1950 1441 et

395 1471 446 1514 de
483 1471 757 1515 instabilitate
794 1471 891 1515 fidei
931 1476 972 1515 et
1013 1473 1178 1516 bestiali
1216 1486 1359 1516 eorum
1390 1474 1704 1517 conversatione
1739 1462 1872 1518 multa
1909 1475 1948 1518 ei

394 1552 627 1603 narranteS,
662 1549 787 1592 etiam
808 1549 899 1603 1100,
932 1549 1042 1604 quod
1064 1549 1374 1606 archiepiscopo
1394 1550 1636 1593 Danorumb
1657 1551 1833 1595 subiecti
1858 1564 1950 1596 esse

395 1625 627 1680 debuerint,
658 1639 742 1668 non
773 1626 980 1668 tacebant.
1084 1625 1266 1682 Sperans
1290 1640 1387 1681 ergo
1410 1627 1643 1683 episcopus,
1675 1630 1840 1682 gratum
1859 1628 1948 1673 fore

394 1702 471 1756 illi,
505 1702 539 1744 si
562 1702 747 1744 converti
767 1705 951 1758 possent,
984 1702 1190 1758 simulque
1211 1703 1442 1758 attendens,
1464 1717 1692 1758 congruum
1712 1717 1817 1759 esse,
1838 1705 1949 1760 quod

396 1778 483 1822 eius
516 1792 591 1834 per
612 1778 822 1821 licentiam
846 1792 894 1821 ac
914 1779 1231 1834 permissionem
1266 1780 1318 1822 ad
1349 1780 1649 1836 predicandum
1676 1781 1720 1823 in
1741 1781 1830 1824 01118
1850 1795 1947 1838 par-

394 1855 578 1898 rochiam
611 1856 795 1910 veniret,
827 1855 1033 1911 Iwanum,
1066 1856 1346 1899 venerabilem
1378 1857 1676 1913 presbiterum,
1713 1857 1765 1901 de
1793 1857 1946 1902 latere⁶

395 1945 469 1974 suo
501 1935 542 1975 et
574 1931 676 1974 alios
707 1932 880 1975 nuncios
911 1933 1078 1987 navigio
1110 1945 1203 1975 cum
1235 1933 1386 1976 litteris
1420 1937 1462 1977 et
1491 1934 1732 1978 muneribus
1762 1934 1836 1978 illo
1869 1948 1946 1991 pro

393 2009 563 2052 licentia
593 2009 758 2052 direxit.

510 2085 864 2141 Archiepiscopus
896 2099 992 2129 vero
1032 2087 1077 2129 in
1108 2087 1291 2129 maximo
1329 2087 1480 2141 gaudio
1519 2090 1561 2130 et
1595 2087 1751 2131 honore
1786 2087 1946 2143 legatos

396 2163 568 2218 accepit,
600 2162 860 2218 habitisque‘¹
884 2163 993 2219 apud
1025 2176 1069 2206 se
1090 2163 1222 2206 multa
1243 2164 1514 2219 humanitate,
1545 2164 1728 2220 plurima
1747 2165 1798 2208 de
1819 2168 1944 2220 statu,

395 2239 446 2282 de
467 2239 656 2281 doctrina
687 2242 728 2282 et
748 2239 941 2295 operibus
963 2239 1074 2282 beati
1096 2240 1260 2283 Ottonis
1290 2240 1626 2296 percontabatur.
1671 2241 1777 2284 Erat
1806 2245 1944 2285 autem

341 2324 343 2327 ·
394 2316 459 2358 vir
480 2316 612 2358 bonus
644 2318 686 2358 et
716 2315 907 2371 simplex,
941 2316 1141 2359 bonarum
1174 2330 1313 2359 rerum
1335 2317 1510 2372 cupidus
1534 2317 1712 2373 auditor,
1743 2331 1827 2362 non
1857 2331 1943 2362 me-

395 2392 546 2435 diocris
578 2392 750 2435 scientie
784 2405 831 2435 ac
854 2384 1080 2447 religionis,
1111 2393 1155 2435 in
1177 2393 1476 2436 011101101111118ὃ
1497 2397 1638 2436 tamen
1660 2394 1845 2438 Sclavice
1874 2409 1943 2438 ru-

396 2468 602 2511 sticitatis.
724 2468 833 2511 Nam
864 2472 905 2512 et
934 2469 1123 2512 homines
1155 2473 1265 2513 terre
1295 2470 1408 2512 illius
1438 2470 1543 2513 tales
1564 2475 1673 2525 sunt,
1705 2474 1753 2514 ut
1781 2472 1826 2514 in
1854 2485 1943 2515 ma-

394 2545 509 2587 xima
540 2544 729 2588 ubertate
761 2548 884 2600 atque
915 2545 1072 2588 divitiis
1104 2547 1287 2600 generali
1319 2547 1495 2602 quadam
1522 2547 1676 2590 duritia
1706 2561 1848 2591 omnes
1878 2548 1943 2591 in-

394 2621 495 2663 culti
526 2621 746 2664 videantur
778 2624 819 2664 et
848 2624 1044 2676 agrestes.
1097 2622 1230 2666 Urbes
1267 2623 1327 2666 ibi
1366 2627 1407 2666 et
1445 2626 1582 2666 castra
1618 2624 1707 2667 sine
1743 2637 1863 2667 muro
1901 2628 1943 2668 01

394 2697 577 2739 turribus
608 2697 721 2751 ligno
753 2701 917 2740 tantum
948 2701 990 2741 et
1018 2699 1186 2742 fossatis
1217 2700 1478 2752 muniuntur3
1515 2700 1685 2743 ecclesie
1717 2714 1765 2744 ac
1795 2701 1941 2744 domus

393 2773 597 2816 nobilium
627 2774 804 2817 humiles
837 2777 878 2817 et
908 2774 981 2817 vili
1012 2779 1204 2819 scemate.
1253 2775 1400 2819 Studia
1429 2776 1643 2819 hominum
1675 2780 1748 2820 aut
1777 2779 1940 2821 venatio

394 2852 467 2892 aut
497 2850 672 2905 piscatio
705 2853 769 2893 est
788 2850 854 2893 vel
883 2864 1081 2906 pecorum
1111 2855 1296 2907 pastura.
1345 2852 1392 2895 In
1422 2852 1486 2895 his
1519 2853 1673 2897 etenim
1705 2867 1847 2897 omnes
1877 2854 1940 2897 di-

490 2974 517 2995 a.
550 2966 631 3004 quod
652 2966 723 3002 NB,
747 2967 868 3004 quidem
889 2967 928 2997 R.
1045 2968 1074 2998 b.
1106 2968 1260 2998 Donorum
1282 2969 1321 2998 N.
1435 2978 1460 2999 0.
1493 2969 1587 3000 latero
1609 2970 1649 3000 N.
1764 2971 1794 3001 d.
1825 2969 1939 3001 babtis-

395 3026 452 3057 que
474 3018 513 3047 N.
639 3027 664 3047 e.
698 3018 847 3048 exteribus
870 3019 910 3056 N,
935 3020 1130 3050 exterioribus
1151 3020 1221 3050 BR.
