2028 3438
665 261 888 294 UDALmoI
917 261 1086 294 ooan.
1134 261 1182 296 40
1653 253 1712 298 85

135 364 498 426 verendepater,
515 364 747 412 illustravit
777 372 819 413 et
848 370 1036 413 ornavit*
1068 370 1327 425 sacerdoci03
1368 371 1518 415 humili
1550 373 1712 431 suppli-

133 447 234 499 catu
263 440 432 490 orantes
451 442 496 491 et
514 446 809 504 deprecantes:
842 450 903 503 ut,
936 447 1008 504 qui
1036 448 1277 505 primiciasb
1300 450 1561 506 apostolatus
1581 452 1712 495 vestri

134 516 435 581 peffuditzoleo
454 522 622 569 leticiae
644 537 748 582 prae
769 525 1046 583 participibus
1067 526 1219 570 vestris
1233 523 1256 581 ¹,
1289 527 1471 582 gratiam
1497 532 1540 572 et
1562 541 1710 586 pacem

133 599 388 659 multiplicet
417 601 619 646 ecclesiae
650 609 772 646 suae⁶
805 603 966 647 cunctis
997 603 1144 647 diebus
1175 604 1342 648 vestris.

131 687 173 708 ²⁵³
199 722 203 725 ,
253 674 462 736 Optamus
493 682 634 723 autem
665 681 913 737 promereri,
945 685 992 725 ut
1011 681 1268 738 peculiarem
1296 683 1479 737 gratiam
1500 683 1612 741 apud
1634 697 1708 728 vos

130 751 420 811 obtineamus3
464 759 507 800 et
544 770 571 800 a
600 761 742 802 vestra
771 759 1027 815 paternitate
1066 759 1293 816 specialem
1331 761 1453 804 nobis
1483 761 1709 818 provenire

132 828 424 891 clementiam,
471 846 556 878 non
595 834 730 878 solum
771 849 822 879 ea
858 836 1055 892 caritate,
1103 850 1229 893 quam
1276 838 1506 882 universali
1546 838 1708 883 debetis

132 904 366 969 ecclesiae,
396 910 472 956 sed
510 913 639 956 etiam
671 926 719 957 eo
750 914 914 969 gratiae
943 914 1188 972 privilegio,
1221 915 1333 971 quod
1363 929 1531 973 semper
1562 921 1709 961 sancta

131 986 254 1035 sedes
276 993 428 1034 vestra
455 988 729 1046 Moguntinae
766 992 975 1050 impendit
1011 992 1212 1037 ecclesiae
1251 997 1300 1037 ut
1337 994 1409 1050 pia
1443 998 1581 1038 mater
1612 1008 1708 1052 spe-

132 1059 385 1113 ciali22fi1iae.
430 1066 522 1112 Hac
552 1069 676 1124 ergo‘¹
707 1070 807 1114 freti
836 1070 987 1126 gratia,
1019 1071 1064 1113 in
1095 1070 1310 1127 omnibus,
1344 1085 1451 1128 quae
1481 1072 1603 1116 nobis
1635 1072 1708 1116 ob-

130 1140 270 1203 viant‚³
295 1144 351 1190 ad
370 1152 468 1190 vos⁶
498 1147 775 1203 recurrimus3
809 1151 851 1192 et
871 1148 1072 1205 quicquid
1091 1149 1212 1193 nobis
1240 1149 1503 1206 adversatur,
1535 1150 1589 1194 ad
1609 1157 1706 1194 vos⁹

128 1217 248 1269 Velut
277 1223 469 1269 membra
497 1224 553 1268 ad
582 1230 710 1283 caput
738 1226 974 1270 referimus.

246 1294 381 1347 Unde
396 1302 620 1347 >humiliter
649 1303 903 1348 inclinamus
925 1307 1091 1348 vestrae
1116 1304 1345 1359 sanctitati,
1378 1305 1490 1361 quod
1521 1306 1599 1349 sub
1631 1320 1706 1350 an-

126 1377 340 1426 tecessore
376 1373 518 1424 vestre
554 1381 652 1438 piae
691 1382 995 1426 recordationis
1035 1395 1149 1439 papa
1187 1381 1468 1437 Assexandro)
1514 1384 1705 1440 contigit,

129 1460 231 1515 nos,
269 1462 319 1503 ut
348 1457 465 1503 salva
503 1460 741 1503 reverentia
779 1459 1043 1515 dixerimus‘,
1082 1459 1238 1503 iniuste
1277 1461 1583 1517 praeiudicium
1614 1462 1706 1519 pati

129 1539 174 1582 et
189 1527 478 1581 ‘inclementer
516 1537 760 1581 deturbatos
799 1551 891 1581 esse
923 1537 975 1580 ab
1007 1551 1056 1581 eo
1086 1538 1201 1594 iure,
1240 1538 1352 1594 quod
1382 1539 1492 1582 sacri
1524 1552 1705 1583 canones

131 1617 175 1659 et
203 1608 375 1672 patrum
413 1615 521 1659 scita
556 1615 894 1672 metropolitanis
933 1615 1080 1659 iubent
1111 1617 1284 1660 servari.
1343 1616 1535 1672 Denique
1568 1617 1706 1661 eidem

130 1684 397 1737 sanctissimo
427 1693 541 1750 patri
563 1693 624 1737 ‘de
653 1693 785 1737 fratre
824 1696 867 1737 et
897 1692 1162 1748 suffraganeo
1199 1697 1345 1738 nostro
1375 1693 1579 1750 Pragensi
1616 1695 1706 1752 epi-

129 1767 294 1828 scopo’'
319 1770 493 1815 sinistra
529 1764 734 1815 relatione
772 1775 1017 1827 suggestum
1057 1774 1122 1815 est
1162 1775 1223 1828 et,
1262 1785 1331 1816 me
1369 1772 1612 1828 ignorante,
1652 1773 1704 1817 ab

130 1848 314 1893 inimicis
344 1848 459 1906 apud
489 1861 584 1891 eum
611 1852 835 1892 accusatus
867 1853 943 1893 est.
990 1848 1112 1894 Unde
1151 1853 1193 1893 et
1223 1850 1450 1893 hactenus⁸
1486 1850 1705 1894 insolitum

128 1925 210 1971 ab¹⁸
239 1934 288 1971 eo
310 1926 416 1970 exiit
435 1922 634 1981 edietum,
664 1930 712 1970 ut
733 1927 911 1971 eundem
931 1928 1106 1971 fratrem
1135 1932 1178 1972 et
1198 1929 1493 1986 coepiscopum
1513 1932 1705 1972 nostrum

132 2029 188 2035 -
220 2017 299 2049 1100
327 2004 440 2048 111101·
469 2004 621 2047 fratres
653 2018 750 2048 suos
771 2005 986 2049 canonice*
1017 2006 1136 2062 prius
1167 2007 1371 2062 auditum,
1402 2020 1481 2050 nec
1507 2007 1705 2051 canonice

131 2082 186 2127 ad
215 2095 261 2126 se
281 2085 490 2138 vocatum,
522 2095 600 2125 nec
619 2082 929 2127 inobedientiae
951 2083 1077 2141 culpa
1097 2084 1342 2128 denotatum
1374 2108 1428 2114 —
1461 2098 1547 2128 non
1568 2084 1704 2128 solum

132 2159 184 2205 ab
214 2158 360 2204 'officio
399 2172 476 2203 suo
514 2160 804 2217 suspenderitk
843 2161 917 2205 sed
958 2162 1086 2205 etiam
1123 2162 1248 2206 rebus
1286 2166 1329 2206 et
1359 2162 1564 2206 reditibus
1602 2175 1704 2206 suae

125 2230 332 2284 ⁴eeclesiae
362 2237 532 2282 omnino
564 2237 810 2295 spoliaverit
840 2242 883 2283 et
903 2240 1173 2294 exstruserit;
1206 2240 1268 2283 ita
1297 2243 1345 2283 ut
1370 2239 1512 2283 missis
1543 2239 1704 2283 nuntiis

124 2315 298 2376 publice
328 2316 523 2360 nunciari
551 2316 701 2360 fecerit
730 2316 792 2359 in¹
824 2316 934 2360 clero
967 2321 1009 2360 et
1040 2317 1217 2374 populo,
1249 2321 1317 2373 ut,
1350 2331 1446 2360 eum
1478 2318 1598 2374 quasi
1631 2331 1703 2362 ex-

131 2394 487 2439 communicatum
518 2394 733 2450 habentes,
765 2395 908 2450 nichil,
941 2395 1052 2451 quod
1084 2394 1272 2451 episcopi
1303 2399 1434 2450 esset,
1474 2395 1540 2439 vel
1576 2408 1702 2451 quae-

130 2475 274 2518 rerent
310 2471 378 2517 vel
417 2472 656 2529 acciperent
694 2473 746 2516 ab
793 2486 854 2516 eo.
977 2471 1098 2524 Quod
1142 2473 1299 2516 factum
1345 2473 1383 2516 si
1429 2472 1703 2530 apostolicam

130 2551 278 2596 deceat
295 2550 677 2606 mansuetudinem,
699 2551 736 2594 si
752 2551 1017 2595 decretorum
1038 2553 1178 2594 servet
1194 2550 1500 2606 auctoritatem,
1517 2554 1703 2595 vestram

129 2642 216 2673 non
253 2630 457 2687 praeterit
494 2629 776 2673 sanctitatem.
829 2628 1020 2672 Debuitm
1058 2641 1241 2684 namque
1279 2629 1399 2672 iuxta
1429 2629 1599 2673 decreta
1633 2642 1703 2673 ca-

225 2752 252 2773 0.
284 2742 435 2773 ordinavit
463 2742 498 2773 G.
602 2742 631 2772 b.
663 2742 795 2772 miticias
824 2741 858 2771 G.
970 2750 995 2771 0.
1029 2750 1101 2771 suae
1124 2742 1241 2772 cunetis
1263 2751 1319 2772 om.
1339 2741 1374 2772 G.
1480 2742 1510 2772 d.
1545 2742 1638 2780 igitur
1666 2741 1702 2775 G.

132 2805 159 2827 e.
191 2795 231 2827 ed
252 2805 307 2826 vos
329 2805 386 2826 om.
405 2795 440 2826 G.
545 2795 566 2826 f.
599 2796 764 2826 dixerimus
792 2795 827 2825 G.
926 2804 953 2833 g.
988 2795 1113 2825 actenus
1141 2794 1176 2826 G.
1270 2795 1301 2826 h.
1334 2806 1371 2826 ex
1398 2795 1433 2826 G.
1538 2796 1559 2826 i.
1591 2806 1647 2826 om.
1666 2795 1702 2826 G-

131 2849 162 2879 k.
195 2849 355 2888 suspendit
374 2865 406 2870 —
425 2849 569 2888 spoliavit
590 2851 621 2879 et
642 2849 770 2880 extrusit
792 2848 827 2878 G.
912 2848 931 2878 1.
962 2857 1017 2878 om.
1036 2847 1071 2878 G.
1156 2857 1195 2878 m.
1226 2847 1340 2879 Debuit
1361 2865 1392 2869 —
1412 2850 1451 2880 ad
1472 2849 1703 2880 internicionem

131 2903 163 2933 in
185 2911 242 2933 nos
263 2902 452 2933 desaevisset
473 2912 529 2933 om.
548 2902 583 2933 G.

229 2967 261 3002 1.
286 2965 397 3002 Hebr.
417 2967 449 3012 1,
475 2966 515 3002 9:
549 2965 682 3012 „unxit
712 2969 750 3001 te
774 2965 876 3001 Deus
905 2985 944 2989 —
973 2965 1054 3001 oleo
1083 2965 1317 3003 exultationis
1347 2977 1436 3012 prae
1464 2966 1702 3013 participibus

133 3024 242 3061 tuis“.
364 3027 397 3061 2.
423 3025 607 3061 Ieromiro.

1756 383 1851 419 1074

1736 441 1762 463 c.
1775 431 1863 463 Febr.
