<?xml version="1.0" encoding="UTF-8"?>
<!DOCTYPE html PUBLIC "-//W3C//DTD XHTML 1.0 Transitional//EN"
    "http://www.w3.org/TR/xhtml1/DTD/xhtml1-transitional.dtd">
<html xmlns="http://www.w3.org/1999/xhtml" xml:lang="en" lang="en">
 <head>
  <title>
</title>
<meta http-equiv="Content-Type" content="text/html;charset=utf-8" />
  <meta name='ocr-system' content='tesseract 3.04.00' />
  <meta name='ocr-capabilities' content='ocr_page ocr_carea ocr_par ocr_line ocrx_word'/>
</head>
<body>
  <div class='ocr_page' id='page_1' title='image "bibliothecarerum05wattuoft_0020.png"; bbox 0 0 2028 3438; ppageno 0'>
   <div class='ocr_carea' id='block_1_1' title="bbox 351 243 1332 287">
    <p class='ocr_par' dir='ltr' id='par_1_1' title="bbox 351 243 1332 287">
     <span class='ocr_line' id='line_1_1' title="bbox 351 243 1332 287; baseline 0.001 -2"><span class='ocrx_word' id='word_1_1' title='bbox 351 243 380 285; x_wconf 90' lang='lat'><strong>4</strong></span> <span class='ocrx_word' id='word_1_2' title='bbox 927 255 1146 286; x_wconf 72' lang='lat' dir='ltr'>UDALRIGI</span> <span class='ocrx_word' id='word_1_3' title='bbox 1176 255 1332 287; x_wconf 75' lang='lat' dir='ltr'><em>oonnx</em></span> 
     </span>
    </p>
   </div>
   <div class='ocr_carea' id='block_1_2' title="bbox 346 361 1918 2502">
    <p class='ocr_par' dir='ltr' id='par_1_2' title="bbox 351 361 1917 728">
     <span class='ocr_line' id='line_1_2' title="bbox 351 361 1917 422; baseline 0.001 -18"><span class='ocrx_word' id='word_1_4' title='bbox 351 362 495 404; x_wconf 87' lang='lat' dir='ltr'><em>scendi</em></span> <span class='ocrx_word' id='word_1_5' title='bbox 522 361 644 403; x_wconf 89' lang='lat' dir='ltr'><em>huius</em></span> <span class='ocrx_word' id='word_1_6' title='bbox 669 361 837 414; x_wconf 82' lang='lat' dir='ltr'><em>codicis,</em></span> <span class='ocrx_word' id='word_1_7' title='bbox 865 370 1093 418; x_wconf 81' lang='lat' dir='ltr'><em>postquam</em></span> <span class='ocrx_word' id='word_1_8' title='bbox 1117 362 1353 422; x_wconf 75' lang='lat' dir='ltr'><strong><em>Septembri</em></strong></span> <span class='ocrx_word' id='word_1_9' title='bbox 1381 363 1487 404; x_wconf 89' lang='lat' dir='ltr'><em>anni</em></span> <span class='ocrx_word' id='word_1_10' title='bbox 1514 362 1757 417; x_wconf 69' lang='lat' dir='ltr'><em>superioris·</em></span> <span class='ocrx_word' id='word_1_11' title='bbox 1774 374 1917 409; x_wconf 66' lang='lat' dir='ltr'><em>mmo,</em></span> 
     </span>
     <span class='ocr_line' id='line_1_3' title="bbox 352 437 1913 496; baseline 0.001 -15"><span class='ocrx_word' id='word_1_12' title='bbox 352 439 411 481; x_wconf 94' lang='lat' dir='ltr'><em>ad</em></span> <span class='ocrx_word' id='word_1_13' title='bbox 439 440 579 495; x_wconf 68' lang='lat' dir='ltr'><em>ipsam</em></span> <span class='ocrx_word' id='word_1_14' title='bbox 611 438 850 481; x_wconf 89' lang='lat' dir='ltr'><em>coenobium</em></span> <span class='ocrx_word' id='word_1_15' title='bbox 872 439 1102 482; x_wconf 83' lang='lat' dir='ltr'><em>Zwetlense</em></span> <span class='ocrx_word' id='word_1_16' title='bbox 1125 439 1342 496; x_wconf 87' lang='lat' dir='ltr'><em>profectus</em></span> <span class='ocrx_word' id='word_1_17' title='bbox 1373 440 1606 495; x_wconf 79' lang='lat' dir='ltr'><em>ibidemque</em></span> <span class='ocrx_word' id='word_1_18' title='bbox 1634 439 1749 481; x_wconf 84' lang='lat' dir='ltr'><em>omni</em></span> <span class='ocrx_word' id='word_1_19' title='bbox 1763 437 1913 495; x_wconf 51' lang='lat' dir='ltr'><em>haupt}</em></span> 
     </span>
     <span class='ocr_line' id='line_1_4' title="bbox 353 515 1916 572; baseline 0.002 -14"><span class='ocrx_word' id='word_1_20' title='bbox 353 516 513 559; x_wconf 82' lang='lat' dir='ltr'><em>talitate</em></span> <span class='ocrx_word' id='word_1_21' title='bbox 550 524 734 572; x_wconf 89' lang='lat' dir='ltr'><em>receptus</em></span> <span class='ocrx_word' id='word_1_22' title='bbox 773 531 885 569; x_wconf 88' lang='lat' dir='ltr'><em>sum,</em></span> <span class='ocrx_word' id='word_1_23' title='bbox 919 517 1263 559; x_wconf 76' lang='lat' dir='ltr'><em>vreverendissimi</em></span> <span class='ocrx_word' id='word_1_24' title='bbox 1299 518 1385 559; x_wconf 82' lang='lat' dir='ltr'><em>viri</em></span> <span class='ocrx_word' id='word_1_25' title='bbox 1415 516 1678 572; x_wconf 72' lang='lat' dir='ltr'><em>Steinrinqer</em></span> <span class='ocrx_word' id='word_1_26' title='bbox 1716 515 1916 561; x_wconf 49' lang='lat' dir='ltr'><em>abbam&amp;</em></span> 
     </span>
     <span class='ocr_line' id='line_1_5' title="bbox 353 593 1912 650; baseline -0.001 -14"><span class='ocrx_word' id='word_1_27' title='bbox 353 593 490 637; x_wconf 85' lang='lat' dir='ltr'><em>Iulius</em></span> <span class='ocrx_word' id='word_1_28' title='bbox 521 593 708 636; x_wconf 85' lang='lat' dir='ltr'><em>Zelenlca</em></span> <span class='ocrx_word' id='word_1_29' title='bbox 749 593 1085 636; x_wconf 69' lang='lat' dir='ltr'><em>bibliothecarius</em></span> <span class='ocrx_word' id='word_1_30' title='bbox 1123 594 1331 637; x_wconf 83' lang='lat' dir='ltr'><em>voluntate</em></span> <span class='ocrx_word' id='word_1_31' title='bbox 1363 608 1573 650; x_wconf 77' lang='lat' dir='ltr'><strong><em>perquam</em></strong></span> <span class='ocrx_word' id='word_1_32' title='bbox 1613 593 1792 636; x_wconf 82' lang='lat' dir='ltr'><em>liberali·</em></span> <span class='ocrx_word' id='word_1_33' title='bbox 1813 606 1912 635; x_wconf 61' lang='lat' dir='ltr'><em>conv</em></span> 
     </span>
     <span class='ocr_line' id='line_1_6' title="bbox 354 670 1912 728; baseline -0.001 -14"><span class='ocrx_word' id='word_1_34' title='bbox 354 679 573 723; x_wconf 86' lang='lat' dir='ltr'><em>cesserunt,</em></span> <span class='ocrx_word' id='word_1_35' title='bbox 606 678 652 712; x_wconf 87' lang='lat' dir='ltr'><em>ut</em></span> <span class='ocrx_word' id='word_1_36' title='bbox 681 670 833 713; x_wconf 89' lang='lat' dir='ltr'><em>nobilis</em></span> <span class='ocrx_word' id='word_1_37' title='bbox 865 671 968 713; x_wconf 87' lang='lat' dir='ltr'><em>liber</em></span> <span class='ocrx_word' id='word_1_38' title='bbox 988 671 1237 714; x_wconf 88' lang='lat' dir='ltr'><em>Berolinum</em></span> <span class='ocrx_word' id='word_1_39' title='bbox 1261 671 1421 714; x_wconf 87' lang='lat' dir='ltr'><em>delatus</em></span> <span class='ocrx_word' id='word_1_40' title='bbox 1443 671 1549 713; x_wconf 89' lang='lat' dir='ltr'><em>mihi</em></span> <span class='ocrx_word' id='word_1_41' title='bbox 1566 671 1720 727; x_wconf 86' lang='lat' dir='ltr'><em>perdiu</em></span> <span class='ocrx_word' id='word_1_42' title='bbox 1733 677 1912 728; x_wconf 65' lang='lat' dir='ltr'><em>pateret.</em></span> 
     </span>
    </p>

    <p class='ocr_par' dir='ltr' id='par_1_3' title="bbox 354 747 1913 959">
     <span class='ocr_line' id='line_1_7' title="bbox 472 747 1912 804; baseline 0.002 -14"><span class='ocrx_word' id='word_1_43' title='bbox 472 747 578 791; x_wconf 86' lang='lat' dir='ltr'><em>Alia</em></span> <span class='ocrx_word' id='word_1_44' title='bbox 609 747 773 790; x_wconf 67' lang='lat' dir='ltr'><em>auaeilia</em></span> <span class='ocrx_word' id='word_1_45' title='bbox 804 747 1004 790; x_wconf 75' lang='lat' dir='ltr'><em>habebam</em></span> <span class='ocrx_word' id='word_1_46' title='bbox 1025 765 1051 790; x_wconf 91' lang='lat' dir='ltr'><em>a</em></span> <span class='ocrx_word' id='word_1_47' title='bbox 1073 749 1204 791; x_wconf 88' lang='lat' dir='ltr'><em>tribus</em></span> <span class='ocrx_word' id='word_1_48' title='bbox 1227 749 1451 801; x_wconf 71' lang='lat' dir='ltr'><em>codicibus,</em></span> <span class='ocrx_word' id='word_1_49' title='bbox 1486 749 1562 804; x_wconf 81' lang='lat' dir='ltr'><em>qui</em></span> <span class='ocrx_word' id='word_1_50' title='bbox 1579 748 1697 801; x_wconf 88' lang='lat' dir='ltr'><em>mihi,</em></span> <span class='ocrx_word' id='word_1_51' title='bbox 1730 747 1825 791; x_wconf 73' lang='lat' dir='ltr'><em>lieet</em></span> <span class='ocrx_word' id='word_1_52' title='bbox 1841 748 1912 793; x_wconf 56' lang='lat' dir='ltr'><em>‘inv&#39;</em></span> 
     </span>
     <span class='ocr_line' id='line_1_8' title="bbox 354 824 1913 882; baseline 0.001 -15"><span class='ocrx_word' id='word_1_53' title='bbox 354 833 513 882; x_wconf 73' lang='lat' dir='ltr'><em>teyrum</em></span> <span class='ocrx_word' id='word_1_54' title='bbox 553 824 744 868; x_wconf 89' lang='lat' dir='ltr'><em>Udalrici</em></span> <span class='ocrx_word' id='word_1_55' title='bbox 782 840 886 881; x_wconf 86' lang='lat' dir='ltr'><em>opus</em></span> <span class='ocrx_word' id='word_1_56' title='bbox 924 827 970 867; x_wconf 89' lang='lat' dir='ltr'><em>in</em></span> <span class='ocrx_word' id='word_1_57' title='bbox 1008 827 1062 868; x_wconf 89' lang='lat' dir='ltr'><em>iis</em></span> <span class='ocrx_word' id='word_1_58' title='bbox 1101 841 1186 869; x_wconf 89' lang='lat' dir='ltr'><em>non</em></span> <span class='ocrx_word' id='word_1_59' title='bbox 1220 827 1341 879; x_wconf 88' lang='lat' dir='ltr'><em>insit,</em></span> <span class='ocrx_word' id='word_1_60' title='bbox 1383 834 1519 868; x_wconf 86' lang='lat' dir='ltr'><em>tamen</em></span> <span class='ocrx_word' id='word_1_61' title='bbox 1549 826 1608 867; x_wconf 90' lang='lat' dir='ltr'><em>ad</em></span> <span class='ocrx_word' id='word_1_62' title='bbox 1635 824 1779 869; x_wconf 73' lang='lat' dir='ltr'><em>‘multa&#39;</em></span> <span class='ocrx_word' id='word_1_63' title='bbox 1797 824 1913 868; x_wconf 72' lang='lat' dir='ltr'><em>illius</em></span> 
     </span>
     <span class='ocr_line' id='line_1_9' title="bbox 355 903 1900 959; baseline 0.002 -15"><span class='ocrx_word' id='word_1_64' title='bbox 355 903 498 959; x_wconf 87' lang='lat' dir='ltr'><em>capita</em></span> <span class='ocrx_word' id='word_1_65' title='bbox 527 904 859 958; x_wconf 73' lang='lat' dir='ltr'><em>recoynoscenda</em></span> <span class='ocrx_word' id='word_1_66' title='bbox 888 905 1109 946; x_wconf 79' lang='lat' dir='ltr'><em>materiam</em></span> <span class='ocrx_word' id='word_1_67' title='bbox 1138 905 1292 946; x_wconf 88' lang='lat' dir='ltr'><em>iustam</em></span> <span class='ocrx_word' id='word_1_68' title='bbox 1322 903 1426 959; x_wconf 56' lang='lat' dir='ltr'><em>affer</em></span> <span class='ocrx_word' id='word_1_69' title='bbox 1428 903 1570 946; x_wconf 89' lang='lat' dir='ltr'><em>ebant</em></span> <span class='ocrx_word' id='word_1_70' title='bbox 1898 932 1900 936; x_wconf 35' lang='grc' dir='ltr'><em>ν</em></span> 
     </span>
    </p>

    <p class='ocr_par' dir='ltr' id='par_1_4' title="bbox 355 977 1917 1409">
     <span class='ocr_line' id='line_1_10' title="bbox 475 977 1915 1032; baseline 0 -11"><span class='ocrx_word' id='word_1_71' title='bbox 475 977 548 1031; x_wconf 86' lang='lat' dir='ltr'><em>(C)</em></span> <span class='ocrx_word' id='word_1_72' title='bbox 582 978 719 1022; x_wconf 59' lang='lat' dir='ltr'><em>Codes,¹</em></span> <span class='ocrx_word' id='word_1_73' title='bbox 751 980 1017 1023; x_wconf 74' lang='lat' dir='ltr'><em>bibliothecae</em></span> <span class='ocrx_word' id='word_1_74' title='bbox 1039 995 1254 1023; x_wconf 86' lang='lat' dir='ltr'><em>caesareae</em></span> <span class='ocrx_word' id='word_1_75' title='bbox 1277 980 1695 1023; x_wconf 86' lang='lat' dir='ltr'><em>Vindobonensis</em></span> <span class='ocrx_word' id='word_1_76' title='bbox 1715 979 1801 1022; x_wconf 88' lang='lat'><em>611</em></span> <span class='ocrx_word' id='word_1_77' title='bbox 1826 977 1915 1032; x_wconf 59' lang='lat' dir='ltr'><em>(ius</em></span> 
     </span>
     <span class='ocr_line' id='line_1_11' title="bbox 355 1055 1917 1112; baseline 0 -14"><span class='ocrx_word' id='word_1_78' title='bbox 355 1071 446 1098; x_wconf 90' lang='lat' dir='ltr'><em>can.</em></span> <span class='ocrx_word' id='word_1_79' title='bbox 476 1055 590 1109; x_wconf 85' lang='grc'><em>130)</em></span> <span class='ocrx_word' id='word_1_80' title='bbox 629 1058 986 1109; x_wconf 86' lang='lat' dir='ltr'><em>membranaceus,</em></span> <span class='ocrx_word' id='word_1_81' title='bbox 1016 1058 1169 1112; x_wconf 85' lang='lat' dir='ltr'><em>forma</em></span> <span class='ocrx_word' id='word_1_82' title='bbox 1208 1060 1445 1110; x_wconf 82' lang='lat' dir='ltr'><em>octonaria,</em></span> <span class='ocrx_word' id='word_1_83' title='bbox 1486 1057 1644 1100; x_wconf 91' lang='lat' dir='ltr'><em>saeculi</em></span> <span class='ocrx_word' id='word_1_84' title='bbox 1672 1055 1790 1108; x_wconf 90' lang='lat' dir='ltr'><strong><em>XII,</em></strong></span> <span class='ocrx_word' id='word_1_85' title='bbox 1800 1055 1917 1112; x_wconf 83' lang='lat' dir='ltr'><em>fere</em></span> 
     </span>
     <span class='ocr_line' id='line_1_12' title="bbox 355 1132 1915 1191; baseline 0 -15"><span class='ocrx_word' id='word_1_86' title='bbox 355 1142 516 1177; x_wconf 88' lang='lat' dir='ltr'><em>centum</em></span> <span class='ocrx_word' id='word_1_87' title='bbox 555 1136 728 1190; x_wconf 70' lang='lat' dir='ltr'><em>triqinta</em></span> <span class='ocrx_word' id='word_1_88' title='bbox 761 1136 945 1191; x_wconf 80' lang='lat' dir='ltr'><em>quinque</em></span> <span class='ocrx_word' id='word_1_89' title='bbox 977 1137 1118 1191; x_wconf 86' lang='lat' dir='ltr'><em>capita</em></span> <span class='ocrx_word' id='word_1_90' title='bbox 1157 1135 1414 1178; x_wconf 90' lang='lat' dir='ltr'><em>Udalricana</em></span> <span class='ocrx_word' id='word_1_91' title='bbox 1445 1144 1604 1187; x_wconf 86' lang='lat' dir='ltr'><em>tenens,</em></span> <span class='ocrx_word' id='word_1_92' title='bbox 1649 1147 1777 1190; x_wconf 9' lang='lat' dir='ltr'><em>quem!</em></span> <span class='ocrx_word' id='word_1_93' title='bbox 1800 1132 1915 1177; x_wconf 67' lang='lat' dir='ltr'><em>Wac-</em></span> 
     </span>
     <span class='ocr_line' id='line_1_13' title="bbox 355 1198 1917 1267; baseline -0.001 -14"><span class='ocrx_word' id='word_1_94' title='bbox 355 1211 528 1253; x_wconf 89' lang='lat' dir='ltr'><em>tenbach</em></span> <span class='ocrx_word' id='word_1_95' title='bbox 574 1213 910 1254; x_wconf 84' lang='lat' dir='ltr'><em>commemoravit</em></span> <span class='ocrx_word' id='word_1_96' title='bbox 956 1214 1002 1253; x_wconf 91' lang='lat' dir='ltr'><em>in</em></span> <span class='ocrx_word' id='word_1_97' title='bbox 1042 1212 1201 1255; x_wconf 83' lang='lat' dir='ltr'><em>Archiv</em></span> <span class='ocrx_word' id='word_1_98' title='bbox 1248 1214 1322 1255; x_wconf 86' lang='lat' dir='ltr'><em>der</em></span> <span class='ocrx_word' id='word_1_99' title='bbox 1363 1210 1636 1267; x_wconf 79' lang='lat' dir='ltr'><em>Gesellschaft</em></span> <span class='ocrx_word' id='word_1_100' title='bbox 1664 1198 1750 1266; x_wconf 70' lang='lat' dir='ltr'><em>fiisr</em></span> <span class='ocrx_word' id='word_1_101' title='bbox 1790 1209 1917 1253; x_wconf 65' lang='lat' dir='ltr'><em>altere</em></span> 
     </span>
     <span class='ocr_line' id='line_1_14' title="bbox 355 1287 1917 1346; baseline -0.001 -15"><span class='ocrx_word' id='word_1_102' title='bbox 355 1289 545 1331; x_wconf 87' lang='lat' dir='ltr'><em>deutsche</em></span> <span class='ocrx_word' id='word_1_103' title='bbox 594 1287 970 1333; x_wconf 78' lang='lat' dir='ltr'><em>Geschichtskunde</em></span> <span class='ocrx_word' id='word_1_104' title='bbox 1014 1289 1060 1331; x_wconf 92' lang='lat' dir='ltr'><em>X</em></span> <span class='ocrx_word' id='word_1_105' title='bbox 1095 1290 1325 1332; x_wconf 82' lang='grc' dir='ltr'><em>491.Εο</em></span> <span class='ocrx_word' id='word_1_106' title='bbox 1373 1303 1535 1346; x_wconf 76' lang='lat' dir='ltr'><em>quoque</em></span> <span class='ocrx_word' id='word_1_107' title='bbox 1580 1290 1645 1331; x_wconf 87' lang='lat' dir='ltr'><em>uti</em></span> <span class='ocrx_word' id='word_1_108' title='bbox 1689 1288 1807 1340; x_wconf 82' lang='lat' dir='ltr'><em>licuit</em></span> <span class='ocrx_word' id='word_1_109' title='bbox 1841 1287 1917 1330; x_wconf 77' lang='lat' dir='ltr'><em>-hic</em></span> 
     </span>
     <span class='ocr_line' id='line_1_15' title="bbox 355 1366 626 1409; baseline 0.004 -1"><span class='ocrx_word' id='word_1_110' title='bbox 355 1366 473 1408; x_wconf 89' lang='lat' dir='ltr'><em>domi</em></span> <span class='ocrx_word' id='word_1_111' title='bbox 500 1381 626 1409; x_wconf 90' lang='lat' dir='ltr'><em>meae.</em></span> 
     </span>
    </p>

    <p class='ocr_par' dir='ltr' id='par_1_5' title="bbox 356 1441 1917 1810">
     <span class='ocr_line' id='line_1_16' title="bbox 475 1441 1915 1500; baseline 0.001 -15"><span class='ocrx_word' id='word_1_112' title='bbox 475 1441 559 1496; x_wconf 85' lang='lat' dir='ltr'><em>(B)</em></span> <span class='ocrx_word' id='word_1_113' title='bbox 599 1442 737 1485; x_wconf 66' lang='lat' dir='ltr'><em>Codex</em></span> <span class='ocrx_word' id='word_1_114' title='bbox 784 1444 938 1486; x_wconf 85' lang='lat' dir='ltr'><em>latinus</em></span> <span class='ocrx_word' id='word_1_115' title='bbox 980 1445 1312 1486; x_wconf 73' lang='lat' dir='ltr'><em>Monacensis</em></span> <span class='ocrx_word' id='word_1_116' title='bbox 1351 1443 1468 1486; x_wconf 72' lang='lat'><em>4594</em></span> <span class='ocrx_word' id='word_1_117' title='bbox 1508 1442 1742 1500; x_wconf 83' lang='lat' dir='ltr'><em>(quondam</em></span> <span class='ocrx_word' id='word_1_118' title='bbox 1773 1442 1915 1486; x_wconf 85' lang='lat' dir='ltr'><em>Bene-</em></span> 
     </span>
     <span class='ocr_line' id='line_1_17' title="bbox 356 1519 1915 1576; baseline 0 -14"><span class='ocrx_word' id='word_1_119' title='bbox 356 1520 654 1563; x_wconf 79' lang='lat' dir='ltr'><em>dictoburanus</em></span> <span class='ocrx_word' id='word_1_120' title='bbox 686 1519 772 1573; x_wconf 78' lang='grc'><em>94)</em></span> <span class='ocrx_word' id='word_1_121' title='bbox 803 1521 1161 1574; x_wconf 78' lang='lat' dir='ltr'><em>membranaceus,</em></span> <span class='ocrx_word' id='word_1_122' title='bbox 1182 1521 1334 1576; x_wconf 89' lang='lat' dir='ltr'><em>forma</em></span> <span class='ocrx_word' id='word_1_123' title='bbox 1367 1521 1591 1576; x_wconf 81' lang='lat' dir='ltr'><em>quadrata,</em></span> <span class='ocrx_word' id='word_1_124' title='bbox 1623 1522 1669 1562; x_wconf 87' lang='lat' dir='ltr'><em>in</em></span> <span class='ocrx_word' id='word_1_125' title='bbox 1700 1521 1817 1563; x_wconf 86' lang='lat' dir='ltr'><em>cuius</em></span> <span class='ocrx_word' id='word_1_126' title='bbox 1835 1519 1915 1575; x_wconf 91' lang='lat' dir='ltr'><em>fo-</em></span> 
     </span>
     <span class='ocr_line' id='line_1_18' title="bbox 357 1596 1915 1654; baseline 0.001 -16"><span class='ocrx_word' id='word_1_127' title='bbox 357 1596 426 1639; x_wconf 88' lang='lat' dir='ltr'><em>liis</em></span> <span class='ocrx_word' id='word_1_128' title='bbox 457 1596 681 1639; x_wconf 66' lang='lat'><em>30—4722</em></span> <span class='ocrx_word' id='word_1_129' title='bbox 713 1612 861 1640; x_wconf 89' lang='lat' dir='ltr'><em>manus</em></span> <span class='ocrx_word' id='word_1_130' title='bbox 893 1598 1052 1640; x_wconf 87' lang='lat' dir='ltr'><em>saeculi</em></span> <span class='ocrx_word' id='word_1_131' title='bbox 1079 1598 1180 1640; x_wconf 91' lang='lat' dir='ltr'><em>XII</em></span> <span class='ocrx_word' id='word_1_132' title='bbox 1212 1599 1432 1654; x_wconf 70' lang='lat' dir='ltr'><em>seoeayinta</em></span> <span class='ocrx_word' id='word_1_133' title='bbox 1461 1613 1533 1640; x_wconf 75' lang='lat' dir='ltr'><em>sex</em></span> <span class='ocrx_word' id='word_1_134' title='bbox 1565 1598 1702 1654; x_wconf 85' lang='lat' dir='ltr'><em>operis</em></span> <span class='ocrx_word' id='word_1_135' title='bbox 1743 1596 1915 1640; x_wconf 88' lang='lat' dir='ltr'><em>Udalri-</em></span> 
     </span>
     <span class='ocr_line' id='line_1_19' title="bbox 358 1674 1917 1731; baseline 0 -15"><span class='ocrx_word' id='word_1_136' title='bbox 358 1675 456 1716; x_wconf 89' lang='lat' dir='ltr'><em>cani</em></span> <span class='ocrx_word' id='word_1_137' title='bbox 485 1676 627 1730; x_wconf 86' lang='lat' dir='ltr'><em>capita</em></span> <span class='ocrx_word' id='word_1_138' title='bbox 658 1675 889 1731; x_wconf 68' lang='lat' dir='ltr'><em>descripsit.</em></span> <span class='ocrx_word' id='word_1_139' title='bbox 940 1675 1071 1728; x_wconf 80' lang='lat' dir='ltr'><em>Quem</em></span> <span class='ocrx_word' id='word_1_140' title='bbox 1102 1676 1357 1718; x_wconf 76' lang='lat' dir='ltr'><em>humanitate</em></span> <span class='ocrx_word' id='word_1_141' title='bbox 1389 1676 1568 1717; x_wconf 70' lang='lat' dir='ltr'><em>maa-ime</em></span> <span class='ocrx_word' id='word_1_142' title='bbox 1595 1682 1721 1730; x_wconf 72' lang='lat' dir='ltr'><em>qrata</em></span> <span class='ocrx_word' id='word_1_143' title='bbox 1751 1674 1831 1717; x_wconf 87' lang='lat' dir='ltr'><em>huc</em></span> <span class='ocrx_word' id='word_1_144' title='bbox 1859 1674 1917 1716; x_wconf 88' lang='lat' dir='ltr'><em>ad</em></span> 
     </span>
     <span class='ocr_line' id='line_1_20' title="bbox 356 1750 1129 1810; baseline 0.003 -17"><span class='ocrx_word' id='word_1_145' title='bbox 356 1766 420 1793; x_wconf 92' lang='lat' dir='ltr'><em>me</em></span> <span class='ocrx_word' id='word_1_146' title='bbox 452 1751 600 1807; x_wconf 83' lang='lat' dir='ltr'><em>afferri</em></span> <span class='ocrx_word' id='word_1_147' title='bbox 627 1753 751 1794; x_wconf 89' lang='lat' dir='ltr'><em>iussit</em></span> <span class='ocrx_word' id='word_1_148' title='bbox 780 1750 954 1794; x_wconf 79' lang='lat' dir='ltr'><em>Carolus</em></span> <span class='ocrx_word' id='word_1_149' title='bbox 987 1752 1129 1810; x_wconf 77' lang='lat' dir='ltr'><em>Halm.</em></span> 
     </span>
    </p>

    <p class='ocr_par' dir='ltr' id='par_1_6' title="bbox 346 1826 1918 2426">
     <span class='ocr_line' id='line_1_21' title="bbox 471 1826 1917 1885; baseline -0.002 -13"><span class='ocrx_word' id='word_1_150' title='bbox 471 1826 562 1881; x_wconf 75' lang='lat' dir='ltr'><em>(G)</em></span> <span class='ocrx_word' id='word_1_151' title='bbox 609 1827 747 1871; x_wconf 68' lang='lat' dir='ltr'><em>Codex</em></span> <span class='ocrx_word' id='word_1_152' title='bbox 793 1829 1059 1872; x_wconf 88' lang='lat' dir='ltr'><em>bibliothecae</em></span> <span class='ocrx_word' id='word_1_153' title='bbox 1100 1828 1545 1885; x_wconf 70' lang='lat' dir='ltr'><em>Guelferbytanae</em></span> <span class='ocrx_word' id='word_1_154' title='bbox 1584 1828 1729 1881; x_wconf 83' lang='grc'><em>1024,</em></span> <span class='ocrx_word' id='word_1_155' title='bbox 1764 1828 1917 1884; x_wconf 87' lang='lat' dir='ltr'><em>forma</em></span> 
     </span>
     <span class='ocr_line' id='line_1_22' title="bbox 358 1905 1915 1963; baseline 0 -15"><span class='ocrx_word' id='word_1_156' title='bbox 358 1906 584 1961; x_wconf 80' lang='lat' dir='ltr'><em>quadrata,</em></span> <span class='ocrx_word' id='word_1_157' title='bbox 619 1906 955 1949; x_wconf 88' lang='lat' dir='ltr'><em>membranaceus</em></span> <span class='ocrx_word' id='word_1_158' title='bbox 986 1907 1144 1949; x_wconf 85' lang='lat' dir='ltr'><em>saeculi</em></span> <span class='ocrx_word' id='word_1_159' title='bbox 1173 1906 1280 1959; x_wconf 87' lang='lat' dir='ltr'><em>XII,</em></span> <span class='ocrx_word' id='word_1_160' title='bbox 1316 1908 1391 1963; x_wconf 82' lang='lat' dir='ltr'><em>qui</em></span> <span class='ocrx_word' id='word_1_161' title='bbox 1421 1914 1457 1949; x_wconf 88' lang='lat' dir='ltr'><em>et</em></span> <span class='ocrx_word' id='word_1_162' title='bbox 1477 1905 1649 1948; x_wconf 86' lang='lat' dir='ltr'><em>Hahnio</em></span> <span class='ocrx_word' id='word_1_163' title='bbox 1681 1907 1727 1948; x_wconf 90' lang='lat' dir='ltr'><em>in</em></span> <span class='ocrx_word' id='word_1_164' title='bbox 1758 1905 1915 1948; x_wconf 84' lang='lat' dir='ltr'><em>edendo</em></span> 
     </span>
     <span class='ocr_line' id='line_1_23' title="bbox 359 1981 1918 2040; baseline 0.001 -15"><span class='ocrx_word' id='word_1_165' title='bbox 359 1981 619 2025; x_wconf 87' lang='lat' dir='ltr'><em>Collectionis</em></span> <span class='ocrx_word' id='word_1_166' title='bbox 651 1992 1008 2026; x_wconf 83' lang='lat' dir='ltr'><em>monumentorum</em></span> <span class='ocrx_word' id='word_1_167' title='bbox 1039 1992 1146 2026; x_wconf 87' lang='lat' dir='ltr'><em>tomo</em></span> <span class='ocrx_word' id='word_1_168' title='bbox 1170 1985 1312 2040; x_wconf 84' lang='lat' dir='ltr'><em>primo</em></span> <span class='ocrx_word' id='word_1_169' title='bbox 1335 1982 1624 2039; x_wconf 72' lang='lat' dir='ltr'><em>(Brunsviyae</em></span> <span class='ocrx_word' id='word_1_170' title='bbox 1644 1981 1792 2035; x_wconf 78' lang='lat'><em>1724)</em></span> <span class='ocrx_word' id='word_1_171' title='bbox 1812 1997 1918 2038; x_wconf 77' lang='lat' dir='ltr'><em>prae</em></span> 
     </span>
     <span class='ocr_line' id='line_1_24' title="bbox 358 2059 1918 2115; baseline -0.001 -13"><span class='ocrx_word' id='word_1_172' title='bbox 358 2060 551 2103; x_wconf 87' lang='lat' dir='ltr'><em>manibus</em></span> <span class='ocrx_word' id='word_1_173' title='bbox 563 2060 659 2115; x_wconf 84' lang='lat' dir='ltr'><em>fuit</em></span> <span class='ocrx_word' id='word_1_174' title='bbox 680 2069 717 2102; x_wconf 92' lang='lat' dir='ltr'><em>et</em></span> <span class='ocrx_word' id='word_1_175' title='bbox 738 2077 764 2102; x_wconf 92' lang='lat' dir='ltr'><em>a</em></span> <span class='ocrx_word' id='word_1_176' title='bbox 785 2061 999 2104; x_wconf 86' lang='lat' dir='ltr'><em>Ludovico</em></span> <span class='ocrx_word' id='word_1_177' title='bbox 1023 2061 1273 2113; x_wconf 89' lang='lat' dir='ltr'><em>Bethmann,</em></span> <span class='ocrx_word' id='word_1_178' title='bbox 1298 2062 1415 2103; x_wconf 88' lang='lat' dir='ltr'><em>cuius</em></span> <span class='ocrx_word' id='word_1_179' title='bbox 1437 2062 1565 2103; x_wconf 89' lang='lat' dir='ltr'><em>amici</em></span> <span class='ocrx_word' id='word_1_180' title='bbox 1581 2068 1752 2103; x_wconf 89' lang='lat' dir='ltr'><em>mortem</em></span> <span class='ocrx_word' id='word_1_181' title='bbox 1774 2059 1918 2102; x_wconf 88' lang='lat' dir='ltr'><em>acerbe</em></span> 
     </span>
     <span class='ocr_line' id='line_1_25' title="bbox 346 2137 1915 2194; baseline -0.001 -14"><span class='ocrx_word' id='word_1_182' title='bbox 346 2137 473 2193; x_wconf 87' lang='lat' dir='ltr'><em>fero,</em></span> <span class='ocrx_word' id='word_1_183' title='bbox 513 2138 619 2180; x_wconf 87' lang='lat' dir='ltr'><em>mihi</em></span> <span class='ocrx_word' id='word_1_184' title='bbox 649 2139 929 2181; x_wconf 85' lang='lat' dir='ltr'><em>commodatus</em></span> <span class='ocrx_word' id='word_1_185' title='bbox 968 2147 1038 2181; x_wconf 83' lang='lat' dir='ltr'><em>est.</em></span> <span class='ocrx_word' id='word_1_186' title='bbox 1101 2139 1208 2181; x_wconf 77' lang='lat' dir='ltr'><em>Eius</em></span> <span class='ocrx_word' id='word_1_187' title='bbox 1235 2138 1364 2193; x_wconf 86' lang='lat' dir='ltr'><em>foliis</em></span> <span class='ocrx_word' id='word_1_188' title='bbox 1395 2138 1617 2181; x_wconf 82' lang='grc' dir='ltr'><em>29-69υ</em></span> <span class='ocrx_word' id='word_1_189' title='bbox 1649 2137 1915 2194; x_wconf 81' lang='lat' dir='ltr'><em>comprehen-</em></span> 
     </span>
     <span class='ocr_line' id='line_1_26' title="bbox 360 2211 1917 2272; baseline -0.001 -16"><span class='ocrx_word' id='word_1_190' title='bbox 360 2216 518 2257; x_wconf 89' lang='lat' dir='ltr'><em>duntur</em></span> <span class='ocrx_word' id='word_1_191' title='bbox 548 2230 676 2257; x_wconf 90' lang='lat' dir='ltr'><em>unum</em></span> <span class='ocrx_word' id='word_1_192' title='bbox 710 2223 745 2257; x_wconf 89' lang='lat' dir='ltr'><em>et</em></span> <span class='ocrx_word' id='word_1_193' title='bbox 777 2217 1062 2271; x_wconf 72' lang='lat' dir='ltr'><em>quadraqinta</em></span> <span class='ocrx_word' id='word_1_194' title='bbox 1094 2217 1233 2272; x_wconf 88' lang='lat' dir='ltr'><em>capita</em></span> <span class='ocrx_word' id='word_1_195' title='bbox 1269 2211 1548 2258; x_wconf 90' lang='lat' dir='ltr'><em>Udalricana¹</em></span> <span class='ocrx_word' id='word_1_196' title='bbox 1578 2229 1710 2270; x_wconf 85' lang='lat' dir='ltr'><em>neque</em></span> <span class='ocrx_word' id='word_1_197' title='bbox 1739 2228 1835 2256; x_wconf 80' lang='lat' dir='ltr'><em>vero</em></span> <span class='ocrx_word' id='word_1_198' title='bbox 1868 2228 1917 2255; x_wconf 65' lang='lat' dir='ltr'><em>eat</em></span> 
     </span>
     <span class='ocr_line' id='line_1_27' title="bbox 359 2291 1918 2348; baseline -0.001 -15"><span class='ocrx_word' id='word_1_199' title='bbox 359 2293 494 2347; x_wconf 87' lang='lat' dir='ltr'><em>ipsius</em></span> <span class='ocrx_word' id='word_1_200' title='bbox 526 2291 718 2334; x_wconf 89' lang='lat' dir='ltr'><em>Udalrici</em></span> <span class='ocrx_word' id='word_1_201' title='bbox 747 2307 870 2348; x_wconf 91' lang='lat' dir='ltr'><em>opere</em></span> <span class='ocrx_word' id='word_1_202' title='bbox 900 2293 1047 2335; x_wconf 86' lang='lat' dir='ltr'><em>selecta</em></span> <span class='ocrx_word' id='word_1_203' title='bbox 1077 2294 1149 2335; x_wconf 90' lang='lat' dir='ltr'><em>sed</em></span> <span class='ocrx_word' id='word_1_204' title='bbox 1181 2293 1350 2334; x_wconf 88' lang='lat' dir='ltr'><em>aliunde</em></span> <span class='ocrx_word' id='word_1_205' title='bbox 1371 2293 1582 2344; x_wconf 85' lang='lat' dir='ltr'><em>arcessita,</em></span> <span class='ocrx_word' id='word_1_206' title='bbox 1613 2299 1918 2348; x_wconf 77' lang='lat' dir='ltr'><em>proptereaque</em></span> 
     </span>
     <span class='ocr_line' id='line_1_28' title="bbox 360 2370 1288 2426; baseline 0 -15"><span class='ocrx_word' id='word_1_207' title='bbox 360 2384 515 2411; x_wconf 88' lang='lat' dir='ltr'><em>summe</em></span> <span class='ocrx_word' id='word_1_208' title='bbox 546 2370 678 2425; x_wconf 68' lang='lat' dir='ltr'><em>diyna</em></span> <span class='ocrx_word' id='word_1_209' title='bbox 707 2371 799 2411; x_wconf 82' lang='lat' dir='ltr'><em>visa</em></span> <span class='ocrx_word' id='word_1_210' title='bbox 831 2372 938 2426; x_wconf 63' lang='lat' dir='ltr'><em>‘quae</em></span> <span class='ocrx_word' id='word_1_211' title='bbox 969 2370 1288 2413; x_wconf 88' lang='lat' dir='ltr'><em>consulerentur.</em></span> 
     </span>
    </p>

    <p class='ocr_par' dir='ltr' id='par_1_7' title="bbox 480 2445 1915 2502">
     <span class='ocr_line' id='line_1_29' title="bbox 480 2445 1915 2502; baseline -0.001 -14"><span class='ocrx_word' id='word_1_212' title='bbox 480 2446 629 2502; x_wconf 80' lang='lat' dir='ltr'><em>Itaque</em></span> <span class='ocrx_word' id='word_1_213' title='bbox 667 2456 705 2489; x_wconf 89' lang='lat' dir='ltr'><em>et</em></span> <span class='ocrx_word' id='word_1_214' title='bbox 736 2462 785 2489; x_wconf 65' lang='lat' dir='ltr'><em>ea‘</em></span> <span class='ocrx_word' id='word_1_215' title='bbox 817 2448 1100 2490; x_wconf 89' lang='lat' dir='ltr'><em>communibus</em></span> <span class='ocrx_word' id='word_1_216' title='bbox 1131 2448 1195 2489; x_wconf 89' lang='lat' dir='ltr'><em>his</em></span> <span class='ocrx_word' id='word_1_217' title='bbox 1227 2448 1419 2489; x_wconf 87' lang='lat' dir='ltr'><em>editionis</em></span> <span class='ocrx_word' id='word_1_218' title='bbox 1451 2459 1564 2488; x_wconf 89' lang='lat' dir='ltr'><em>meae</em></span> <span class='ocrx_word' id='word_1_219' title='bbox 1580 2445 1779 2500; x_wconf 87' lang='lat' dir='ltr'><em>fontibus</em></span> <span class='ocrx_word' id='word_1_220' title='bbox 1810 2445 1915 2488; x_wconf 86' lang='lat' dir='ltr'><em>hau-</em></span> 
     </span>
    </p>
   </div>
   <div class='ocr_carea' id='block_1_3' title="bbox 359 2577 1918 3035">
    <p class='ocr_par' dir='ltr' id='par_1_8' title="bbox 359 2577 1918 2977">
     <span class='ocr_line' id='line_1_30' title="bbox 361 2577 1916 2625; baseline -0.001 -11"><span class='ocrx_word' id='word_1_221' title='bbox 361 2580 413 2615; x_wconf 81' lang='lat' dir='ltr'><em>eis</em></span> <span class='ocrx_word' id='word_1_222' title='bbox 438 2579 1114 2625; x_wconf 83' lang='lat' dir='ltr'><em>diplomatico-historico-epistolaris,</em></span> <span class='ocrx_word' id='word_1_223' title='bbox 1140 2579 1226 2615; x_wconf 82' lang='lat' dir='ltr'><em>dato</em></span> <span class='ocrx_word' id='word_1_224' title='bbox 1250 2578 1297 2614; x_wconf 86' lang='lat' dir='ltr'><em>ad</em></span> <span class='ocrx_word' id='word_1_225' title='bbox 1315 2577 1489 2614; x_wconf 79' lang='lat' dir='ltr'><em>Actorum</em></span> <span class='ocrx_word' id='word_1_226' title='bbox 1515 2578 1615 2614; x_wconf 85' lang='lat' dir='ltr'><em>erud.</em></span> <span class='ocrx_word' id='word_1_227' title='bbox 1633 2578 1731 2623; x_wconf 88' lang='lat' dir='ltr'><em>Lips.</em></span> <span class='ocrx_word' id='word_1_228' title='bbox 1750 2578 1916 2614; x_wconf 81' lang='lat' dir='ltr'><em>collecto-</em></span> 
     </span>
     <span class='ocr_line' id='line_1_31' title="bbox 360 2636 1918 2685; baseline -0.001 -12"><span class='ocrx_word' id='word_1_229' title='bbox 360 2648 419 2673; x_wconf 84' lang='lat' dir='ltr'><em>res</em></span> <span class='ocrx_word' id='word_1_230' title='bbox 444 2648 467 2673; x_wconf 85' lang='lat' dir='ltr'>a</span> <span class='ocrx_word' id='word_1_231' title='bbox 489 2638 533 2673; x_wconf 80' lang='lat' dir='ltr'><em>R.</em></span> <span class='ocrx_word' id='word_1_232' title='bbox 550 2638 591 2672; x_wconf 88' lang='lat' dir='ltr'><em>P.</em></span> <span class='ocrx_word' id='word_1_233' title='bbox 609 2638 795 2674; x_wconf 83' lang='lat' dir='ltr'><em>Bernardo</em></span> <span class='ocrx_word' id='word_1_234' title='bbox 818 2639 908 2685; x_wconf 81' lang='lat' dir='ltr'><em>Pez3</em></span> <span class='ocrx_word' id='word_1_235' title='bbox 935 2640 1102 2675; x_wconf 81' lang='lat' dir='ltr'><em>Veronae</em></span> <span class='ocrx_word' id='word_1_236' title='bbox 1120 2637 1247 2674; x_wconf 80' lang='lat'>1717“.</span> <span class='ocrx_word' id='word_1_237' title='bbox 1290 2637 1480 2673; x_wconf 86' lang='lat' dir='ltr'><em>Adversus</em></span> <span class='ocrx_word' id='word_1_238' title='bbox 1505 2647 1613 2682; x_wconf 92' lang='lat' dir='ltr'><em>quem</em></span> <span class='ocrx_word' id='word_1_239' title='bbox 1642 2636 1803 2673; x_wconf 85' lang='lat' dir='ltr'><em>libellum</em></span> <span class='ocrx_word' id='word_1_240' title='bbox 1832 2640 1918 2682; x_wconf 80' lang='lat' dir='ltr'><em>post</em></span> 
     </span>
     <span class='ocr_line' id='line_1_32' title="bbox 359 2695 1916 2742; baseline 0 -10"><span class='ocrx_word' id='word_1_241' title='bbox 359 2697 482 2742; x_wconf 82' lang='lat' dir='ltr'><em>paullo</em></span> <span class='ocrx_word' id='word_1_242' title='bbox 511 2697 664 2742; x_wconf 88' lang='lat' dir='ltr'><em>prodiit:</em></span> <span class='ocrx_word' id='word_1_243' title='bbox 692 2698 752 2742; x_wconf 92' lang='lat' dir='ltr'><em>„P.</em></span> <span class='ocrx_word' id='word_1_244' title='bbox 776 2697 953 2733; x_wconf 81' lang='lat' dir='ltr'><em>Bernardi</em></span> <span class='ocrx_word' id='word_1_245' title='bbox 977 2697 1076 2733; x_wconf 87' lang='lat' dir='ltr'><em>Pezii</em></span> <span class='ocrx_word' id='word_1_246' title='bbox 1099 2697 1306 2733; x_wconf 81' lang='lat' dir='ltr'><em>dissertatio</em></span> <span class='ocrx_word' id='word_1_247' title='bbox 1330 2695 1764 2742; x_wconf 79' lang='lat' dir='ltr'><em>apologetico-litteraria</em></span> <span class='ocrx_word' id='word_1_248' title='bbox 1790 2695 1839 2731; x_wconf 76' lang='lat' dir='ltr'><em>ad</em></span> <span class='ocrx_word' id='word_1_249' title='bbox 1863 2695 1916 2732; x_wconf 91' lang='lat' dir='ltr'><em>Io.</em></span> 
     </span>
     <span class='ocr_line' id='line_1_33' title="bbox 360 2753 1916 2800; baseline -0.001 -10"><span class='ocrx_word' id='word_1_250' title='bbox 360 2755 599 2791; x_wconf 83' lang='lat' dir='ltr'><em>Benedictum</em></span> <span class='ocrx_word' id='word_1_251' title='bbox 626 2754 865 2790; x_wconf 85' lang='lat' dir='ltr'><em>Gentilottum</em></span> <span class='ocrx_word' id='word_1_252' title='bbox 896 2766 960 2800; x_wconf 87' lang='lat' dir='ltr'><em>pro</em></span> <span class='ocrx_word' id='word_1_253' title='bbox 986 2756 1143 2792; x_wconf 76' lang='lat' dir='ltr'><em>editione</em></span> <span class='ocrx_word' id='word_1_254' title='bbox 1171 2755 1301 2800; x_wconf 82' lang='lat' dir='ltr'><em>integri</em></span> <span class='ocrx_word' id='word_1_255' title='bbox 1325 2754 1567 2800; x_wconf 81' lang='lat' dir='ltr'><em>syntagmatis</em></span> <span class='ocrx_word' id='word_1_256' title='bbox 1591 2754 1750 2790; x_wconf 80' lang='lat' dir='ltr'><em>Udalriei</em></span> <span class='ocrx_word' id='word_1_257' title='bbox 1774 2753 1916 2790; x_wconf 87' lang='lat' dir='ltr'><em>Baben·</em></span> 
     </span>
     <span class='ocr_line' id='line_1_34' title="bbox 359 2812 1915 2860; baseline -0.001 -11"><span class='ocrx_word' id='word_1_258' title='bbox 359 2813 549 2859; x_wconf 83' lang='lat' dir='ltr'><em>bergensis</em></span> <span class='ocrx_word' id='word_1_259' title='bbox 566 2824 609 2849; x_wconf 86' lang='lat' dir='ltr'><em>ex</em></span> <span class='ocrx_word' id='word_1_260' title='bbox 628 2813 754 2849; x_wconf 80' lang='lat' dir='ltr'><em>codiee</em></span> <span class='ocrx_word' id='word_1_261' title='bbox 771 2814 973 2859; x_wconf 87' lang='lat' dir='ltr'><em>Zwetlensi,</em></span> <span class='ocrx_word' id='word_1_262' title='bbox 997 2815 1212 2860; x_wconf 82' lang='lat' dir='ltr'><em>impugnata</em></span> <span class='ocrx_word' id='word_1_263' title='bbox 1228 2825 1250 2849; x_wconf 80' lang='lat' dir='ltr'>a</span> <span class='ocrx_word' id='word_1_264' title='bbox 1265 2825 1300 2849; x_wconf 88' lang='lat' dir='ltr'><em>v.</em></span> <span class='ocrx_word' id='word_1_265' title='bbox 1319 2813 1362 2848; x_wconf 86' lang='lat' dir='ltr'><em>el.</em></span> <span class='ocrx_word' id='word_1_266' title='bbox 1376 2813 1518 2857; x_wconf 87' lang='lat' dir='ltr'><em>Angelo</em></span> <span class='ocrx_word' id='word_1_267' title='bbox 1535 2812 1688 2848; x_wconf 87' lang='lat' dir='ltr'><em>Fonteio</em></span> <span class='ocrx_word' id='word_1_268' title='bbox 1701 2813 1915 2855; x_wconf 85' lang='lat' dir='ltr'><em>Veronensi,</em></span> 
     </span>
     <span class='ocr_line' id='line_1_35' title="bbox 360 2872 1915 2917; baseline 0 -10"><span class='ocrx_word' id='word_1_269' title='bbox 360 2872 553 2917; x_wconf 84' lang='lat' dir='ltr'><em>Augustae</em></span> <span class='ocrx_word' id='word_1_270' title='bbox 566 2872 707 2909; x_wconf 90' lang='lat' dir='ltr'><em>Vindel.</em></span> <span class='ocrx_word' id='word_1_271' title='bbox 726 2876 763 2907; x_wconf 86' lang='lat' dir='ltr'><em>et</em></span> <span class='ocrx_word' id='word_1_272' title='bbox 781 2872 925 2908; x_wconf 83' lang='lat' dir='ltr'><em>Graeeii</em></span> <span class='ocrx_word' id='word_1_273' title='bbox 942 2873 1069 2909; x_wconf 80' lang='lat'>1717“.</span> <span class='ocrx_word' id='word_1_274' title='bbox 1107 2873 1161 2909; x_wconf 81' lang='lat' dir='ltr'><em>Of.</em></span> <span class='ocrx_word' id='word_1_275' title='bbox 1180 2873 1289 2909; x_wconf 83' lang='lat' dir='ltr'><em>etiam</em></span> <span class='ocrx_word' id='word_1_276' title='bbox 1305 2872 1455 2907; x_wconf 85' lang='lat' dir='ltr'><em>Kollarii</em></span> <span class='ocrx_word' id='word_1_277' title='bbox 1477 2872 1732 2916; x_wconf 79' lang='lat' dir='ltr'><em>supplementa</em></span> <span class='ocrx_word' id='word_1_278' title='bbox 1755 2872 1793 2907; x_wconf 92' lang='lat' dir='ltr'><em>in</em></span> <span class='ocrx_word' id='word_1_279' title='bbox 1808 2872 1915 2907; x_wconf 84' lang='lat' dir='ltr'><em>Lam-</em></span> 
     </span>
     <span class='ocr_line' id='line_1_36' title="bbox 360 2930 1002 2977; baseline 0.002 -11"><span class='ocrx_word' id='word_1_280' title='bbox 360 2930 455 2966; x_wconf 82' lang='lat' dir='ltr'><em>beeii</em></span> <span class='ocrx_word' id='word_1_281' title='bbox 479 2930 737 2967; x_wconf 86' lang='lat' dir='ltr'><em>Oommentarii</em></span> <span class='ocrx_word' id='word_1_282' title='bbox 761 2931 804 2966; x_wconf 90' lang='lat' dir='ltr'><em>T.</em></span> <span class='ocrx_word' id='word_1_283' title='bbox 821 2931 838 2965; x_wconf 95' lang='lat' dir='ltr'>I</span> <span class='ocrx_word' id='word_1_284' title='bbox 863 2932 932 2966; x_wconf 81' lang='lat'><em>735</em></span> <span class='ocrx_word' id='word_1_285' title='bbox 948 2942 1002 2977; x_wconf 81' lang='lat' dir='ltr'><em>sq.</em></span> 
     </span>
    </p>

    <p class='ocr_par' dir='ltr' id='par_1_9' title="bbox 457 2987 1914 3035">
     <span class='ocr_line' id='line_1_37' title="bbox 457 2987 1914 3035; baseline -0.001 -11"><span class='ocrx_word' id='word_1_286' title='bbox 457 2989 489 3025; x_wconf 89' lang='lat'><em>1.</em></span> <span class='ocrx_word' id='word_1_287' title='bbox 515 2988 645 3034; x_wconf 86' lang='lat' dir='ltr'><em>quibus</em></span> <span class='ocrx_word' id='word_1_288' title='bbox 662 2989 821 3034; x_wconf 84' lang='lat' dir='ltr'><em>quinque</em></span> <span class='ocrx_word' id='word_1_289' title='bbox 846 2990 937 3025; x_wconf 87' lang='lat' dir='ltr'><em>aliae</em></span> <span class='ocrx_word' id='word_1_290' title='bbox 957 2990 1130 3035; x_wconf 86' lang='lat' dir='ltr'><em>epistolae</em></span> <span class='ocrx_word' id='word_1_291' title='bbox 1148 2990 1293 3026; x_wconf 83' lang='lat' dir='ltr'><em>additae</em></span> <span class='ocrx_word' id='word_1_292' title='bbox 1311 2992 1406 3034; x_wconf 86' lang='lat' dir='ltr'><em>sunt,</em></span> <span class='ocrx_word' id='word_1_293' title='bbox 1431 2988 1468 3024; x_wconf 93' lang='lat' dir='ltr'><em>in</em></span> <span class='ocrx_word' id='word_1_294' title='bbox 1484 2987 1540 3024; x_wconf 84' lang='lat' dir='ltr'><em>his</em></span> <span class='ocrx_word' id='word_1_295' title='bbox 1556 2987 1731 3024; x_wconf 79' lang='lat' dir='ltr'><em>confictae</em></span> <span class='ocrx_word' id='word_1_296' title='bbox 1748 2991 1914 3033; x_wconf 82' lang='lat' dir='ltr'><em>quatuor.</em></span> 
     </span>
    </p>
   </div>
  </div>
 </body>
</html>
