2028 3438
579 241 803 274 nmmum
832 241 1005 273 oonnx.
1055 239 1135 274 193.
1154 240 1223 274 194
1601 230 1688 274 349

111 345 143 392 ‘l
153 343 510 405 93013mbytm·
534 326 775 392 eardinalee
799 348 960 392 Romae
990 349 1180 406 deqentee
1209 348 1449 392 electionem:
1467 347 1626 392 Galim·
1639 349 1697 392 II

130 439 163 461 ’τ4
214 453 217 465 2
242 435 416 483 φἰιραε,
449 427 700 470 etei-contra
718 441 876 470 morem
897 427 1139 471 Romanum
1158 427 1343 485 factam,
1378 427 1687 484 comprobant⁸.

1509 504 1560 558 (E
1585 504 1688 558 295)

147 600 169 622 -ί
191 594 209 623 ³³
231 584 660 637 CardinalesRomae
680 592 880 648 degentes
897 593 1139 638 Bonifacius
1160 593 1274 637 tituli
1299 594 1435 638 sancti
1455 594 1601 649 Marci,
1624 593 1689 637 Io·
1717 596 1808 631 1119

111 667 274 712 hannes
294 669 411 714 tituli
428 674 600 714 sanctae
616 670 810 728 Geciliae,
843 671 1097 716 Anastasius
1120 671 1260 716 titulib
1290 672 1424 715 sancti
1446 671 1688 727 Clementis,
1718 645 1806 675 Mam

109 739 362 793 Benedictus
381 747 496 792 tituli
516 748 712 793 sanotae*
731 748 966 806 Eudoxiae,
999 749 1153 793 Divizo
1165 757 1179 774 ⁶
1200 749 1340 793 titulid
1361 748 1536 806 Equitii,
1569 749 1690 793 Diet-

109 824 285 882 paldus·
315 825 429 870 tituli
458 825 740 883 Pammachii,
773 827 1005 871 'Reinerus‘
1035 827 1150 871 tituli
1181 831 1423 871 sanctorum
1454 827 1690 871 Marcellini

112 905 156 946 et
190 901 327 959 Petri,
377 903 624 949 Desiderius
663 905 778 949 tituli
822 909 992 949 sanctae
1031 905 1257 962 Praxedis,
1309 905 1536 962 Gregorius
1576 905 1690 950 tituli

111 979 520 1043 sanetae'Lucinae,
560 982 684 1039 Hugo
714 983 827 1027 tituli
860 983 1144 1041 apostolorum
1158 1017 1169 1039 ,
1209 983 1447 1028 karissimis
1486 983 1689 1028 fratribus

112 1060 156 1102 et
172 1044 482 1116 cardinalibus,
514 1061 587 1117 qui
617 1061 730 1105 ultra
759 1065 925 1105 montes
956 1065 1069 1118 sunt,
1103 1048 1296 1106 salutem.

230 1136 510 1182 Dilectionem
548 1142 733 1183 vestram
773 1139 906 1184 latere
944 1153 1030 1190 non
1067 1139 1299 1183 credimus:
1341 1140 1453 1196 quod
1492 1146 1569 1184 exss
1606 1139 1690 1183 Ro-

109 1223 262 1259 manae
284 1215 604 1261 eeclesiae-filiis
629 1217 876 1274 presbiteris
898 1217 966 1261 vel
987 1218 1232 1262 diaconibus
1250 1243 1305 1248 —
1326 1221 1368 1261 et
1396 1218 1510 1261 infra
1541 1217 1689 1262 urbem

111 1292 150 1336 si
179 1293 394 1350 possibilev
410 1294 553 1351 fuerit,
586 1295 653 1338 vel
684 1299 806 1339 extra
835 1296 880 1340 in
900 1289 1004 1339 loci's
1026 1295 1216 1339 finitimis
1238 1320 1294 1326 —-
1317 1299 1415 1353 post
1445 1295 1688 1340 excessumh

111 1371 267 1415 summi
304 1371 516 1430 pontificis
552 1386 735 1430 persona
773 1374 827 1417 ad
870 1373 1023 1432 papale
1063 1373 1247 1418 officium
1285 1374 1458 1430 idonea,
1508 1374 1688 1418 decretis

111 1443 355 1494 sanctorum
391 1450 639 1508 pontificum
677 1451 879 1508 testibus,
919 1452 973 1495 ad
1013 1452 1180 1496 culmen
1219 1452 1498 1509 apostolicum
1538 1452 1689 1496 debeat

112 1527 305 1572 exaltari.
373 1556 375 1558 -

232 1605 344 1650 Sane
374 1606 558 1664 quidem,
590 1608 747 1651 nostris
780 1607 1045 1664 exigentibus
1078 1608 1254 1664 meritis,
1288 1608 1388 1665 quia
1417 1622 1495 1652 nos
1527 1622 1686 1664 sumus,

109 1683 156 1726 111
177 1696 282 1740 ques
300 1683 408 1728 fines
428 1684 665 1729 seculorum
687 1685 958 1742 devenerunt,
981 1700 1077 1731 cum
1099 1701 1151 1730 ex
1167 1686 1356 1731 Romano
1379 1700 1496 1731 more
1519 1686 1688 1731 electio-

109 1772 207 1806 nem
253 1762 405 1807 facere
441 1763 745 1821 impediamur,
804 1764 1072 1821 electionem,
1121 1779 1248 1822 quam
1296 1766 1387 1809 vosi
1431 1765 1484 1809 de
1532 1764 1686 1808 domno
1711 1779 1831 1809 Febr.2

111 1837 344 1896 Gnidone¹¹,
383 1840 485 1884 olim
517 1841 834 1900 archiepiscopo
867 1842 1096 1887 Viennensi
1133 1857 1247 1887 nunc
1278 1857 1377 1887 vero
1410 1836 1589 1886 domino
1612 1856 1688 1886 no-

110 1920 223 1974 stro,
253 1917 436 1975 fecistis,
475 1920 652 1964 caritate
684 1921 827 1964 debita
858 1921 1165 1977 consentimus,
1206 1925 1249 1965 et
1279 1921 1579 1965 consentiendo
1610 1934 1688 1964 nos

110 1993 276 2053 Spiritu
306 1996 464 2041 divino¹
496 1997 666 2042 afflante
702 1997 947 2055 laudamus,
985 1979 1265 2043 unanimitate
1297 1999 1508 2044 vinciente
1546 2012 1687 2043 corro-

110 2072 322 2118 boramus:

116 2213 232 2262 194]
259 2217 475 2262 Diacones
507 2221 745 2263 cardinales
779 2221 942 2264 Romae
972 2222 1161 2278 deqentes
1194 2221 1431 2265 electionem
1463 2219 1621 2264 Caliaeti
1637 2220 1694 2263 II

220 2338 221 2341 ,
257 2311 401 2354 papae
428 2298 657 2355 probantm.
1505 2298 1556 2351 (E
1581 2299 1684 2352 296)

160 2400 162 2402 ’
230 2384 551 2431 Venerabilibus
582 2388 627 2431 in
657 2387 840 2431 Domino
873 2387 1075 2431 fratribus
1108 2388 1353 2431 diaconibus
1385 2387 1683 2444 cardinalibus,
1713 2402 1806 2437 1119

111 2461 185 2519 qui
215 2462 328 2507 ultra
365 2468 532 2509 montes
570 2469 688 2522 sunt,
729 2466 925 2510 diacones
966 2466 1222 2522 cardinales,
1264 2466 1337 2522 qui
1376 2465 1534 2510 Romae
1573 2469 1684 2522 sunt,
1714 2450 1804 2481 ΜΝ·

110 2539 303 2585 salutem.

231 2619 591 2671 Quemadmodum
633 2621 754 2666 nobis
793 2622 1047 2679 scripsistis,
1093 2621 1332 2678 karissimi,
1379 2622 1425 2665 in
1463 2621 1687 2666 dilectione

205 2753 233 2774 a.
265 2754 303 2775 ex
325 2746 353 2776 V
371 2747 448 2782 121,
479 2747 508 2776 Ζ
528 2756 561 2786 p.
577 2747 779 2777 264—265.
818 2746 995 2777 Ediderunt
1018 2757 1056 2777 ea:
1079 2745 1141 2785 (L)
1168 2746 1234 2776 cod.
1259 2747 1291 2777 S.
1312 2746 1483 2778 Laurentii
1503 2746 1685 2778 Leodiensis

111 2797 259 2828 Mar-tene
279 2802 309 2828 et
330 2799 470 2830 Durand
493 2799 568 2830 Coll.
591 2799 685 2839 ampl.
700 2800 722 2830 I
739 2801 813 2830 6⁸45.
918 2801 948 2830 b.
981 2809 1037 2830 om.
1054 2799 1090 2830 L.
1197 2809 1223 2829 c.
1255 2800 1362 2831 Diviso
1380 2800 1418 2831 L.
1524 2801 1553 2830 d.
1588 2801 1685 2830 sancti

111 2850 185 2882 add.
199 2851 237 2882 L.
331 2862 358 2883 e.
386 2853 531 2884 Tibaldus
547 2852 583 2883 L.
678 2854 698 2883 f.
732 2853 893 2883 Rcinerius
909 2853 946 2883 L.
1041 2863 1069 2891 g.
1102 2862 1120 2883 a
1140 2853 1198 2890 VZ,
1223 2863 1259 2883 ex
1274 2853 1312 2884 L.
1406 2854 1436 2884 h.
1473 2854 1631 2884 decessum
1647 2853 1685 2884 L.

111 2904 133 2934 i.
158 2913 216 2935 nos
230 2904 265 2935 Z.
358 2905 388 2935 k.
410 2906 540 2936 Widone
554 2907 585 2943 V,
609 2907 768 2937 Guuidone
784 2907 819 2943 Z,
844 2906 945 2937 Gu.L.
1043 2906 1064 2936 l.
1093 2907 1195 2937 divino
1217 2917 1273 2938 om.
1290 2908 1348 2938 VZ.
1446 2918 1486 2938 m.
1515 2918 1553 2938 ex
1573 2908 1683 2944 V121,

111 2957 144 2988 Ζ
162 2967 196 2997 p.
209 2959 288 2988 285.
328 2958 506 2990 Ediderunt
528 2958 590 2998 (L)
621 2970 659 2991 ex
687 2959 752 2991 cod.
775 2961 807 2991 S.
828 2959 999 2991 Laurentii
1019 2959 1201 2991 Leodiensiae
1223 2961 1369 2992 Mar-tene
1395 2966 1424 2992 et
1446 2961 1585 2992 Durand
1610 2960 1685 2992 Con.

112 3010 206 3050 ampl.
228 3012 247 3041 1
269 3013 341 3042 645.
