<?xml version="1.0" encoding="UTF-8"?>
<!DOCTYPE html PUBLIC "-//W3C//DTD XHTML 1.0 Transitional//EN"
    "http://www.w3.org/TR/xhtml1/DTD/xhtml1-transitional.dtd">
<html xmlns="http://www.w3.org/1999/xhtml" xml:lang="en" lang="en">
 <head>
  <title>
</title>
<meta http-equiv="Content-Type" content="text/html;charset=utf-8" />
  <meta name='ocr-system' content='tesseract 3.04.00' />
  <meta name='ocr-capabilities' content='ocr_page ocr_carea ocr_par ocr_line ocrx_word'/>
</head>
<body>
  <div class='ocr_page' id='page_1' title='image "bibliothecarerum05wattuoft_0406.png"; bbox 0 0 2028 3438; ppageno 0'>
   <div class='ocr_carea' id='block_1_1' title="bbox 392 266 1481 308">
    <p class='ocr_par' dir='ltr' id='par_1_1' title="bbox 392 266 1481 308">
     <span class='ocr_line' id='line_1_1' title="bbox 392 266 1481 308; baseline -0.002 0"><span class='ocrx_word' id='word_1_1' title='bbox 392 266 479 308; x_wconf 81' lang='lat'>390</span> <span class='ocrx_word' id='word_1_2' title='bbox 848 276 1068 307; x_wconf 76' lang='lat' dir='ltr'>UDALRIOE</span> <span class='ocrx_word' id='word_1_3' title='bbox 1098 275 1266 307; x_wconf 74' lang='lat' dir='ltr'>oonnx.</span> <span class='ocrx_word' id='word_1_4' title='bbox 1290 301 1291 304; x_wconf 71' lang='grc'>,</span> <span class='ocrx_word' id='word_1_5' title='bbox 1315 274 1395 307; x_wconf 82' lang='lat'>216.</span> <span class='ocrx_word' id='word_1_6' title='bbox 1413 273 1481 307; x_wconf 82' lang='lat'>217</span> 
     </span>
    </p>
   </div>
   <div class='ocr_carea' id='block_1_2' title="bbox 168 380 1950 964">
    <p class='ocr_par' dir='ltr' id='par_1_2' title="bbox 168 380 1950 964">
     <span class='ocr_line' id='line_1_2' title="bbox 168 380 1947 439; baseline -0.003 -9"><span class='ocrx_word' id='word_1_7' title='bbox 168 395 370 430; x_wconf 82' lang='lat'>1119-1124</span> <span class='ocrx_word' id='word_1_8' title='bbox 389 383 558 427; x_wconf 88' lang='lat' dir='ltr'>nuntios</span> <span class='ocrx_word' id='word_1_9' title='bbox 584 384 693 427; x_wconf 88' lang='lat' dir='ltr'>:bene</span> <span class='ocrx_word' id='word_1_10' title='bbox 723 383 961 439; x_wconf 72' lang='lat' dir='ltr'>receperint</span> <span class='ocrx_word' id='word_1_11' title='bbox 988 386 1035 425; x_wconf 73' lang='lat' dir='ltr'>&#39;et</span> <span class='ocrx_word' id='word_1_12' title='bbox 1063 392 1140 439; x_wconf 84' lang='lat' dir='ltr'>per</span> <span class='ocrx_word' id='word_1_13' title='bbox 1171 396 1240 425; x_wconf 85' lang='lat' dir='ltr'>eos</span> <span class='ocrx_word' id='word_1_14' title='bbox 1271 382 1391 424; x_wconf 90' lang='lat' dir='ltr'>nobis</span> <span class='ocrx_word' id='word_1_15' title='bbox 1424 385 1520 424; x_wconf 79' lang='lat' dir='ltr'>suas</span> <span class='ocrx_word' id='word_1_16' title='bbox 1553 380 1947 425; x_wconf 67' lang='lat' dir='ltr'>elemosinasmin&#39;e&#39;-</span> 
     </span>
     <span class='ocr_line' id='line_1_3' title="bbox 389 457 1949 515; baseline -0.001 -11"><span class='ocrx_word' id='word_1_17' title='bbox 389 462 488 515; x_wconf 90' lang='lat' dir='ltr'>rint,</span> <span class='ocrx_word' id='word_1_18' title='bbox 512 462 821 504; x_wconf 85' lang='lat' dir='ltr'>benefactorum</span> <span class='ocrx_word' id='word_1_19' title='bbox 846 464 887 503; x_wconf 92' lang='lat' dir='ltr'>et</span> <span class='ocrx_word' id='word_1_20' title='bbox 908 461 1157 514; x_wconf 89' lang='lat' dir='ltr'>orationum,</span> <span class='ocrx_word' id='word_1_21' title='bbox 1188 473 1293 514; x_wconf 88' lang='lat' dir='ltr'>quae</span> <span class='ocrx_word' id='word_1_22' title='bbox 1313 458 1420 501; x_wconf 89' lang='lat' dir='ltr'>fiunt</span> <span class='ocrx_word' id='word_1_23' title='bbox 1438 459 1504 501; x_wconf 73' lang='lat' dir='ltr'>in*</span> <span class='ocrx_word' id='word_1_24' title='bbox 1524 457 1792 512; x_wconf 83' lang='lat' dir='ltr'>lerosolimis,</span> <span class='ocrx_word' id='word_1_25' title='bbox 1814 457 1949 503; x_wconf 73' lang='lat' dir='ltr'>sciant</span> 
     </span>
     <span class='ocr_line' id='line_1_4' title="bbox 391 535 1947 594; baseline -0.003 -13"><span class='ocrx_word' id='word_1_26' title='bbox 391 552 436 581; x_wconf 91' lang='lat' dir='ltr'>se</span> <span class='ocrx_word' id='word_1_27' title='bbox 467 552 558 582; x_wconf 89' lang='lat' dir='ltr'>esse</span> <span class='ocrx_word' id='word_1_28' title='bbox 591 538 828 594; x_wconf 82' lang='lat' dir='ltr'>participes.</span> <span class='ocrx_word' id='word_1_29' title='bbox 931 536 1173 591; x_wconf 81' lang='lat' dir='ltr'>Quicunque</span> <span class='ocrx_word' id='word_1_30' title='bbox 1195 539 1334 579; x_wconf 86' lang='lat' dir='ltr'>autem</span> <span class='ocrx_word' id='word_1_31' title='bbox 1365 536 1409 577; x_wconf 91' lang='lat' dir='ltr'>in</span> <span class='ocrx_word' id='word_1_32' title='bbox 1430 538 1618 578; x_wconf 89' lang='lat' dir='ltr'>nostram</span> <span class='ocrx_word' id='word_1_33' title='bbox 1642 535 1947 577; x_wconf 77' lang='lat' dir='ltr'>fraternitatem</span> 
     </span>
     <span class='ocr_line' id='line_1_5' title="bbox 389 606 1948 667; baseline -0.002 -10"><span class='ocrx_word' id='word_1_34' title='bbox 389 615 654 657; x_wconf 86' lang='lat' dir='ltr'>intraverunt</span> <span class='ocrx_word' id='word_1_35' title='bbox 692 614 785 658; x_wconf 63' lang='lat' dir='ltr'>vel*³</span> <span class='ocrx_word' id='word_1_36' title='bbox 821 613 1058 667; x_wconf 90' lang='lat' dir='ltr'>intrabunt,</span> <span class='ocrx_word' id='word_1_37' title='bbox 1096 614 1157 656; x_wconf 88' lang='lat' dir='ltr'>ita</span> <span class='ocrx_word' id='word_1_38' title='bbox 1195 614 1280 656; x_wconf 85' lang='lat' dir='ltr'>sint</span> <span class='ocrx_word' id='word_1_39' title='bbox 1316 612 1451 656; x_wconf 89' lang='lat' dir='ltr'>securi</span> <span class='ocrx_word' id='word_1_40' title='bbox 1489 612 1540 655; x_wconf 91' lang='lat' dir='ltr'>de</span> <span class='ocrx_word' id='word_1_41' title='bbox 1577 606 1948 654; x_wconf 57' lang='lat' dir='ltr'>Domini=&#39;=mi&amp;ei*i-</span> 
     </span>
     <span class='ocr_line' id='line_1_6' title="bbox 391 683 1948 747; baseline -0.002 -13"><span class='ocrx_word' id='word_1_42' title='bbox 391 692 546 746; x_wconf 88' lang='lat' dir='ltr'>cordia,</span> <span class='ocrx_word' id='word_1_43' title='bbox 578 691 697 747; x_wconf 85' lang='lat' dir='ltr'>quasi</span> <span class='ocrx_word' id='word_1_44' title='bbox 728 691 811 746; x_wconf 89' lang='lat' dir='ltr'>ipsi</span> <span class='ocrx_word' id='word_1_45' title='bbox 842 690 1026 733; x_wconf 89' lang='lat' dir='ltr'>militent</span> <span class='ocrx_word' id='word_1_46' title='bbox 1055 691 1097 731; x_wconf 91' lang='lat' dir='ltr'>in</span> <span class='ocrx_word' id='word_1_47' title='bbox 1120 690 1392 742; x_wconf 85' lang='lat' dir='ltr'>Ierosolimis3</span> <span class='ocrx_word' id='word_1_48' title='bbox 1426 692 1468 732; x_wconf 88' lang='lat' dir='ltr'>et</span> <span class='ocrx_word' id='word_1_49' title='bbox 1497 688 1707 745; x_wconf 78' lang='lat' dir='ltr'>recipient</span> <span class='ocrx_word' id='word_1_50' title='bbox 1731 683 1783 732; x_wconf 78' lang='lat' dir='ltr'>ab</span> <span class='ocrx_word' id='word_1_51' title='bbox 1814 688 1948 731; x_wconf 89' lang='lat' dir='ltr'>omni-</span> 
     </span>
     <span class='ocr_line' id='line_1_7' title="bbox 391 765 1948 824; baseline -0.001 -14"><span class='ocrx_word' id='word_1_52' title='bbox 391 769 551 824; x_wconf 88' lang='lat' dir='ltr'>potenti</span> <span class='ocrx_word' id='word_1_53' title='bbox 573 768 663 810; x_wconf 91' lang='lat' dir='ltr'>Deo</span> <span class='ocrx_word' id='word_1_54' title='bbox 685 767 861 822; x_wconf 81' lang='lat' dir='ltr'>gloriam</span> <span class='ocrx_word' id='word_1_55' title='bbox 894 771 935 809; x_wconf 89' lang='lat' dir='ltr'>et</span> <span class='ocrx_word' id='word_1_56' title='bbox 956 779 1150 809; x_wconf 87' lang='lat' dir='ltr'>eoronam</span> <span class='ocrx_word' id='word_1_57' title='bbox 1183 767 1388 821; x_wconf 87' lang='lat' dir='ltr'>iusticiae,</span> <span class='ocrx_word' id='word_1_58' title='bbox 1421 779 1547 821; x_wconf 84' lang='lat' dir='ltr'>quam</span> <span class='ocrx_word' id='word_1_59' title='bbox 1568 765 1714 808; x_wconf 82' lang='lat' dir='ltr'>reddet</span> <span class='ocrx_word' id='word_1_60' title='bbox 1734 765 1793 809; x_wconf 86' lang='lat' dir='ltr'>eis</span> <span class='ocrx_word' id='word_1_61' title='bbox 1814 765 1948 808; x_wconf 86' lang='lat' dir='ltr'>iustus</span> 
     </span>
     <span class='ocr_line' id='line_1_8' title="bbox 390 842 1950 900; baseline -0.001 -13"><span class='ocrx_word' id='word_1_62' title='bbox 390 845 531 899; x_wconf 86' lang='lat' dir='ltr'>iudex,</span> <span class='ocrx_word' id='word_1_63' title='bbox 564 845 634 900; x_wconf 86' lang='lat' dir='ltr'>qui</span> <span class='ocrx_word' id='word_1_64' title='bbox 666 858 758 886; x_wconf 88' lang='lat' dir='ltr'>eum</span> <span class='ocrx_word' id='word_1_65' title='bbox 781 843 906 886; x_wconf 84' lang='lat' dir='ltr'>Patre</span> <span class='ocrx_word' id='word_1_66' title='bbox 938 848 979 886; x_wconf 90' lang='lat' dir='ltr'>et</span> <span class='ocrx_word' id='word_1_67' title='bbox 1002 843 1162 899; x_wconf 86' lang='lat' dir='ltr'>Spiritu</span> <span class='ocrx_word' id='word_1_68' title='bbox 1184 847 1327 886; x_wconf 85' lang='lat' dir='ltr'>sancto</span> <span class='ocrx_word' id='word_1_69' title='bbox 1348 843 1454 886; x_wconf 87' lang='lat' dir='ltr'>vivit</span> <span class='ocrx_word' id='word_1_70' title='bbox 1475 845 1516 886; x_wconf 91' lang='lat' dir='ltr'>et</span> <span class='ocrx_word' id='word_1_71' title='bbox 1536 845 1686 896; x_wconf 85' lang='lat' dir='ltr'>regnat</span> <span class='ocrx_word' id='word_1_72' title='bbox 1713 842 1950 898; x_wconf 71' lang='lat' dir='ltr'>peremnia</span> 
     </span>
     <span class='ocr_line' id='line_1_9' title="bbox 393 921 1753 964; baseline -0.003 0"><span class='ocrx_word' id='word_1_73' title='bbox 393 922 533 964; x_wconf 87' lang='lat' dir='ltr'>secula</span> <span class='ocrx_word' id='word_1_74' title='bbox 563 921 810 964; x_wconf 88' lang='lat' dir='ltr'>seculorum.</span> <span class='ocrx_word' id='word_1_75' title='bbox 858 921 1008 963; x_wconf 90' lang='lat' dir='ltr'>Amen.</span> <span class='ocrx_word' id='word_1_76' title='bbox 1751 926 1753 929; x_wconf 83' lang='lat'>&#39;</span> 
     </span>
    </p>
   </div>
   <div class='ocr_carea' id='block_1_3' title="bbox 1034 991 1312 996">
    <p class='ocr_par' dir='ltr' id='par_1_3' title="bbox 1034 991 1312 996">
     <span class='ocr_line' id='line_1_10' title="bbox 1034 991 1312 996; baseline 0 0"><span class='ocrx_word' id='word_1_77' title='bbox 1034 991 1312 996; x_wconf 95' lang='lat' dir='ltr'> </span> 
     </span>
    </p>
   </div>
   <div class='ocr_carea' id='block_1_4' title="bbox 396 1050 1950 1279">
    <p class='ocr_par' dir='ltr' id='par_1_4' title="bbox 396 1050 1950 1279">
     <span class='ocr_line' id='line_1_11' title="bbox 396 1050 1950 1118; baseline -0.003 -11"><span class='ocrx_word' id='word_1_78' title='bbox 396 1061 512 1107; x_wconf 79' lang='grc'><strong>217.</strong></span> <span class='ocrx_word' id='word_1_79' title='bbox 542 1062 727 1106; x_wconf 66' lang='lat' dir='ltr'>calixtus</span> <span class='ocrx_word' id='word_1_80' title='bbox 752 1062 807 1104; x_wconf 90' lang='lat' dir='ltr'>II</span> <span class='ocrx_word' id='word_1_81' title='bbox 823 1066 947 1118; x_wconf 75' lang='lat' dir='ltr'>papa</span> <span class='ocrx_word' id='word_1_82' title='bbox 979 1062 1167 1104; x_wconf 54' lang='lat' dir='ltr'>omnibus</span> <span class='ocrx_word' id='word_1_83' title='bbox 1193 1076 1270 1118; x_wconf 81' lang='lat' dir='ltr'>per</span> <span class='ocrx_word' id='word_1_84' title='bbox 1290 1062 1510 1118; x_wconf 73' lang='lat' dir='ltr'>Europam</span> <span class='ocrx_word' id='word_1_85' title='bbox 1531 1061 1733 1114; x_wconf 56' lang='lat' dir='ltr'>fidelibus</span> <span class='ocrx_word' id='word_1_86' title='bbox 1756 1050 1950 1114; x_wconf 74' lang='lat' dir='ltr'>nuntium</span> 
     </span>
     <span class='ocr_line' id='line_1_12' title="bbox 544 1138 1949 1195; baseline -0.001 -13"><span class='ocrx_word' id='word_1_87' title='bbox 544 1141 790 1191; x_wconf 75' lang='lat' dir='ltr'>Raimundz&#39;,</span> <span class='ocrx_word' id='word_1_88' title='bbox 820 1141 1055 1195; x_wconf 76' lang='lat' dir='ltr'>praepositi</span> <span class='ocrx_word' id='word_1_89' title='bbox 1072 1139 1320 1180; x_wconf 66' lang='lat' dir='ltr'>xenodochii</span> <span class='ocrx_word' id='word_1_90' title='bbox 1337 1138 1722 1194; x_wconf 68' lang='lat' dir='ltr'>Hierosolymitani,</span> <span class='ocrx_word' id='word_1_91' title='bbox 1734 1153 1949 1194; x_wconf 63' lang='lat' dir='ltr'>scemmen-</span> 
     </span>
     <span class='ocr_line' id='line_1_13' title="bbox 542 1213 1949 1279; baseline -0.001 -20"><span class='ocrx_word' id='word_1_92' title='bbox 542 1219 644 1259; x_wconf 78' lang='lat' dir='ltr'>dare</span> <span class='ocrx_word' id='word_1_93' title='bbox 673 1218 870 1259; x_wconf 72' lang='lat' dir='ltr'>videtur⁰.</span> <span class='ocrx_word' id='word_1_94' title='bbox 1493 1265 1510 1279; x_wconf 40' lang='lat'><em>⁶</em></span> <span class='ocrx_word' id='word_1_95' title='bbox 1704 1263 1706 1265; x_wconf 38' lang='grc'>,</span> <span class='ocrx_word' id='word_1_96' title='bbox 1742 1213 1823 1268; x_wconf 81' lang='grc' dir='ltr'>(Ε</span> <span class='ocrx_word' id='word_1_97' title='bbox 1846 1213 1949 1268; x_wconf 84' lang='lat'>358)</span> 
     </span>
    </p>
   </div>
   <div class='ocr_carea' id='block_1_5' title="bbox 172 1301 1955 2746">
    <p class='ocr_par' dir='ltr' id='par_1_5' title="bbox 172 1301 1951 1515">
     <span class='ocr_line' id='line_1_14' title="bbox 172 1301 1951 1360; baseline -0.002 -11"><span class='ocrx_word' id='word_1_98' title='bbox 172 1314 375 1350; x_wconf 79' lang='lat'>1119-1124</span> <span class='ocrx_word' id='word_1_99' title='bbox 512 1305 702 1347; x_wconf 84' lang='lat' dir='ltr'>Domnus</span> <span class='ocrx_word' id='word_1_100' title='bbox 734 1318 847 1360; x_wconf 90' lang='lat' dir='ltr'>papa</span> <span class='ocrx_word' id='word_1_101' title='bbox 868 1303 1057 1347; x_wconf 83' lang='lat' dir='ltr'>Calixtus</span> <span class='ocrx_word' id='word_1_102' title='bbox 1090 1316 1234 1346; x_wconf 86' lang='lat' dir='ltr'>servus</span> <span class='ocrx_word' id='word_1_103' title='bbox 1267 1316 1480 1346; x_wconf 88' lang='lat' dir='ltr'>servorum</span> <span class='ocrx_word' id='word_1_104' title='bbox 1506 1302 1586 1346; x_wconf 90' lang='lat' dir='ltr'>Dei</span> <span class='ocrx_word' id='word_1_105' title='bbox 1617 1301 1779 1347; x_wconf 82' lang='lat' dir='ltr'>dilectis</span> <span class='ocrx_word' id='word_1_106' title='bbox 1809 1302 1951 1354; x_wconf 73' lang='lat' dir='ltr'>fratri·</span> 
     </span>
     <span class='ocr_line' id='line_1_15' title="bbox 396 1379 1950 1437; baseline -0.001 -13"><span class='ocrx_word' id='word_1_107' title='bbox 396 1382 472 1425; x_wconf 92' lang='lat' dir='ltr'>bus</span> <span class='ocrx_word' id='word_1_108' title='bbox 505 1382 712 1437; x_wconf 90' lang='lat' dir='ltr'>episcopis</span> <span class='ocrx_word' id='word_1_109' title='bbox 735 1381 955 1424; x_wconf 87' lang='lat' dir='ltr'>abbatibus</span> <span class='ocrx_word' id='word_1_110' title='bbox 977 1380 1165 1436; x_wconf 83' lang='lat' dir='ltr'>plebanis</span> <span class='ocrx_word' id='word_1_111' title='bbox 1187 1380 1396 1423; x_wconf 87' lang='lat' dir='ltr'>canonicis</span> <span class='ocrx_word' id='word_1_112' title='bbox 1419 1393 1467 1422; x_wconf 86' lang='lat' dir='ltr'>ac</span> <span class='ocrx_word' id='word_1_113' title='bbox 1492 1379 1718 1435; x_wconf 87' lang='lat' dir='ltr'>capellanis</span> <span class='ocrx_word' id='word_1_114' title='bbox 1740 1382 1783 1422; x_wconf 89' lang='lat' dir='ltr'>et</span> <span class='ocrx_word' id='word_1_115' title='bbox 1802 1379 1950 1424; x_wconf 67' lang='lat' dir='ltr'>ceteris</span> 
     </span>
     <span class='ocr_line' id='line_1_16' title="bbox 395 1456 1917 1515; baseline -0.001 -14"><span class='ocrx_word' id='word_1_116' title='bbox 395 1473 470 1515; x_wconf 90' lang='lat' dir='ltr'>per</span> <span class='ocrx_word' id='word_1_117' title='bbox 497 1459 708 1514; x_wconf 81' lang='lat' dir='ltr'>Europam</span> <span class='ocrx_word' id='word_1_118' title='bbox 742 1457 932 1501; x_wconf 89' lang='lat' dir='ltr'>fidelibus</span> <span class='ocrx_word' id='word_1_119' title='bbox 964 1457 1141 1500; x_wconf 85' lang='lat' dir='ltr'>salutem</span> <span class='ocrx_word' id='word_1_120' title='bbox 1175 1461 1216 1499; x_wconf 92' lang='lat' dir='ltr'>et</span> <span class='ocrx_word' id='word_1_121' title='bbox 1247 1456 1518 1513; x_wconf 87' lang='lat' dir='ltr'>apostolicam</span> <span class='ocrx_word' id='word_1_122' title='bbox 1551 1456 1917 1501; x_wconf 59' lang='lat' dir='ltr'>benedictionem&lt;</span> 
     </span>
    </p>

    <p class='ocr_par' dir='ltr' id='par_1_6' title="bbox 394 1534 1955 2746">
     <span class='ocr_line' id='line_1_17' title="bbox 512 1534 1952 1589; baseline 0.001 -11"><span class='ocrx_word' id='word_1_123' title='bbox 512 1535 706 1578; x_wconf 83' lang='lat' dir='ltr'>Iusticiae</span> <span class='ocrx_word' id='word_1_124' title='bbox 737 1535 844 1577; x_wconf 86' lang='lat' dir='ltr'>ratio</span> <span class='ocrx_word' id='word_1_125' title='bbox 879 1535 1010 1588; x_wconf 81' lang='lat' dir='ltr'>exigit</span> <span class='ocrx_word' id='word_1_126' title='bbox 1042 1538 1082 1576; x_wconf 90' lang='lat' dir='ltr'>et</span> <span class='ocrx_word' id='word_1_127' title='bbox 1112 1534 1287 1576; x_wconf 89' lang='lat' dir='ltr'>rationis</span> <span class='ocrx_word' id='word_1_128' title='bbox 1319 1534 1420 1576; x_wconf 90' lang='lat' dir='ltr'>ordo</span> <span class='ocrx_word' id='word_1_129' title='bbox 1453 1534 1654 1589; x_wconf 81' lang='lat' dir='ltr'>exposcit,</span> <span class='ocrx_word' id='word_1_130' title='bbox 1690 1537 1751 1588; x_wconf 89' lang='lat' dir='ltr'>ut,</span> <span class='ocrx_word' id='word_1_131' title='bbox 1789 1543 1952 1589; x_wconf 74' lang='lat' dir='ltr'>quae-a</span> 
     </span>
     <span class='ocr_line' id='line_1_18' title="bbox 395 1610 1951 1669; baseline -0.001 -14"><span class='ocrx_word' id='word_1_132' title='bbox 395 1612 713 1669; x_wconf 81' lang='lat' dir='ltr'>praedecessore</span> <span class='ocrx_word' id='word_1_133' title='bbox 744 1614 887 1654; x_wconf 88' lang='lat' dir='ltr'>nostro</span> <span class='ocrx_word' id='word_1_134' title='bbox 920 1614 1090 1654; x_wconf 88' lang='lat' dir='ltr'>sanctae</span> <span class='ocrx_word' id='word_1_135' title='bbox 1113 1611 1339 1653; x_wconf 83' lang='lat' dir='ltr'>memoriae</span> <span class='ocrx_word' id='word_1_136' title='bbox 1364 1624 1475 1666; x_wconf 86' lang='lat' dir='ltr'>papa</span> <span class='ocrx_word' id='word_1_137' title='bbox 1494 1610 1743 1654; x_wconf 82' lang='lat' dir='ltr'>Paschasio‘¹</span> <span class='ocrx_word' id='word_1_138' title='bbox 1765 1610 1951 1654; x_wconf 83' lang='lat' dir='ltr'>caritatis</span> 
     </span>
     <span class='ocr_line' id='line_1_19' title="bbox 394 1685 1954 1740; baseline -0.002 -7"><span class='ocrx_word' id='word_1_139' title='bbox 394 1690 553 1733; x_wconf 88' lang='lat' dir='ltr'>intuitu</span> <span class='ocrx_word' id='word_1_140' title='bbox 573 1689 800 1732; x_wconf 87' lang='lat' dir='ltr'>constituta</span> <span class='ocrx_word' id='word_1_141' title='bbox 821 1691 932 1740; x_wconf 88' lang='lat' dir='ltr'>sunt,</span> <span class='ocrx_word' id='word_1_142' title='bbox 958 1694 1035 1731; x_wconf 83' lang='lat' dir='ltr'>no&#39;s</span> <span class='ocrx_word' id='word_1_143' title='bbox 1057 1691 1224 1731; x_wconf 85' lang='lat' dir='ltr'>auctore</span> <span class='ocrx_word' id='word_1_144' title='bbox 1244 1687 1425 1730; x_wconf 90' lang='lat' dir='ltr'>Domino</span> <span class='ocrx_word' id='word_1_145' title='bbox 1447 1685 1775 1731; x_wconf 82' lang='lat' dir='ltr'>conservemus¹.</span> <span class='ocrx_word' id='word_1_146' title='bbox 1873 1686 1954 1730; x_wconf 86' lang='lat' dir='ltr'>La-</span> 
     </span>
     <span class='ocr_line' id='line_1_20' title="bbox 403 1763 1955 1823; baseline -0.002 -13"><span class='ocrx_word' id='word_1_147' title='bbox 403 1771 538 1810; x_wconf 88' lang='lat' dir='ltr'>torem</span> <span class='ocrx_word' id='word_1_148' title='bbox 570 1766 868 1823; x_wconf 89' lang='lat' dir='ltr'>praesentium,</span> <span class='ocrx_word' id='word_1_149' title='bbox 900 1765 951 1808; x_wconf 86' lang='lat' dir='ltr'>ab</span> <span class='ocrx_word' id='word_1_150' title='bbox 975 1765 1293 1808; x_wconf 87' lang='lat' dir='ltr'>lerosolimitani</span> <span class='ocrx_word' id='word_1_151' title='bbox 1322 1764 1569 1808; x_wconf 85' lang='lat' dir='ltr'>xenodochii</span> <span class='ocrx_word' id='word_1_152' title='bbox 1599 1764 1837 1821; x_wconf 87' lang='lat' dir='ltr'>praeposito</span> <span class='ocrx_word' id='word_1_153' title='bbox 1857 1763 1955 1807; x_wconf 76' lang='lat' dir='ltr'>Rai-</span> 
     </span>
     <span class='ocr_line' id='line_1_21' title="bbox 400 1841 1952 1897; baseline -0.002 -10"><span class='ocrx_word' id='word_1_154' title='bbox 400 1844 554 1887; x_wconf 90' lang='lat' dir='ltr'>mundo</span> <span class='ocrx_word' id='word_1_155' title='bbox 586 1843 760 1885; x_wconf 89' lang='lat' dir='ltr'>missum</span> <span class='ocrx_word' id='word_1_156' title='bbox 793 1843 846 1885; x_wconf 89' lang='lat' dir='ltr'>ad</span> <span class='ocrx_word' id='word_1_157' title='bbox 876 1856 961 1897; x_wconf 87' lang='lat' dir='ltr'>vos,</span> <span class='ocrx_word' id='word_1_158' title='bbox 994 1842 1159 1885; x_wconf 84' lang='lat' dir='ltr'>caritati</span> <span class='ocrx_word' id='word_1_159' title='bbox 1179 1846 1344 1885; x_wconf 88' lang='lat' dir='ltr'>vestrae</span> <span class='ocrx_word' id='word_1_160' title='bbox 1369 1842 1568 1884; x_wconf 87' lang='lat' dir='ltr'>attentius</span> <span class='ocrx_word' id='word_1_161' title='bbox 1599 1841 1952 1886; x_wconf 75' lang='lat' dir='ltr'>commendamus.</span> 
     </span>
     <span class='ocr_line' id='line_1_22' title="bbox 399 1919 1955 1972; baseline -0.001 -8"><span class='ocrx_word' id='word_1_162' title='bbox 399 1921 513 1964; x_wconf 89' lang='lat' dir='ltr'>Idem</span> <span class='ocrx_word' id='word_1_163' title='bbox 546 1922 656 1964; x_wconf 90' lang='lat' dir='ltr'>enim</span> <span class='ocrx_word' id='word_1_164' title='bbox 688 1920 980 1972; x_wconf 84' lang='lat' dir='ltr'>R(aimundus)</span> <span class='ocrx_word' id='word_1_165' title='bbox 1013 1919 1198 1962; x_wconf 88' lang='lat' dir='ltr'>omnium</span> <span class='ocrx_word' id='word_1_166' title='bbox 1231 1932 1256 1962; x_wconf 87' lang='lat' dir='ltr'>a</span> <span class='ocrx_word' id='word_1_167' title='bbox 1285 1919 1510 1962; x_wconf 88' lang='lat' dir='ltr'>Ierusalem</span> <span class='ocrx_word' id='word_1_168' title='bbox 1545 1919 1808 1962; x_wconf 87' lang='lat' dir='ltr'>redeuntium</span> <span class='ocrx_word' id='word_1_169' title='bbox 1838 1919 1955 1963; x_wconf 80' lang='lat' dir='ltr'>testi-</span> 
     </span>
     <span class='ocr_line' id='line_1_23' title="bbox 399 1996 1953 2052; baseline -0.001 -11"><span class='ocrx_word' id='word_1_170' title='bbox 399 1999 539 2041; x_wconf 91' lang='lat' dir='ltr'>monio</span> <span class='ocrx_word' id='word_1_171' title='bbox 571 1997 899 2051; x_wconf 88' lang='lat' dir='ltr'>commendatur,</span> <span class='ocrx_word' id='word_1_172' title='bbox 931 1997 1042 2052; x_wconf 88' lang='lat' dir='ltr'>quod</span> <span class='ocrx_word' id='word_1_173' title='bbox 1073 1997 1233 2040; x_wconf 88' lang='lat' dir='ltr'>sincere</span> <span class='ocrx_word' id='word_1_174' title='bbox 1264 1996 1411 2039; x_wconf 87' lang='lat' dir='ltr'>devote</span> <span class='ocrx_word' id='word_1_175' title='bbox 1444 1996 1608 2039; x_wconf 85' lang='lat' dir='ltr'>assidue</span> <span class='ocrx_word' id='word_1_176' title='bbox 1639 1996 1953 2052; x_wconf 77' lang='lat' dir='ltr'>peregrinorum</span> 
     </span>
     <span class='ocr_line' id='line_1_24' title="bbox 401 2073 1954 2131; baseline -0.001 -13"><span class='ocrx_word' id='word_1_177' title='bbox 401 2079 442 2119; x_wconf 89' lang='lat' dir='ltr'>et</span> <span class='ocrx_word' id='word_1_178' title='bbox 481 2088 709 2131; x_wconf 86' lang='lat' dir='ltr'>pauperum</span> <span class='ocrx_word' id='word_1_179' title='bbox 744 2087 887 2117; x_wconf 86' lang='lat' dir='ltr'>curam</span> <span class='ocrx_word' id='word_1_180' title='bbox 918 2077 1047 2128; x_wconf 87' lang='lat' dir='ltr'>gerat.</span> <span class='ocrx_word' id='word_1_181' title='bbox 1102 2073 1158 2116; x_wconf 89' lang='lat' dir='ltr'>Et</span> <span class='ocrx_word' id='word_1_182' title='bbox 1188 2086 1298 2116; x_wconf 89' lang='lat' dir='ltr'>nunc</span> <span class='ocrx_word' id='word_1_183' title='bbox 1335 2087 1411 2129; x_wconf 91' lang='lat' dir='ltr'>pro</span> <span class='ocrx_word' id='word_1_184' title='bbox 1452 2086 1595 2116; x_wconf 92' lang='lat' dir='ltr'>eorum</span> <span class='ocrx_word' id='word_1_185' title='bbox 1635 2073 1954 2118; x_wconf 82' lang='lat' dir='ltr'>necessitatibus</span> 
     </span>
     <span class='ocr_line' id='line_1_25' title="bbox 401 2150 1955 2206; baseline -0.001 -11"><span class='ocrx_word' id='word_1_186' title='bbox 401 2152 667 2195; x_wconf 89' lang='lat' dir='ltr'>sublevandis</span> <span class='ocrx_word' id='word_1_187' title='bbox 689 2155 852 2195; x_wconf 87' lang='lat' dir='ltr'>vestrae</span> <span class='ocrx_word' id='word_1_188' title='bbox 884 2151 1071 2194; x_wconf 85' lang='lat' dir='ltr'>caritatis</span> <span class='ocrx_word' id='word_1_189' title='bbox 1102 2150 1301 2206; x_wconf 86' lang='lat' dir='ltr'>implorat</span> <span class='ocrx_word' id='word_1_190' title='bbox 1333 2150 1548 2193; x_wconf 82' lang='lat' dir='ltr'>auxilium.</span> <span class='ocrx_word' id='word_1_191' title='bbox 1596 2150 1681 2193; x_wconf 89' lang='lat' dir='ltr'>Vos</span> <span class='ocrx_word' id='word_1_192' title='bbox 1711 2163 1809 2204; x_wconf 90' lang='lat' dir='ltr'>ergo</span> <span class='ocrx_word' id='word_1_193' title='bbox 1831 2150 1955 2194; x_wconf 85' lang='lat' dir='ltr'>bene-</span> 
     </span>
     <span class='ocr_line' id='line_1_26' title="bbox 400 2226 1954 2279; baseline -0.001 -7"><span class='ocrx_word' id='word_1_194' title='bbox 400 2229 590 2272; x_wconf 88' lang='lat' dir='ltr'>ficentiae</span> <span class='ocrx_word' id='word_1_195' title='bbox 631 2232 672 2271; x_wconf 93' lang='lat' dir='ltr'>et</span> <span class='ocrx_word' id='word_1_196' title='bbox 712 2228 1014 2271; x_wconf 85' lang='lat' dir='ltr'>communionis</span> <span class='ocrx_word' id='word_1_197' title='bbox 1050 2228 1180 2270; x_wconf 87' lang='lat' dir='ltr'>nolite</span> <span class='ocrx_word' id='word_1_198' title='bbox 1219 2227 1426 2279; x_wconf 83' lang='lat' dir='ltr'>oblivisci3</span> <span class='ocrx_word' id='word_1_199' title='bbox 1466 2227 1619 2271; x_wconf 86' lang='lat' dir='ltr'>talibus</span> <span class='ocrx_word' id='word_1_200' title='bbox 1659 2227 1770 2272; x_wconf 85' lang='lat' dir='ltr'>enim</span> <span class='ocrx_word' id='word_1_201' title='bbox 1808 2226 1954 2274; x_wconf 76' lang='lat' dir='ltr'>hostiis</span> 
     </span>
     <span class='ocr_line' id='line_1_27' title="bbox 401 2303 1955 2362; baseline -0.002 -13"><span class='ocrx_word' id='word_1_202' title='bbox 401 2309 665 2362; x_wconf 88' lang='lat' dir='ltr'>promeretur</span> <span class='ocrx_word' id='word_1_203' title='bbox 686 2305 812 2348; x_wconf 91' lang='lat' dir='ltr'>Deus.</span> <span class='ocrx_word' id='word_1_204' title='bbox 860 2305 1090 2361; x_wconf 84' lang='lat' dir='ltr'>Pauperem</span> <span class='ocrx_word' id='word_1_205' title='bbox 1123 2304 1251 2358; x_wconf 88' lang='lat' dir='ltr'>igitur</span> <span class='ocrx_word' id='word_1_206' title='bbox 1272 2303 1484 2347; x_wconf 82' lang='lat' dir='ltr'>Christum</span> <span class='ocrx_word' id='word_1_207' title='bbox 1515 2305 1560 2347; x_wconf 91' lang='lat' dir='ltr'>in</span> <span class='ocrx_word' id='word_1_208' title='bbox 1591 2304 1676 2347; x_wconf 89' lang='lat' dir='ltr'>suis</span> <span class='ocrx_word' id='word_1_209' title='bbox 1701 2303 1955 2360; x_wconf 85' lang='lat' dir='ltr'>pauperibus</span> 
     </span>
     <span class='ocr_line' id='line_1_28' title="bbox 401 2381 1955 2438; baseline -0.001 -12"><span class='ocrx_word' id='word_1_210' title='bbox 401 2383 618 2426; x_wconf 88' lang='lat' dir='ltr'>sublevare</span> <span class='ocrx_word' id='word_1_211' title='bbox 649 2383 825 2436; x_wconf 81' lang='lat' dir='ltr'>curetiS,</span> <span class='ocrx_word' id='word_1_212' title='bbox 859 2385 906 2424; x_wconf 90' lang='lat' dir='ltr'>ut</span> <span class='ocrx_word' id='word_1_213' title='bbox 937 2386 978 2425; x_wconf 93' lang='lat' dir='ltr'>et</span> <span class='ocrx_word' id='word_1_214' title='bbox 1008 2382 1099 2438; x_wconf 90' lang='lat' dir='ltr'>ipse</span> <span class='ocrx_word' id='word_1_215' title='bbox 1129 2395 1202 2424; x_wconf 89' lang='lat' dir='ltr'>vos</span> <span class='ocrx_word' id='word_1_216' title='bbox 1235 2381 1473 2424; x_wconf 89' lang='lat' dir='ltr'>divitiarum</span> <span class='ocrx_word' id='word_1_217' title='bbox 1507 2394 1678 2424; x_wconf 85' lang='lat' dir='ltr'>suarum</span> <span class='ocrx_word' id='word_1_218' title='bbox 1708 2381 1835 2424; x_wconf 81' lang='lat' dir='ltr'>faciat</span> <span class='ocrx_word' id='word_1_219' title='bbox 1864 2393 1955 2425; x_wconf 88' lang='lat' dir='ltr'>esse</span> 
     </span>
     <span class='ocr_line' id='line_1_29' title="bbox 402 2458 1954 2516; baseline -0.001 -13"><span class='ocrx_word' id='word_1_220' title='bbox 402 2461 641 2516; x_wconf 87' lang='lat' dir='ltr'>participes.</span> <span class='ocrx_word' id='word_1_221' title='bbox 697 2459 789 2502; x_wconf 91' lang='lat' dir='ltr'>Non</span> <span class='ocrx_word' id='word_1_222' title='bbox 827 2460 939 2502; x_wconf 89' lang='lat' dir='ltr'>enim</span> <span class='ocrx_word' id='word_1_223' title='bbox 977 2458 1330 2501; x_wconf 87' lang='lat' dir='ltr'>Ierosolimitanae</span> <span class='ocrx_word' id='word_1_224' title='bbox 1369 2458 1716 2514; x_wconf 86' lang='lat' dir='ltr'>peregrinationis</span> <span class='ocrx_word' id='word_1_225' title='bbox 1752 2458 1954 2502; x_wconf 85' lang='lat' dir='ltr'>mercedis</span> 
     </span>
     <span class='ocr_line' id='line_1_30' title="bbox 403 2535 1954 2591; baseline -0.001 -13"><span class='ocrx_word' id='word_1_226' title='bbox 403 2550 556 2580; x_wconf 86' lang='lat' dir='ltr'>vacuus</span> <span class='ocrx_word' id='word_1_227' title='bbox 589 2543 664 2591; x_wconf 89' lang='lat' dir='ltr'>est,</span> <span class='ocrx_word' id='word_1_228' title='bbox 698 2536 767 2591; x_wconf 91' lang='lat' dir='ltr'>qui</span> <span class='ocrx_word' id='word_1_229' title='bbox 789 2536 1130 2579; x_wconf 85' lang='lat' dir='ltr'>Ierosolimitanis</span> <span class='ocrx_word' id='word_1_230' title='bbox 1164 2535 1393 2591; x_wconf 86' lang='lat' dir='ltr'>peregrinis</span> <span class='ocrx_word' id='word_1_231' title='bbox 1424 2549 1563 2578; x_wconf 87' lang='lat' dir='ltr'>rerum</span> <span class='ocrx_word' id='word_1_232' title='bbox 1585 2548 1754 2578; x_wconf 90' lang='lat' dir='ltr'>suarum</span> <span class='ocrx_word' id='word_1_233' title='bbox 1778 2535 1954 2579; x_wconf 86' lang='lat' dir='ltr'>admini-</span> 
     </span>
     <span class='ocr_line' id='line_1_31' title="bbox 404 2610 1952 2669; baseline -0.001 -14"><span class='ocrx_word' id='word_1_234' title='bbox 404 2613 543 2656; x_wconf 90' lang='lat' dir='ltr'>culum</span> <span class='ocrx_word' id='word_1_235' title='bbox 565 2613 867 2656; x_wconf 86' lang='lat' dir='ltr'>subministrat.</span> <span class='ocrx_word' id='word_1_236' title='bbox 909 2613 988 2664; x_wconf 86' lang='lat' dir='ltr'>Qui</span> <span class='ocrx_word' id='word_1_237' title='bbox 1008 2613 1118 2656; x_wconf 89' lang='lat' dir='ltr'>enim</span> <span class='ocrx_word' id='word_1_238' title='bbox 1135 2612 1311 2669; x_wconf 88' lang='lat' dir='ltr'>pauperi</span> <span class='ocrx_word' id='word_1_239' title='bbox 1331 2611 1490 2666; x_wconf 78' lang='lat' dir='ltr'>tribuit,</span> <span class='ocrx_word' id='word_1_240' title='bbox 1506 2611 1687 2654; x_wconf 91' lang='lat' dir='ltr'>Domino</span> <span class='ocrx_word' id='word_1_241' title='bbox 1703 2612 1914 2655; x_wconf 83' lang='lat' dir='ltr'>feneratur</span> <span class='ocrx_word' id='word_1_242' title='bbox 1924 2610 1952 2654; x_wconf 83' lang='lat'>².</span> 
     </span>
     <span class='ocr_line' id='line_1_32' title="bbox 404 2689 1954 2746; baseline -0.001 -13"><span class='ocrx_word' id='word_1_243' title='bbox 404 2690 499 2746; x_wconf 85' lang='lat' dir='ltr'>Ipse</span> <span class='ocrx_word' id='word_1_244' title='bbox 521 2693 658 2733; x_wconf 90' lang='lat' dir='ltr'>autem</span> <span class='ocrx_word' id='word_1_245' title='bbox 680 2690 885 2733; x_wconf 90' lang='lat' dir='ltr'>Dominus</span> <span class='ocrx_word' id='word_1_246' title='bbox 906 2691 949 2732; x_wconf 91' lang='lat' dir='ltr'>in</span> <span class='ocrx_word' id='word_1_247' title='bbox 971 2690 1102 2744; x_wconf 89' lang='lat' dir='ltr'>vobis,</span> <span class='ocrx_word' id='word_1_248' title='bbox 1132 2689 1245 2745; x_wconf 77' lang='lat' dir='ltr'>quod.</span> <span class='ocrx_word' id='word_1_249' title='bbox 1261 2689 1458 2744; x_wconf 85' lang='lat' dir='ltr'>loquitur,</span> <span class='ocrx_word' id='word_1_250' title='bbox 1488 2691 1702 2745; x_wconf 80' lang='lat' dir='ltr'>operetur3</span> <span class='ocrx_word' id='word_1_251' title='bbox 1735 2692 1776 2732; x_wconf 91' lang='lat' dir='ltr'>et</span> <span class='ocrx_word' id='word_1_252' title='bbox 1795 2689 1954 2733; x_wconf 84' lang='lat' dir='ltr'>habun-</span> 
     </span>
    </p>
   </div>
   <div class='ocr_carea' id='block_1_6' title="bbox 501 2818 1954 2858">
    <p class='ocr_par' dir='ltr' id='par_1_7' title="bbox 501 2818 1954 2858">
     <span class='ocr_line' id='line_1_33' title="bbox 501 2818 1954 2858; baseline -0.001 -9"><span class='ocrx_word' id='word_1_253' title='bbox 501 2829 527 2848; x_wconf 82' lang='lat' dir='ltr'>a.</span> <span class='ocrx_word' id='word_1_254' title='bbox 560 2829 616 2849; x_wconf 87' lang='lat' dir='ltr'>om.</span> <span class='ocrx_word' id='word_1_255' title='bbox 631 2820 661 2849; x_wconf 88' lang='lat' dir='ltr'>V.</span> <span class='ocrx_word' id='word_1_256' title='bbox 765 2820 794 2849; x_wconf 88' lang='lat' dir='ltr'>b.</span> <span class='ocrx_word' id='word_1_257' title='bbox 827 2821 878 2849; x_wconf 79' lang='lat' dir='ltr'>aut</span> <span class='ocrx_word' id='word_1_258' title='bbox 899 2819 933 2849; x_wconf 92' lang='lat' dir='ltr'>Z.</span> <span class='ocrx_word' id='word_1_259' title='bbox 1038 2828 1063 2848; x_wconf 91' lang='lat' dir='ltr'>c.</span> <span class='ocrx_word' id='word_1_260' title='bbox 1095 2828 1132 2849; x_wconf 76' lang='lat' dir='ltr'>ex</span> <span class='ocrx_word' id='word_1_261' title='bbox 1154 2819 1179 2849; x_wconf 95' lang='lat' dir='ltr'><em>V</em></span> <span class='ocrx_word' id='word_1_262' title='bbox 1200 2820 1413 2855; x_wconf 73' lang='lat' dir='ltr'><strong><em>146—146v,</em></strong></span> <span class='ocrx_word' id='word_1_263' title='bbox 1437 2818 1599 2858; x_wconf 64' lang='lat'><em>212325.</em></span> <span class='ocrx_word' id='word_1_264' title='bbox 1697 2818 1726 2847; x_wconf 89' lang='lat' dir='ltr'>d.</span> <span class='ocrx_word' id='word_1_265' title='bbox 1756 2818 1896 2848; x_wconf 79' lang='lat' dir='ltr'>Pascasio</span> <span class='ocrx_word' id='word_1_266' title='bbox 1918 2818 1954 2848; x_wconf 91' lang='lat' dir='ltr'>Z.</span> 
     </span>
    </p>
   </div>
   <div class='ocr_carea' id='block_1_7' title="bbox 405 2886 1954 3052">
    <p class='ocr_par' dir='ltr' id='par_1_8' title="bbox 405 2886 1954 3052">
     <span class='ocr_line' id='line_1_34' title="bbox 499 2886 1954 2934; baseline 0 -12"><span class='ocrx_word' id='word_1_267' title='bbox 499 2889 531 2922; x_wconf 91' lang='lat'>1.</span> <span class='ocrx_word' id='word_1_268' title='bbox 558 2888 636 2923; x_wconf 89' lang='lat' dir='ltr'>Hoc</span> <span class='ocrx_word' id='word_1_269' title='bbox 660 2888 800 2923; x_wconf 90' lang='lat' dir='ltr'>initium</span> <span class='ocrx_word' id='word_1_270' title='bbox 826 2888 995 2934; x_wconf 86' lang='lat' dir='ltr'>quoniam</span> <span class='ocrx_word' id='word_1_271' title='bbox 1021 2898 1101 2923; x_wconf 89' lang='lat' dir='ltr'>cum</span> <span class='ocrx_word' id='word_1_272' title='bbox 1129 2891 1341 2934; x_wconf 84' lang='lat' dir='ltr'>argumento</span> <span class='ocrx_word' id='word_1_273' title='bbox 1367 2888 1540 2933; x_wconf 83' lang='lat' dir='ltr'>epistolae</span> <span class='ocrx_word' id='word_1_274' title='bbox 1566 2897 1637 2923; x_wconf 91' lang='lat' dir='ltr'>non</span> <span class='ocrx_word' id='word_1_275' title='bbox 1662 2887 1847 2933; x_wconf 86' lang='lat' dir='ltr'>cohaeret,</span> <span class='ocrx_word' id='word_1_276' title='bbox 1873 2886 1954 2922; x_wconf 83' lang='lat' dir='ltr'>falsi</span> 
     </span>
     <span class='ocr_line' id='line_1_35' title="bbox 405 2945 1951 2993; baseline -0.001 -11"><span class='ocrx_word' id='word_1_277' title='bbox 405 2947 538 2992; x_wconf 87' lang='lat' dir='ltr'>aliquid</span> <span class='ocrx_word' id='word_1_278' title='bbox 570 2947 606 2982; x_wconf 92' lang='lat' dir='ltr'>in</span> <span class='ocrx_word' id='word_1_279' title='bbox 639 2957 683 2982; x_wconf 86' lang='lat' dir='ltr'>ea</span> <span class='ocrx_word' id='word_1_280' title='bbox 707 2947 812 2982; x_wconf 85' lang='lat' dir='ltr'>inest.</span> <span class='ocrx_word' id='word_1_281' title='bbox 856 2947 976 2982; x_wconf 86' lang='lat' dir='ltr'>Prima</span> <span class='ocrx_word' id='word_1_282' title='bbox 999 2957 1143 2992; x_wconf 92' lang='lat' dir='ltr'>quoque</span> <span class='ocrx_word' id='word_1_283' title='bbox 1167 2947 1280 2983; x_wconf 86' lang='lat' dir='ltr'>verba</span> <span class='ocrx_word' id='word_1_284' title='bbox 1303 2946 1410 2982; x_wconf 85' lang='lat' dir='ltr'>haec:</span> <span class='ocrx_word' id='word_1_285' title='bbox 1438 2947 1623 2993; x_wconf 87' lang='lat' dir='ltr'>„Domnus</span> <span class='ocrx_word' id='word_1_286' title='bbox 1646 2956 1743 2992; x_wconf 83' lang='lat' dir='ltr'>papa</span> <span class='ocrx_word' id='word_1_287' title='bbox 1768 2945 1951 2982; x_wconf 82' lang='lat' dir='ltr'>Calixtus“</span> 
     </span>
     <span class='ocr_line' id='line_1_36' title="bbox 405 3005 1840 3052; baseline 0 -11"><span class='ocrx_word' id='word_1_288' title='bbox 405 3017 428 3041; x_wconf 89' lang='lat' dir='ltr'>a</span> <span class='ocrx_word' id='word_1_289' title='bbox 451 3006 547 3042; x_wconf 87' lang='lat' dir='ltr'>veris</span> <span class='ocrx_word' id='word_1_290' title='bbox 572 3016 746 3052; x_wconf 85' lang='lat' dir='ltr'>paparum</span> <span class='ocrx_word' id='word_1_291' title='bbox 773 3006 935 3052; x_wconf 83' lang='lat' dir='ltr'>epistolis</span> <span class='ocrx_word' id='word_1_292' title='bbox 959 3006 1168 3052; x_wconf 82' lang='lat' dir='ltr'>longissime</span> <span class='ocrx_word' id='word_1_293' title='bbox 1192 3005 1335 3043; x_wconf 87' lang='lat' dir='ltr'>absunt.</span> <span class='ocrx_word' id='word_1_294' title='bbox 1454 3007 1489 3041; x_wconf 82' lang='lat'>2.</span> <span class='ocrx_word' id='word_1_295' title='bbox 1513 3006 1559 3042; x_wconf 93' lang='lat' dir='ltr'>V.</span> <span class='ocrx_word' id='word_1_296' title='bbox 1584 3006 1691 3042; x_wconf 86' lang='lat' dir='ltr'>Prov.</span> <span class='ocrx_word' id='word_1_297' title='bbox 1710 3006 1766 3051; x_wconf 85' lang='lat'>19,</span> <span class='ocrx_word' id='word_1_298' title='bbox 1784 3006 1840 3042; x_wconf 81' lang='lat'>17.</span> 
     </span>
    </p>
   </div>
  </div>
 </body>
</html>
