2028 3438
732 253 956 286 nmmum
987 253 1146 286 comzx
1697 244 1727 288 5

138 360 261 408 «κύω
292 366 333 407 et
359 359 577 407 nonnullis
608 363 897 421 einyularibue
930 377 1109 421 quoque,
1149 377 1329 420 quorum
1357 365 1405 406 in
1436 365 1725 409 adnotationi-

139 423 241 485 'b‘ue
252 442 407 504 meret-io
427 441 530 506 fiet,
563 442 817 486 adiumentis
847 450 981 495 utens,
1015 443 1074 485 ad
1100 456 1350 499 qermanam
1379 456 1502 485 euam
1531 446 1723 501 speciem,

137 502 301 595 quoad
309 519 416 585 fieri
434 521 594 583 potuit,
627 528 824 564 revocata
855 535 903 563 ea
935 521 1077 580 omnia
1110 521 1249 578 operie
1276 530 1546 565 monumenta
1559 537 1725 579 propo-

138 599 259 653 cui,
275 612 384 656 quae
413 612 597 655 pror8u8
627 599 854 656 repetenda
886 613 970 642 esse
999 598 1263 642 videbantur.
1326 599 1429 642 Non
1461 601 1572 642 enim
1600 601 1725 644 modo

141 690 241 720 ,που
262 690 370 734 opus
401 690 488 719 ease
517 677 592 719 sed
618 691 672 719 ne
693 676 818 720 licere
838 677 1008 733 quidem
1028 676 1287 730 arbitrabar,
1322 678 1567 734 depromere
1589 679 1725 735 quod-

145 764 310 821 casuque
339 753 581 798 tabularum
611 755 664 797 ab
703 754 925 808 Udalrico,
965 763 1013 797 ut
1042 763 1139 798 ante
1168 770 1212 812 p.
1237 755 1268 798 2
1298 757 1435 812 tetiqi,
1467 756 1727 813 neyliyenter

139 833 359 900 'praveque
391 841 671 890 exceptarum.
721 832 810 877 Sed
829 835 884 876 ize
907 842 1069 876 tantwm
1089 833 1244 876 tabulis
1267 836 1509 891 assumptie,
1544 848 1727 891 quarum

146 910 338 971 ωεπῳῖα
366 925 498 954 manu
528 913 689 968 scripta
718 926 931 968 nuequam
962 911 1070 954 alibi
1099 920 1356 974 comparent,
1391 912 1552 955 exclusi
1570 921 1726 955 ceterae

144 1004 241 1045 una
258 1003 360 1035 ,oum
388 989 606 1032 nonnullis
624 989 835 1045 formulis
867 1005 918 1032 ea·
949 990 1098 1032 ordine
1120 989 1315 1033 Romano
1339 998 1376 1033 et
1396 991 1571 1034 decretis
1593 990 1725 1047 Reyi-

144 1068 271 1111 nonio
300 1067 551 1111 Bwrokardi
579 1067 726 1110 Ivonie
763 1069 948 1124 arreptis
986 1076 1113 1124 atque
1150 1070 1302 1124 paueie
1333 1068 1520 1125 epistolia
1553 1069 1728 1112 aliunde

141 1136 404 1190 vommdiw
435 1146 746 1202 coynoecendie.

155 1216 160 1231 ²
236 1221 420 1290 Capita
441 1233 592 1278 autem,
625 1239 805 1282 quorum
826 1224 1007 1267 editione
1026 1224 1294 1281 supersederi
1313 1226 1514 1282 oportuit,
1537 1225 1613 1268 hoo
1636 1225 1724 1268 loco

141 1287 208 1375 sio
238 1296 605 1346 commemoranda
636 1303 762 1355 dumi,
801 1310 849 1345 ut
877 1303 1088 1359 reperias,
1130 1317 1262 1345 unum
1294 1304 1490 1360 quodque
1519 1304 1725 1360 seriptum

145 1396 193 1438 m
223 1380 376 1439 quibus
407 1382 599 1424 codicum
617 1380 748 1437 folii-3
779 1380 996 1433 habeatur,
1031 1394 1114 1437 quo
1145 1395 1318 1423 numero
1350 1383 1397 1423 in
1417 1381 1609 1424 Eooardi
1635 1383 1724 1424 edi-

142 1460 258 1503 tione
287 1467 478 1504 notatum
507 1461 563 1503 eit
595 1458 675 1512 (ad
705 1459 816 1502 huno
846 1459 1039 1501 modum.-
1070 1457 1108 1501 E
1125 1458 1169 1514 4,
1191 1458 1226 1501 E
1246 1459 1273 1501 6
1298 1468 1369 1502 eet.
1371 1458 1408 1512 ),
1445 1473 1527 1516 quo
1548 1461 1595 1502 in
1617 1459 1725 1503 libro

141 1538 328 1595 denique
357 1538 540 1580 eimdem
572 1539 725 1595 eapitie
754 1537 821 1579 vel
851 1537 1087 1594 exemplum
1119 1538 1307 1595 ememplo
1350 1536 1608 1580 Udalrioano
1639 1552 1726 1580 me-

148 1608 241 1659 lius*
261 1617 366 1659 insit
394 1615 461 1659 vel
480 1616 754 1673 archetypum
774 1623 1024 1658 memoretur
1045 1616 1103 1658 ad
1122 1616 1171 1657 id
1191 1623 1351 1672 tempu8
1375 1624 1556 1659 eaetans.
1608 1615 1728 1670 Quae

148 1686 318 1752 quidem
349 1686 605 1737 enumeratio
638 1695 820 1751 tempori
850 1695 1139 1737 convenienter
1169 1694 1378 1751 disposita
1409 1694 1509 1736 haee
1542 1702 1622 1736 eet.-

239 1833 416 1879 Fon-mata
438 1841 596 1888 epistola
620 1841 805 1879 Nicaenae
830 1840 974 1888 synodi.
1012 1841 1048 1878 V
1063 1841 1130 1887 6v,
1156 1841 1183 1876 Ζ
1208 1852 1243 1887 p.
1260 1841 1305 1877 12
1323 1851 1377 1887 sq.
1402 1861 1446 1866 —
1520 1841 1663 1887 Regino
1680 1841 1727 1877 de

147 1906 387 1956 synodalibus
412 1907 535 1945 causis
550 1907 569 1943 I
593 1918 624 1944 e.
638 1908 721 1954 449,
747 1907 870 1943 Ivonis
895 1907 993 1943 deor.
1003 1906 1056 1943 VI
1080 1917 1112 1942 e.
1126 1907 1209 1952 433,
1235 1907 1387 1943 Roziere
1405 1907 1556 1943 Reeueil
1577 1907 1728 1953 general

147 1964 214 2011 des
237 1971 413 2016 fol-mules
437 1973 481 2009 T.
498 1972 535 2010 11
556 1983 594 2019 p
612 1973 682 2008 909
707 1984 743 2008 ιι.
762 1973 843 2009 643.
1623 1973 1671 2020 (Ε
1688 1973 1726 2018 4)

244 2038 466 2086 „Exemplar
488 2037 669 2074 libertatis
694 2038 741 2074 de
765 2038 913 2084 proprio
940 2037 1069 2074 servo“
1075 2038 1151 2075 ,V
1166 2039 1234 2074 7-
1239 2016 1304 2084 7v,
1332 2038 1359 2074 Z
1379 2039 1435 2084 14,
1461 2037 1490 2074 C
1507 2039 1617 2074 3v-
1626 2039 1661 2074 4.
1681 2058 1725 2064 -

147 2099 351 2154 Burehardi
375 2104 474 2141 decr.
499 2105 542 2141 L
559 2104 595 2140 II
620 2114 651 2139 e.
668 2105 734 2151 303
761 2102 807 2139 ef.
826 2104 979 2140 Roziere
1004 2103 1195 2140 Formules
1221 2104 1265 2139 T.
1284 2104 1300 2139 I
1324 2115 1360 2150 p.
1379 2104 1424 2139 91
1451 2115 1487 2140 n.
1506 2105 1564 2140 66.
1626 2105 1671 2148 (Ε
1689 2104 1727 2148 6)

230 2164 477 2218 „Deci-etum,
507 2169 606 2216 quod
631 2170 751 2206 clerus
775 2172 814 2206 et
836 2170 994 2216 populus
1018 2168 1164 2206 firmare
1190 2168 1301 2206 debet
1326 2169 1373 2205 de
1397 2170 1515 2205 eleeto
1540 2170 1726 2216 episeopo,

147 2230 337 2284 sumptum
368 2247 415 2273 ex
445 2235 573 2273 ordine
599 2235 801 2272 Romano“.
834 2236 868 2272 V
884 2236 950 2281 7v,
976 2235 1002 2270 Ζ
1022 2235 1078 2280 14,
1105 2235 1134 2272 Ο
1150 2235 1185 2271 4.
1213 2255 1257 2260 —
1331 2235 1429 2271 Ordo
1454 2235 1642 2271 Romanus
1666 2245 1725 2281 ap.

147 2301 297 2349 Hittorp
322 2301 378 2339 De
403 2301 538 2338 divinis
563 2300 693 2338 officiis
717 2312 754 2348 p.
773 2302 839 2348 953
872 2300 917 2337 cf.
936 2300 1089 2336 Roziere
1114 2300 1263 2336 Reeueil
1288 2300 1437 2346 general
1461 2300 1528 2336 des
1552 2299 1727 2337 formules

148 2367 193 2404 T.
210 2367 246 2404 11
270 2379 306 2415 p.
322 2369 391 2404 611
416 2379 452 2404 n.
466 2368 548 2404 512.
1628 2367 1673 2410 (Ε
1691 2367 1727 2411 7)

246 2433 436 2481 „Epistola
459 2432 663 2470 notatoria“
693 2433 919 2477 (vocatoria).
955 2433 987 2468 V
1002 2433 1022 2468 7
1032 2443 1067 2477 V,
1095 2432 1120 2467 Z
1141 2432 1196 2467 15.
1224 2451 1266 2456 ——
1343 2430 1440 2467 Ordo
1457 2431 1646 2468 Romanus
1667 2443 1726 2478 ap.

148 2499 298 2546 Hittorp
322 2499 379 2536 De
404 2499 539 2535 divinis
563 2497 694 2535 officiis
718 2509 755 2545 p.
773 2499 838 2545 963
872 2497 918 2534 ef.
937 2498 1089 2534 Roziere
1114 2497 1262 2532 Reeueil
1287 2497 1436 2542 general
1461 2498 1528 2533 des
1552 2497 1727 2534 foi-mules

149 2563 194 2602 T.
210 2564 247 2601 11
269 2577 307 2612 p.
326 2565 394 2602 637
420 2577 455 2601 n.
471 2566 554 2602 522.
1595 2564 1641 2605 (Ε
1659 2564 1679 2599 7
1690 2566 1726 2607 a)

245 2641 276 2666 e.
291 2631 373 2676 648,
392 2629 597 2677 sigibertus
613 2632 649 2667 11
664 2641 731 2667 rex
747 2630 962 2666 Austrasiae
980 2627 1198 2665 coenobium
1211 2627 1626 2675 Casegonguindinense
1643 2638 1727 2665 con-

78 2727 81 2729 .
149 2694 282 2734 firmat.
321 2696 378 2732 Ex
403 2696 484 2733 eod.
502 2697 688 2743 quondam
714 2695 936 2741 stabulensi,
963 2694 1070 2730 hodie
1095 2694 1291 2740 Bamberg.
1309 2695 1340 2730 E
1362 2695 1415 2730 111
1434 2696 1453 2730 1
1479 2694 1504 2730 f.
1522 2695 1589 2731 129
1615 2705 1727 2730 manu

150 2772 248 2799 saee.
266 2761 336 2798 IX:
363 2761 396 2798 V
415 2763 613 2809 2lv-22‚
638 2763 665 2798 Z
690 2774 726 2808 p.
744 2762 803 2808 44,
829 2761 856 2797 O
877 2761 933 2796 13.
961 2780 1005 2785 —-
1078 2760 1242 2796 Martene
1267 2760 1410 2797 0011.11
1428 2762 1462 2796 6.
1603 2760 1648 2803 (Ε
1664 2760 1726 2804 46)

246 2829 327 2875 651,
353 2827 558 2875 sigibertus
575 2828 610 2864 II
635 2838 700 2864 rex
716 2826 932 2863 Austrasiae
957 2826 1180 2862 monasteria
1196 2825 1414 2862 stabulense
1440 2828 1478 2862 et
1500 2825 1726 2861 Malmunda-

150 2894 270 2930 riense
295 2896 520 2930 muneratur.
560 2893 618 2929 Ex
643 2893 724 2929 cod.
743 2891 940 2936 Bamberg.
959 2891 990 2926 E
1013 2891 1105 2927 1111
1131 2890 1158 2927 f.
1174 2893 1242 2927 112
1268 2902 1379 2928 manu
1404 2901 1500 2927 saec.
1518 2891 1590 2927 IX:
1617 2891 1651 2927 V
1668 2891 1726 2936 22,

152 2959 179 2997 Z
202 2971 239 3006 p.
257 2959 425 3005 44-45,
452 2958 480 2995 C
500 2959 700 2995 13—13v.
728 2978 771 2983 -—
846 2957 1010 2993 Martene
1036 2956 1124 2993 con.
1142 2957 1178 2993 11
1196 2958 1262 2993 7-
1273 2957 1307 2993 9.
1603 2956 1648 2999 (E
1664 2956 1727 3000 47)

249 3025 319 3062 666
344 3024 445 3070 Sept.
465 3025 506 3070 6,
531 3024 737 3060 Hilderieus
763 3023 796 3058 Il
829 3032 894 3058 rex
918 3022 1134 3058 Austrasiae
1159 3022 1337 3058 coenobio
1363 3021 1571 3058 stabulensi
1597 3021 1726 3058 silvam
