2028 3438
537 269 760 301 umnmm
788 269 961 301 oonnx.
1008 267 1090 303 222.
1107 267 1178 302 223
1556 256 1643 300 395

72 376 450 426 mvc>inwiolabile
482 380 765 434 «permaneat,
796 376 904 420 hanc
944 379 1104 420 cartam
1142 376 1241 420 inde
1281 376 1565 433 conscriptam
1603 379 1645 420 et
1667 386 1870 422 1111-1125

70 463 209 502 manus
214 455 405 514 ipropria
425 455 736 498 corroboratam
759 454 1040 512 impressione
1060 455 1195 498 nostri
1216 453 1359 509 sigilli,
1391 457 1440 497 ut
1467 457 1645 511 apparet

70 533 263 593 inferius,
293 532 495 593 iussimus
524 531 733 588 insigniri.

75 647 199 722 223.
214 645 550 733 Βαηιόενρρηερε
572 690 666 718 cum
665 632 889 718 Ηρίηνέοο
908 675 949 719 V
963 677 1217 732 imperatore
1244 676 1428 718 iniurias
1460 691 1488 716 a
1516 675 1645 716 mini-

187 754 465 825 πρηέαῑοόαε
493 755 580 796 eius
611 754 696 796 sibi
723 754 868 799 illatas
901 758 1168 810 queruntur¹.
1465 751 1517 805 (E
1541 750 1645 805 315)

104 889 107 894 ,
153 812 471 891 Serenissimo
503 841 674 885 domino
706 854 781 884 suo
812 840 1045 895 H(einrico)
1083 841 1333 899 imperatori
1369 840 1504 884 cesari
1536 853 1646 884 sem·
1670 850 1776 885 1111-
1781 849 1874 885 1125

70 919 186 983 pei-⁵
205 923 383 975 augusto
407 919 770 974 Babenbergensis
803 919 993 974 ecclesia,
1025 919 1200 976 speciali
1231 918 1412 975 quadam
1443 917 1646 962 fidelitate

73 997 157 1059 ,sibi
174 993 355 1060 *semper
385 997 557 1054 suisque
585 997 920 1041 antecessoribus
941 997 1149 1053 devincta,
1179 996 1303 1040 fidele
1325 1000 1367 1040 et
1386 995 1537 1040 stabile
1558 1009 1647 1039 ser-

73 1076 228 1133 vicium
259 1089 355 1120 cum
386 1076 549 1121 devotis
577 1075 850 1120 orationibus.

182 1152 365 1217 >Gratias
397 1167 522 1210 agere
561 1154 729 1198 divinae
759 1153 941 1197 bonitati
971 1166 1058 1196 non
1095 1152 1360 1208 desistimus,
1399 1165 1483 1208 qua
1512 1151 1646 1209 inspi-

73 1222 219 1293 rante„
242 1231 466 1291 clementia
485 1235 651 1276 vestrae
673 1231 973 1275 dominationis
996 1255 1052 1260 --
1074 1244 1191 1274 more
1223 1234 1266 1274 et
1287 1230 1479 1287 exemplo
1511 1230 1646 1287 patris

72 1310 207 1369 vestri
226 1304 462 1369 ,piissimae
482 1310 713 1354 memoriae
734 1334 788 1339 —-
812 1323 889 1352 nos
922 1312 965 1352 et
994 1309 1134 1352 locum
1164 1312 1357 1352 nostrum
1382 1308 1562 1363 benigno
1583 1308 1646 1351 fa-

70 1401 188 1445 v‚vore
207 1391 250 1433 et
280 1388 401 1445 quasi
432 1387 638 1443 singulari
670 1387 851 1444 quodam
883 1386 1035 1431 affectu
1065 1387 1267 1430 hactenus
1296 1386 1469 1441 dignata
1498 1390 1561 1430 est
1580 1400 1647 1430 re-

74 1466 239 1526 spicere
269 1469 318 1510 et
341 1466 575 1522 confovere.
697 1465 818 1509 Unde
849 1465 975 1509 solita
1009 1466 1166 1522 pietate
1198 1468 1339 1508 vestra
1369 1463 1533 1520 confisi,
1576 1464 1647 1508 de-

76 1544 345 1605 spoliat-izei:
372 1544 637 1588 inmoderata
659 1557 799 1588 rerum
831 1530 1072 1586 nostrarum
1104 1543 1393 1587 devastatione
1424 1556 1532 1600 pene
1561 1542 1646 1586 iam

76 1622 279 1678 desolati,
316 1622 493 1678 genibus
523 1626 690 1666 vestrae
721 1622 1098 1665 commiserationis
1131 1634 1225 1664 cum
1255 1621 1443 1664 lacrimis
1476 1625 1518 1664 et
1548 1634 1649 1676 que—

76 1700 176 1745 relis
207 1701 462 1758 pernimium
494 1700 743 1744 necessariis
774 1700 1076 1757 provolvimur.
1136 1699 1182 1742 Si
1214 1699 1313 1755 quid
1346 1699 1456 1742 enim
1491 1699 1543 1742 ab
1574 1698 1649 1742 ho-

77 1779 209 1823 stium
233 1778 487 1824 inmanitate
516 1778 781 1835 relinquitur,
813 1778 893 1822 hoc
923 1781 1059 1821 totum
1083 1791 1107 1821 a
1128 1777 1278 1822 vestris
1301 1776 1649 1827 ministerialibus

68 1856 330 1915 'quibusdam
361 1857 516 1914 ubique
547 1857 805 1912 devastatur,
837 1856 1074 1912 ubicunque
1105 1859 1296 1913 possunt,
1334 1856 1425 1899 sine
1455 1857 1651 1912 respectu

71 1935 159 1981 :Dei
189 1934 257 1983 vel
277 1935 421 1979 vestri.
472 1934 657 1986 Quorum
690 1934 753 1978 illi
784 1934 967 1990 quidem,
1001 1934 1073 1991 qui
1101 1934 1214 1991 apud
1234 1934 1501 1977 Hamerstein
1528 1947 1651 1990 prae-

78 2013 238 2069 sident,
270 2016 369 2062 ‚octo
401 2012 599 2057 carradas
632 2013 719 2056 vini
754 2012 875 2057 nobis
910 2013 990 2056 hoc
1022 2025 1130 2056 anno
1170 2011 1446 2055 abstulerunt.
1501 2010 1651 2054 Oleum

78 2093 234 2154 antem,
258 2090 393 2149 quod‘¹
413 2090 468 2134 ad
489 2090 853 2148 quadragesimale
872 2094 1040 2148 tempus
1062 2090 1311 2148 deputatum
1332 2089 1454 2134 nobis
1475 2089 1614 2133 fuerat
1623 2096 1649 2145 ⁰,

75 2169 153 2227 M„
183 2182 285 2217 cum
310 2171 480 2227 praeter
511 2182 607 2212 eum
639 2169 894 2224 deferretur,
931 2182 983 2212 ex
1014 2171 1104 2212 toto
1135 2168 1383 2225 praeripuit.
1438 2167 1569 2211 Porro
1601 2167 1649 2211 R.

80 2260 174 2301 cum
208 2247 296 2294 suis
328 2246 602 2305 complicibus
635 2247 778 2290 omnia
806 2250 952 2291 nostra
984 2260 1085 2290 suae
1117 2246 1260 2290 domui
1291 2246 1489 2301 contigua
1518 2260 1651 2302 usque

79 2325 135 2373 ad
174 2324 478 2380 desolationem
519 2325 768 2368 devastavit.
824 2324 934 2368 Ecce
974 2324 1116 2380 qualia
1157 2337 1234 2368 nos
1275 2324 1405 2367 vestri
1445 2338 1469 2367 a
1499 2323 1651 2367 vestris

80 2403 280 2462 patimur.
395 2401 479 2447 Sed
501 2402 562 2446 et‘
583 2403 742 2447 adhucs
763 2403 910 2460 peiora
931 2416 1139 2457 veremur,
1174 2402 1257 2446 nisi
1279 2402 1393 2446 Deus
1423 2405 1464 2446 et
1485 2405 1651 2446 vestrae

80 2481 279 2525 iussionis
312 2481 539 2524 auctoritas
562 2481 804 2537 quantotius
827 2481 1049 2524 subvenire
1071 2480 1278 2535 dignetur.
1392 2480 1483 2524 Rex
1503 2495 1651 2536 regum

81 2562 124 2604 ot
155 2558 351 2604 dominus
380 2558 688 2603 dominantium
710 2560 840 2603 vitam
864 2562 906 2603 et
926 2559 1126 2602 honorem
1150 2562 1351 2613 vestrum,
1384 2559 1651 2603 serenissime

80 2635 263 2692 domine,
295 2639 423 2694 prout
443 2637 604 2694 expetit
631 2637 860 2681 necessitas
885 2637 1014 2681 totius
1043 2636 1227 2694 imperii,
1250 2635 1502 2694 prolongare
1526 2640 1651 2693 atque

81 2727 330 2759 conservare
361 2714 569 2771 dignetur.

175 2842 202 2864 a.
235 2843 273 2864 ex
294 2834 322 2864 V
339 2835 418 2871 133,
449 2834 477 2864 Z
499 2844 530 2875 p.
547 2835 630 2872 293,
662 2833 687 2866 C
706 2835 789 2871 42v,
816 2835 847 2864 B
869 2835 944 2865 34v.
1050 2834 1080 2864 b.
1112 2844 1169 2865 om.
1189 2833 1250 2865 CB.
1349 2843 1374 2865 c.
1408 2834 1564 2874 dispoliati
1589 2834 1652 2865 CB.

82 2887 114 2918 d.
147 2886 228 2928 quod
249 2897 306 2918 om.
324 2887 382 2918 VZ.
508 2898 534 2919 e.
567 2888 656 2919 nobis
678 2888 777 2918 fuerat
799 2897 855 2918 om.
875 2887 962 2918 CVZ.
1098 2887 1119 2918 f.
1152 2889 1183 2918 et
1203 2898 1259 2919 om.
1279 2888 1337 2919 VZ.
1474 2897 1502 2927 g.
1534 2889 1593 2919 huc
1620 2888 1651 2920 C.
