2028 3438
403 259 488 301 784
761 271 998 302 nnnnonm
1028 271 1267 303 mALOGth.
1315 272 1402 302 mn.
1424 271 1458 302 11
1488 269 1545 303 36.
1563 269 1608 303 37

286 386 378 422 1124
401 379 491 419 tum
524 376 722 432 prebente
752 377 1045 421 necessarium.
1094 377 1139 420 In
1161 377 1353 420 omnibus
1377 377 1488 420 enim
1509 377 1636 420 victui
1667 379 1810 423 nostro
1841 389 1953 422 com—

403 453 640 509 petentibus
670 453 864 498 liberales
894 455 1014 498 nobis
1047 455 1276 498 extiterunt
1297 458 1339 497 et
1364 453 1556 507 humani;
1589 457 1795 510 optantes,
1825 454 1954 508 nusi

401 529 492 573 fieri
531 534 694 586 posset,
733 545 944 587 nunquam
985 545 1009 574 a
1039 545 1084 574 se
1123 530 1426 574 divelleremur.
1563 530 1777 575 Ordinatis
1812 533 1953 575 autem

401 606 488 650 illic
509 607 714 662 omnibus,
747 622 826 663 que
847 608 941 650 rudi
962 607 1133 651 ecclesie
1164 607 1383 664 profutura
1403 607 1691 663 credebantur,
1709 610 1954 653 *exstructa-

404 697 483 738 que
514 684 686 727 basilica
715 684 906 739 diligenti
937 684 1110 728 artificio
1149 684 1193 726 in
1224 684 1361 727 medio
1392 684 1480 727 foro
1514 684 1741 730 Stetinensi
1771 683 1954 728 collatis-

404 774 483 816 que
514 761 719 816 omnibus,
753 775 831 817 que
862 761 1131 805 sacerdotalis
1162 760 1288 804 officii
1318 762 1424 804 ratio
1456 761 1665 817 poscebat,
1697 761 1769 817 qui
1799 760 1963 818 populo-

403 841 602 893 preesset,
635 838 742 881 sicut
774 838 927 893 ubique
957 838 1150 893 faciebat,
1182 837 1437 881 sacerdotem
1470 838 1669 882 investire
1699 838 1871 882 curavit.

522 916 590 957 37.
631 914 860 958 Iulinenses
883 918 1035 970 autem,
1068 915 1262 971 episcopo
1285 918 1326 958 et
1346 914 1465 958 nobis
1493 915 1796 970 ignorantibus,
1828 928 1953 971 quos-

404 991 498 1034 dam
531 991 719 1035 homines
751 995 894 1035 cautos
927 997 968 1035 et
998 1005 1148 1046 gnaros
1171 991 1375 1035 Stetinam
1398 992 1610 1046 miserant,
1643 991 1953 1049 exploraturos'

403 1069 550 1111 tacite:
591 1068 788 1124 quidnam
822 1069 907 1112 illic
938 1082 1175 1123 ageremus,
1212 1069 1248 1111 si
1281 1069 1332 1112 ab
1364 1069 1423 1112 eis
1454 1069 1734 1125 reciperemur
1765 1081 1818 1113 an
1848 1081 1953 1122 non;

404 1149 445 1188 et
476 1146 546 1200 qui
577 1158 720 1189 omnes
752 1147 841 1188 vias
873 1150 1037 1188 nostras
1078 1149 1119 1188 et
1149 1146 1288 1188 studia
1317 1148 1461 1188 nostra
1491 1145 1712 1200 diligenter
1742 1145 1954 1202 conspice-

403 1225 497 1265 rent
527 1226 652 1277 atque
683 1223 898 1266 referrent.
946 1222 1004 1265 At
1034 1222 1096 1265 illi
1127 1222 1212 1277 ubi,
1243 1222 1385 1265 habita
1417 1222 1703 1279 exploratione
1724 1222 1954 1277 diligentis-

404 1299 531 1353 sima,
573 1299 701 1342 nichil
740 1300 970 1356 imposture
1002 1303 1074 1342 aut
1104 1299 1188 1342 doli
1220 1300 1330 1342 circa
1360 1313 1434 1342 nos
1470 1299 1719 1342 invenerunt
1757 1302 1800 1343 et
1829 1298 1955 1344 Steti-

403 1389 551 1420 nenses
583 1376 682 1419 licet
710 1376 829 1419 tarde
867 1375 990 1419 fidem
1028 1380 1168 1420 tamen
1200 1377 1454 1419 unanimiter
1484 1376 1716 1433 suscepisse
1747 1375 1954 1432 viderunt,

403 1453 561 1496 reversi
593 1453 644 1495 ad
677 1466 793 1507 suOS,
831 1467 947 1496 more
979 1453 1261 1510 apostolorum
1293 1453 1359 1496 vel
1390 1453 1762 1508 euangelistarum,
1802 1453 1955 1510 pagani

403 1530 593 1586 paganis,
626 1529 746 1572 nobis
779 1530 1033 1585 absentibus,
1065 1534 1222 1585 quanta
1241 1530 1352 1573 bona
1371 1530 1575 1574 vidissent
1603 1533 1646 1573 et
1669 1530 1883 1574 audissent
1914 1533 1955 1574 et

404 1620 529 1662 quam
561 1607 681 1661 bona,
715 1620 838 1662 quam
870 1607 1027 1650 munda
1055 1611 1165 1651 esset
1185 1606 1286 1650 fides
1319 1611 1359 1651 et
1380 1607 1570 1651 doctrina
1589 1607 1830 1662 christiana,
1860 1621 1955 1664 pre-

404 1684 542 1727 dicare
573 1697 657 1726 non
678 1684 908 1727 cessabant.
956 1684 1196 1739 Eorumque
1218 1684 1355 1728 verbis
1386 1684 1587 1740 paulatim
1618 1683 1954 1739 scintillantibus,

405 1761 523 1816 quasi
555 1761 846 1804 arundinetum
880 1764 967 1803 tota
998 1761 1146 1803 civitas
1177 1761 1414 1815 incanduit3
1454 1765 1495 1804 et
1532 1761 1616 1804 iam
1654 1761 1795 1805 tedere
1830 1764 1954 1817 atque

404 1838 574 1881 horrere
611 1851 737 1894 super
775 1838 860 1880 suis
900 1837 1306 1881 abhominationibus
1345 1852 1502 1893 suaque
1533 1837 1658 1894 ydola
1698 1842 1739 1881 et
1777 1851 1953 1894 erroreS,

405 1915 553 1970 quibus
584 1915 761 1958 involuti
790 1914 1051 1969 tenebantur,
1086 1916 1272 1958 execrari
1303 1919 1513 1971 ceperunt.

522 1992 755 2048 Episcopus
794 1995 953 2046 autem,
995 1996 1182 2035 tenorem
1221 1993 1333 2048 pacti
1347 1990 1369 2047 ¹,
1410 2006 1490 2047 quo
1532 1992 1584 2035 ab
1616 1993 1676 2035 eis
1711 1995 1953 2046 recesserat,

403 2072 543 2112 mente
573 2069 743 2124 habens,
777 2068 987 2123 cogitabat
1019 2069 1186 2123 quidem
1218 2069 1358 2112 statim
1391 2073 1488 2125 post
1518 2069 1827 2113 conversionem
1860 2067 1953 2112 Ste-

403 2146 489 2189 tine
521 2146 574 2189 ad
606 2159 674 2189 eos
707 2159 952 2202 properare3
994 2146 1066 2189 sed
1106 2150 1275 2200 rogatus
1308 2149 1372 2189 est
1402 2146 1482 2188 duo
1522 2146 1639 2202 prius
1676 2146 1856 2189 invisere
1886 2158 1954 2189 ea-

403 2222 537 2277 stella,
571 2220 832 2266 Gradiciam²
863 2222 1057 2265 videlicet
1087 2227 1129 2265 et
1159 2222 1389 2276 Lubinum3
1428 2236 1506 2277 que
1536 2223 1581 2265 in
1611 2221 1787 2265 confinio
1819 2222 1954 2279 posita

403 2299 455 2342 ad
487 2313 638 2355 pagum
672 2299 938 2355 pertinebant
959 2299 1250 2342 Stetinensem.
1343 2299 1402 2342 At
1421 2299 1491 2342 ubi
1516 2299 1703 2343 homines
1723 2299 1799 2354 illi,
1831 2298 1954 2342 velud

405 2376 522 2419 arida
559 2376 733 2419 imbrem
767 2376 912 2419 sitiens
945 2376 1071 2419 verba
1103 2376 1307 2430 euangelii
1346 2376 1638 2432 suscipientes,
1679 2375 1776 2419 fidei
1815 2388 1952 2419 sacra—

404 2454 555 2495 mentis
587 2453 737 2496 imbuti
768 2456 877 2507 sunt,
911 2429 1123 2495 eristructo
1145 2452 1267 2496 altari
1293 2456 1335 2496 et
1355 2452 1610 2496 sanctificato
1642 2466 1717 2508 per
1737 2451 1952 2495 castellum

404 2533 627 2585 utrumque
658 2533 783 2585 atque
814 2529 1017 2572 ordinatis
1048 2529 1135 2571 illic
1156 2529 1452 2584 sacerdotibuS,
1484 2543 1559 2585 per
1587 2529 1769 2572 Odoram
1799 2528 1952 2572 flumen

404 2606 446 2647 in
486 2603 624 2649 mare³
661 2607 782 2662 lapsi,
830 2609 952 2649 vento
999 2606 1161 2649 meliori
1208 2606 1260 2648 ad
1298 2606 1429 2649 Iuline
1471 2606 1613 2648 littora
1649 2605 1950 2660 navigavimus.

405 2681 567 2732 Quanto
613 2686 753 2725 autem
793 2682 1061 2725 exultationis
1103 2683 1286 2738 tripudio
1331 2682 1417 2725 illic
1462 2683 1620 2739 recepti
1664 2682 1866 2725 fuerimus
1911 2684 1953 2724 et

405 2765 561 2812 quanta
591 2758 826 2802 humilitate
856 2759 1023 2802 illorum
1056 2762 1098 2802 et
1126 2759 1409 2802 satisfactione
1447 2759 1606 2814 priores
1643 2759 1817 2801 iniurias
1849 2757 1951 2800 obli-

502 2884 527 2904 a.
561 2875 749 2913 explorantes
772 2876 811 2912 N,
836 2876 1042 2914 exploraturos
1064 2877 1102 2912 B,
1126 2876 1305 2914 exploraturi
1329 2876 1366 2906 R.

501 2939 531 2972 1.
558 2938 603 2973 V.
629 2948 708 2982 cap.
728 2939 772 2973 25
805 2949 914 2983 supra
938 2950 973 2983 p.
994 2940 1072 2974 770.
1252 2941 1284 2973 2.
1318 2938 1428 2983 Garz,
1464 2949 1486 2973 a
1509 2938 1641 2974 Stcttin
1674 2938 1720 2972 ad
1753 2936 1949 2972 meridiem.

404 2997 437 3031 3.
471 2996 536 3031 das
562 2996 655 3030 11aff.
