2028 3438
289 409 381 445 1102

267 457 341 488 Dec.
356 458 393 487 21

267 723 340 754 Dec.
356 724 394 754 25

419 282 507 325 830
803 294 1041 327 HERBORDI
1070 296 1311 328 numetis.
1355 298 1443 329 mn.
1465 297 1517 328 m
1544 296 1604 336 38.

417 412 512 442 rum
543 411 670 456 super
699 412 746 444 se
774 401 1031 457 provisorem
1064 402 1253 459 accipere
1282 406 1554 447 mererentur.
1650 402 1829 455 ·’Quos
1815 407 1861 448 r'n
1890 404 1970 447 mi-

418 475 646 520 sericordia
689 479 732 520 et
771 477 949 521 veritate
995 491 1160 522 summa
1197 479 1396 523 divinitas
1434 483 1476 524 et
1513 480 1659 524 beatus
1696 479 1969 559 archangelus

418 553 672 608 exaudissess
702 554 794 610 ipse
824 568 963 598 rerum
995 555 1189 611 probavit
1219 559 1403 599 eventus.

534 629 641 673 Nam
679 633 721 674 et
750 630 879 693 legati
910 632 1081 675 ecclesie
1113 632 1164 676 ab
1194 632 1469 689 imperatoria
1499 633 1717 678 maiestate
1746 633 1969 677 honorabi-

416 705 513 749 liter
543 708 725 763 suscepti
756 712 854 751 sunt
883 712 925 752 et
947 709 1104 765 optime
1131 709 1182 752 de
1201 710 1373 764 negocio
1397 723 1472 753 suo
1501 710 1698 767 expediti.
1736 709 1970 768 Imperator

417 784 572 827 etenim
612 784 755 828 accitis
792 785 872 828 eis:
914 785 1125 839 Quantam
1154 786 1291 842 inquit
1319 788 1639 831 sollicitudinem
1665 802 1859 845 yet-amus
1885 802 1967 845 pro

417 862 584 904 ecclesia
622 870 778 916 vestra,
819 863 915 905 hinc
954 864 1165 906 advertere
1202 866 1396 920 potestis:
1440 865 1553 920 quod
1587 879 1674 908 non
1711 873 1869 908 temere>
1894 873 1970 908 mit

415 938 549 981 subito
580 947 776 981 rectorem
806 940 921 982 vobis
943 941 1234 983 destinandum
1261 943 1514 996 putavimus,
1546 943 1620 984 sed
1637 943 1772 998 παρὰ
1792 941 1966 985 comilio

416 1024 453 1059 et
483 1017 790 1069 deliberatione,
823 1032 942 1060 mora
973 1019 1169 1074 temporis
1201 1026 1239 1060 et
1257 1032 1359 1060 cura
1380 1019 1599 1075 diliyenter
1619 1019 1837 1075 exquisita.
1877 1018 1968 1062 Neo

414 1096 566 1136 mirum
605 1109 716 1136 sane.
771 1093 813 1135 A
852 1095 1007 1137 nostris
1045 1096 1154 1136 enim
1189 1097 1397 1150 promimis
1434 1111 1485 1138 ae
1516 1095 1875 1152 proqenitom'lme,
1920 1103 1968 1138 ut

413 1172 556 1222 nostis,
590 1171 759 1213 eeclesia
779 1171 856 1213 illa
874 1171 1080 1226 fundata,
1099 1173 1264 1227 prediis
1286 1188 1337 1214 ao
1351 1172 1697 1228 possessionibus,
1717 1171 1908 1228 feodatis
1929 1180 1968 1215 et

414 1248 779 1300 ministerialibus,
818 1256 855 1290 et
885 1249 1069 1290 omnium
1097 1263 1237 1290 rerum
1267 1249 1483 1304 affluentia
1513 1250 1646 1292 ditata
1677 1257 1716 1292 et
1742 1249 1966 1292 sublimata

415 1332 483 1366 est.
530 1324 589 1366 Et
619 1326 733 1380 quod
761 1325 813 1366 de
842 1325 940 1367 aliis
971 1325 1149 1367 ecelesiis
1181 1326 1316 1368 dicere
1345 1340 1430 1368 non
1458 1340 1692 1382 possumus,
1725 1326 1797 1369 hee
1824 1328 1966 1369 ommia

412 1400 482 1442 illi
509 1401 646 1454 adhuc
676 1403 839 1457 intem-a
868 1410 1036 1444 manent
1057 1410 1095 1444 et
1114 1410 1367 1445 conservata.
1413 1402 1554 1456 Quare
1579 1405 1627 1445 in
1654 1403 1778 1446 talem
1797 1404 1966 1446 domum

408 1478 635 1533 providum
665 1487 704 1521 et
732 1493 923 1534 sayacem
954 1487 992 1521 et
1019 1494 1160 1521 rerum
1189 1488 1528 1533 conservatorem,
1565 1495 1651 1523 non
1679 1494 1847 1533 vanwm,
1878 1494 1964 1523 non

411 1556 634 1610 superbum
663 1557 852 1598 convenit
880 1557 1103 1598 intromitti
1129 1564 1338 1599 rectorem.
1400 1556 1516 1599 Unde
1545 1556 1654 1599 alias
1684 1571 1769 1600 non
1794 1558 1862 1600 ita.>
1877 1556 1962 1600 eol-

412 1631 519 1673 liciti
534 1631 718 1687 fuimus,
750 1633 823 1674 sed
852 1634 931 1675 cito
964 1641 1002 1674 et
1031 1632 1185 1688 absque
1215 1634 1493 1689 trepidatione
1510 1633 1710 1688 fecimus,
1743 1635 1858 1690 quod
1879 1634 1961 1689 fa—

411 1709 602 1750 ciendum
647 1717 746 1751 erat.
883 1707 1069 1763 Cumque
1106 1709 1171 1751 his
1210 1712 1252 1751 et
1289 1708 1526 1751 huiusmodi
1564 1709 1702 1752 verbis
1742 1708 1960 1752 consilium

411 1797 533 1827 suum
571 1784 720 1839 legatis
752 1784 881 1828 semel
912 1787 954 1827 et
982 1785 1134 1828 iterum
1166 1785 1477 1828 commendaret
1505 1785 1754 1841 imperator,
1793 1786 1961 1842 quidam
2005 1790 2008 1792 ’

411 1873 462 1904 ex
494 1861 574 1915 eis,
613 1864 829 1917 tamquam
859 1861 1040 1917 pertesib
1071 1861 1284 1917 dilatione,
1314 1862 1487 1905 ubinam
1517 1861 1584 1904 vel
1615 1862 1805 1917 quisnam
1837 1866 1959 1918 esset,

410 1938 686 1981 sciscitantur.
747 1938 981 1995 Imperator
1018 1952 1136 1982 vero:
1175 1940 1246 1982 En
1282 1938 1419 1993 inquit
1456 1947 1595 1995 presto
1632 1948 1714 1990 e8t‚·
1753 1943 1796 1983 et
1833 1952 1961 1983 manu

411 2014 616 2071 arripiens
655 2014 850 2058 Ottonem
894 2015 1156 2071 capellanum
1195 2029 1316 2059 suum
1355 2039 1410 2044 --
1450 2018 1541 2058 erat
1577 2018 1719 2060 autem
1758 2015 1960 2071 elegantis

407 2104 586 2147 persone
617 2104 665 2134 ac
688 2092 808 2135 bonis
830 2092 1001 2135 indutus
1022 2092 1221 2147 vestibus,
1252 2095 1426 2135 tonsura
1447 2092 1585 2135 forma
1613 2094 1783 2148 totoque
1813 2092 1960 2136 habitu

407 2168 520 2211 intus
553 2171 595 2211 et
625 2169 808 2211 exterius
839 2168 1036 2212 clericum
1067 2169 1281 2224 preferens
1303 2183 1379 2211 —:
1410 2170 1481 2212 En
1511 2168 1648 2224 inquit
1667 2170 1735 2212 hic
1757 2178 1828 2213 eet.
1873 2169 1959 2212 Hic

408 2254 466 2288 est
496 2247 688 2288 dominus
718 2255 861 2298 vester,
894 2247 962 2288 hic
990 2255 1049 2288 est
1067 2247 1423 2302 Babenberyensis
1445 2246 1607 2289 ecclesie
1627 2248 1809 2289 antistes.
1850 2245 1958 2289 Con-

407 2322 583 2364 sternati
621 2322 674 2364 ad
704 2321 849 2364 horam
880 2321 943 2364 illi
974 2335 1066 2365 sese
1095 2322 1274 2366 invicem
1305 2321 1556 2378 respiciunt⁷
1594 2322 1795 2378 illumque
1827 2322 1957 2366 oculis

407 2397 577 2440 deiectis
609 2402 780 2440 sumunt
811 2402 853 2441 et
875 2401 1135 2451 resumunt03
1169 2398 1322 2453 aliique
1342 2397 1502 2441 nobiles
1523 2398 1854 2454 circumstantes,
1885 2399 1957 2454 qui

408 2477 480 2516 aut
517 2474 598 2517 sibi
634 2478 706 2517 aut
737 2476 823 2518 suis
854 2475 1096 2531 cupiebant,
1134 2478 1239 2517 nutu
1271 2488 1319 2518 ac
1349 2474 1616 2518 musitatione
1646 2475 1805 2530 legatos
1836 2475 1956 2531 quasi

408 2550 461 2592 ad
490 2551 860 2595 contradictionem
881 2551 1150 2606 instigabant.
1193 2551 1342 2606 Legati
1362 2554 1502 2594 autem
1523 2551 1761 2595 subtristes:
1795 2552 1954 2609 Spera-

407 2628 550 2670 bamus
580 2628 776 2683 inquiunt
805 2629 987 2684 aliquem
1017 2643 1067 2671 eoe
1097 2630 1277 2671 dominis
1308 2644 1358 2671 ac
1381 2629 1650 2685 principibus
1678 2630 1792 2671 curie
1810 2637 1952 2681 vestre,

402 2713 669 2759 parentatum
699 2720 748 2747 ae
777 2705 896 2747 nobis
926 2713 1082 2758 notum,
1115 2707 1414 2748 dominatorem
1442 2719 1517 2747 nos
1541 2714 1793 2761 accepturos.
1838 2704 1955 2747 Nam

405 2780 533 2833 huno,
573 2783 667 2837 quis
698 2783 752 2824 sit
782 2790 856 2823 aut
884 2783 994 2823 unde
1022 2783 1097 2834 sit,
1129 2783 1384 2838 iquoramus.
1432 2781 1663 2837 Imperator
1693 2783 1855 2835 autem,
1887 2793 1953 2823 re-

404 2855 693 2911 probationem
733 2870 909 2913 persone
945 2857 1048 2900 haut
1084 2858 1314 2901 sustinens:
1354 2859 1413 2901 Et
1446 2859 1569 2900 vultis
1600 2857 1661 2900 ait
1689 2860 1817 2911 scire,
1857 2859 1952 2913 quis

404 2932 486 2975 sit?
611 2933 807 2975 Volumus
838 2933 1043 2988 inquiunt.
1164 2935 1361 2990 Profecto
1393 2933 1452 2976 ait
1483 2950 1555 2991 eqo
1579 2943 1707 2991 pater
1737 2935 1823 2977 eius
1843 2948 1948 2986 sum,

496 3033 523 3054 a.
553 3024 610 3055 sic.
731 3026 762 3056 b.
792 3027 906 3064 protasi
928 3027 969 3063 N,
991 3027 1105 3065 pertesi
1126 3027 1164 3057 R.
1289 3036 1314 3057 c.
1347 3027 1468 3057 sumunt
1489 3028 1520 3056 et
1540 3027 1697 3058 resumunt
1719 3026 1759 3057 N.
