2028 3438
373 251 460 294 236
885 262 1107 294 nmmum
1136 263 1312 295 connx:
1354 261 1422 294 124
1437 308 1439 310 Ι

256 379 347 414 1105
373 370 624 414 hominibus.
678 369 860 421 Quorum
893 369 979 412 ³alii
1024 372 1146 413 extra
1190 369 1336 413 urbem
1382 383 1458 426 per
1502 382 1672 412 manum
1705 369 1930 426 ,quondam

264 428 290 458 N
292 437 339 458 ov.

216 1151 291 1181 Nov.
307 1152 345 1181 18

215 1304 291 1334 Nov.
308 1305 345 1334 19

217 1458 291 1487 Nov.
307 1459 346 1488 20

216 1612 292 1642 Nov.
308 1613 346 1642 26

372 447 531 502 regiam
562 447 627 490 ius
659 447 749 490 sive
781 446 980 490 salarium
1012 447 1122 490 sedis
1155 446 1409 503 apostolicae
1429 447 1686 502 invaserant,
1717 446 1788 490 alii
1807 446 1931 492 *intra

372 524 532 579 urbem,
566 537 613 567 eo
636 524 746 580 quod
767 524 906 566 curiae
926 527 1095 566 nostrae
1117 536 1292 566 munera
1313 523 1400 566 sive
1426 523 1758 567 familiaritatem
1775 522 1932 568 habere

372 614 455 644 non
487 604 703 657 poterant,
743 601 878 643 Deum
920 604 962 643 et
992 601 1070 644 Dei
1109 600 1234 644 fidem
1273 600 1524 657 posthabere
1561 598 1928 647 deliberaverant&

372 677 542 721 Talibus
572 678 706 720 vsociis
745 677 966 733 presbyter
1006 677 1175 732 quidam
1190 675 1212 731 ¹,
1257 677 1470 720 Romanae
1507 677 1623 720 urbis
1661 677 1848 734 advena,
1885 688 1931 722 se

372 755 607 808 coniunxit3
642 755 692 797 de
724 767 818 809 que,
852 754 916 797 vel
946 754 1016 797 ubi
1041 754 1104 797 vel
1134 768 1159 797 a
1181 754 1330 809 quibus
1362 755 1577 798 ordinatus
1606 755 1675 811 sit,
1706 754 1930 799 haetenus&

372 833 627 887 ignoramus.
680 831 800 874 Hanc
831 844 1054 887 personam
1087 831 1318 886 egregiam,
1354 832 1672 886 nigromanticis
1702 831 1932 876 urdicitm·

372 909 611 965 praestigiis
642 908 811 965 plenam
841 933 895 938 —
927 921 1021 951 eum
1060 907 1203 952 fideles
1235 909 1368 952 nostri
1405 909 1622 953 occasione
1649 905 1822 965 treugae
1843 909 1931 953 -Dei

373 985 424 1029 ab
457 986 585 1028 armis
617 986 785 1028 omnino
818 986 1068 1028 desisterent
1095 1010 1147 1015 —
1183 986 1228 1028 in
1257 985 1584 1030 Lateranensem
1618 986 1836 1030 ecelesiam
1865 986 1931 1030 in-

373 1063 584 1106 duxerunt
614 1066 668 1117 et,
700 1063 962 1117 congregatis
992 1062 1251 1106 Wibertinae
1281 1063 1383 1106 fecis
1414 1063 1639 1129 reliquiis‘z,
1668 1063 1714 1106 in
1745 1064 1931 1153 episcopi

372 1154 525 1183 nomen
557 1139 904 1196 pernitiosissime
935 1137 1193 1183 illever.unt²

490 1216 577 1258 Nos
609 1216 720 1259 enim
750 1220 851 1260 tunc
880 1217 1082 1273 temporis
1114 1220 1286 1274 propter
1307 1217 1560 1274 apostolicae
1590 1218 1789 1262 basilicae
1815 1218 1931 1262 dedi-

374 1293 593 1348 cationem,
627 1307 750 1348 quam
785 1294 851 1337 die
881 1291 1096 1350 proximo³
1127 1295 1172 1337 in
1204 1298 1410 1338 conventu
1446 1295 1715 1339 celeberrimo
1745 1295 1931 1353 per'Dei

372 1371 553 1425 gratiam
584 1384 894 1427 peregeramus,
927 1369 1084 1414 adhuc⁴
1115 1372 1159 1414 in
1188 1372 1298 1415 beati
1320 1371 1433 1415 Petri
1455 1373 1619 1429 porticu
1650 1373 1929 1416 morabamur.

374 1447 479 1490 Cum
509 1461 607 1490 vero
639 1448 752 1490 intra
783 1448 927 1491 urbem
959 1449 1026 1491 die
1058 1449 1187 1492 altero
1224 1450 1498 1505 redissemus,
1540 1453 1774 1493 monstrum
1811 1450 1929 1506 illud,

373 1525 553 1581 turpiter
585 1539 636 1567 ex
668 1525 769 1568 urbe
800 1525 1056 1581 profugiens,
1090 1539 1170 1581 quo
1201 1527 1430 1582 transierit,
1462 1527 1716 1582 ignoramus.

493 1601 607 1644 Haec
639 1606 777 1644 autem
811 1603 951 1645 omnia
981 1603 1237 1646 fraternitati
1270 1607 1431 1647 vestrae
1463 1604 1645 1647 breviter
1682 1604 1929 1661 indicamus,

372 1679 426 1722 ne
455 1679 500 1721 in
532 1679 676 1722 auditu
708 1678 854 1721 talium
887 1680 1209 1735 praestigiorum
1241 1680 1326 1722 ullo
1358 1681 1480 1723 modo
1512 1681 1779 1738 decipiamini
1810 1685 1882 1725 aut
1906 1696 1931 1726 a

372 1759 486 1799 statu
507 1759 646 1799 vestro
678 1757 942 1799 moveamini.
990 1757 1075 1799 Nos
1098 1757 1209 1800 enim
1241 1771 1316 1814 per
1338 1757 1415 1801 Dei
1437 1758 1615 1812 gratiam
1643 1758 1756 1802 intra
1785 1758 1928 1803 urbem

373 1833 544 1876 honeste
575 1836 745 1889 tuteque
783 1834 1069 1890 persistimus,
1112 1838 1153 1877 et
1183 1836 1227 1877 in
1258 1835 1336 1878 hac
1365 1835 1489 1879 turba
1522 1836 1731 1879 neminem
1761 1839 1943 1880 nostrae·

373 1911 584 1953 societatis
624 1911 853 1953 amisimus.
907 1911 1051 1966 Neque
1083 1912 1191 1954 enim
1225 1911 1360 1969 Moysi
1403 1913 1603 1970 populum
1642 1907 1763 1957 suum
1794 1913 1930 1957 Chore

374 1991 415 2031 et
450 1987 615 2030 Datand
656 1992 697 2031 et
734 1987 908 2044 Abyron
947 1989 1096 2032 seditio
1143 1987 1349 2044 abstulit⁵,
1391 1994 1463 2032 aut
1509 1989 1749 2034 excellentis
1791 1990 1930 2045 angeli

373 2065 590 2122 superbia,
639 2066 710 2120 qui
750 2065 839 2108 Deo
882 2079 958 2122 par
1000 2079 1091 2108 esse
1134 2066 1284 2121 voluit,
1333 2067 1411 2110 Dei
1457 2068 1718 2111 maiestatem
1763 2068 1927 2111 minuit.

372 2142 507 2199 Ipsius
538 2156 611 2185 vos
642 2143 839 2186 maiestas
870 2143 914 2185 in
946 2143 1138 2186 omnibus
1159 2147 1353 2200 protegat
1384 2147 1425 2187 et
1444 2144 1605 2188 leonem
1629 2158 1677 2189 ac
1704 2145 1927 2189 draconem

371 2219 548 2263 feliciter
568 2217 834 2263 conculcare⁶
864 2220 1074 2264 concedat.
1118 2221 1272 2264 Datum
1293 2221 1513 2265 Lateranis
1536 2223 1561 2264 6
1583 2222 1676 2266 Kal.
1699 2222 1925 2266 Octobris⁸.

466 2359 493 2379 a.
526 2349 767 2379 deliberaverunt
789 2350 819 2379 V.
984 2350 1014 2380 b.
1045 2351 1093 2380 vel
1120 2351 1171 2380 ubi
1198 2351 1245 2380 vel
1274 2361 1291 2381 a
1316 2352 1424 2390 quibus
1451 2352 1596 2382 hactenus
1625 2353 1780 2383 ordinatus
1808 2353 1849 2383 sit
1870 2353 1928 2384 VZ.

373 2412 399 2432 c.
432 2403 578 2441 relliquiis
601 2403 630 2433 11
756 2403 785 2432 d.
817 2403 937 2432 Dathan
959 2403 992 2432 Z.
1118 2414 1142 2433 e.
1176 2404 1221 2434 sic
1236 2414 1406 2443 perperam
1429 2404 1513 2435 codd.
1530 2405 1582 2435 VZ
1592 2415 1656 2445 pro
1680 2406 1865 2436 Decembris.

468 2485 499 2518 1.
526 2482 746 2528 Maginulfus
771 2483 958 2526 (Silvester
973 2484 1025 2519 III
1051 2485 1249 2530 antipapa).
1350 2487 1383 2520 2.
1410 2485 1468 2521 die
1495 2487 1538 2521 18
1562 2486 1656 2522 Nov.
1676 2486 1779 2531 1105,
1804 2497 1839 2521 v.
1858 2486 1926 2521 Re-

372 2544 479 2587 gesta
503 2545 601 2587 pont.
620 2543 723 2577 Rom.
750 2553 785 2587 p.
805 2543 885 2578 520.
1006 2543 1039 2578 3.
1066 2544 1248 2588 sequenti,
1275 2544 1333 2579 die
1358 2544 1556 2590 dominico,
1585 2546 1628 2580 19
1652 2545 1744 2581 Nov.
1790 2545 1926 2588 (Proxi-

373 2611 454 2635 mus
488 2601 583 2636 enim
617 2601 694 2636 dies
725 2604 808 2636 ante
836 2602 880 2636 18
905 2601 995 2636 Nov.
1022 2600 1091 2636 fuit
1115 2602 1193 2637 dies
1210 2603 1380 2647 Veneris,
1415 2614 1486 2647 quo
1518 2604 1752 2640 eeclesiarum
1782 2604 1926 2640 dedica-

372 2660 491 2695 tiones
522 2659 599 2695 fieri
631 2670 702 2695 non
734 2659 931 2702 solebant).
1048 2661 1083 2695 4.
1116 2661 1186 2696 iam
1221 2662 1316 2696 enim
1349 2661 1407 2696 die
1435 2662 1477 2696 14
1502 2663 1593 2698 Nov.
1617 2663 1707 2698 1106
1734 2663 1858 2709 „apud
1888 2662 1924 2698 b.

372 2718 470 2752 Petri
494 2718 694 2763 porticum“
722 2717 834 2753 fuisse
859 2718 1068 2753 Paschalem
1095 2719 1247 2766 scimus,
1279 2731 1314 2755 v.
1338 2720 1498 2765 Regesta
1520 2725 1620 2765 pont.
1639 2722 1741 2757 Rom.
1767 2733 1802 2757 n.
1818 2722 1924 2757 4513.

375 2777 407 2811 5.
434 2777 540 2812 Num.
560 2777 614 2821 16,
638 2778 655 2811 1
675 2787 753 2822 squ.
874 2778 906 2812 6.
932 2777 990 2812 Ps.
1009 2778 1066 2823 90,
1087 2778 1142 2812 13.
