2028 3438
600 241 825 274 nmmum
851 240 1025 273 connx.
1053 237 1129 273 ar.
1147 238 1195 272 38
1630 226 1685 269 77

113 348 257 394 derint
267 347 565 406 praegravarig
589 349 823 393 certissime
844 348 1039 402 scientes,
1060 346 1177 390 nullo
1198 346 1324 389 modo
1343 345 1530 401 graciam
1553 346 1688 389 sancti

114 423 311 485 Spiritu&
329 426 537 472 fidelibus
554 426 812 482 defutura-m,
850 426 887 469 si
916 425 962 468 in
993 425 1217 468 sanctitate
1231 426 1292 468 :et
1319 423 1490 467 iusticia
1520 422 1689 467 restite-

111 503 202 548 rint
222 500 472 549 *iniusticiae
498 503 633 562 usque
655 503 715 555 ad
745 503 1087 562 perseverantiae
1119 515 1332 546 coronam.
1389 521 1391 523 ·

120 582 164 623 ,ἐπ’
221 580 481 627 &metuunt
505 585 726 640 praeterea
751 594 805 626 ex
825 581 1001 638 antiqua
1031 579 1456 638 patrumtradicione
1479 579 1522 622 et
1541 581 1690 621 auten-

111 659 207 704 nco
230 655 472 717 priscorum
511 660 785 704 conciliorum
820 658 1096 703 rectitudine:
1137 660 1184 700 ut
1219 657 1297 700 hec
1328 657 1471 700 omnia
1499 656 1690 699 Romano

111 731 324 795 pontiflci-²
353 738 543 782 seriatim
572 738 727 782 litteris
758 738 920 780 inserta
949 735 1223 789 nuncientur3
1256 737 1317 790 ut,
1350 734 1470 778 cuius
1491 733 1690 777 mandato

114 814 358 864 evhomtu
388 819 515 874 cepta
541 819 586 859 et
614 815 804 873 perfecta
819 818 935 870 sunt,
968 815 1059 858 eius
1079 812 1312 871 apostolica
1342 812 1594 856 auctoritate
1622 824 1692 855 ro·

113 889 525 948 bwtffiifirmssentun
558 897 601 937 et
621 892 902 950 omnipotenti
921 891 1027 947 Deo,
1060 891 1131 948 qui
1154 891 1341 934 omnium
1363 890 1571 934 bonorum
1593 902 1692 933 auc-

112 974 181 1015 tor
210 974 295 1027 est,
326 970 485 1015 Romae
515 975 559 1015 et
588 970 851 1027 Moguntiae,
890 973 933 1014 et
962 969 1200 1026 ubicunque
1232 972 1443 1031 terrarum
1473 967 1551 1011 hec
1581 967 1691 1010 lecta

112 1048 366 1095 vcl'ssndita
387 1046 579 1105 fuerint,
619 1049 785 1093 debitae
823 1048 1055 1104 gratiarum
1097 1047 1283 1090 actiones
1321 1045 1436 1089 fideli
1467 1045 1691 1089 devotione

114 1122 344 1179 sonantur.
573 1143 575 1145 ¹

232 1204 344 1249 Acta
366 1201 473 1249 'sunt
502 1208 644 1248 autem
675 1205 752 1249 hec
784 1204 896 1261 apud
927 1203 1209 1259 Moguntiam,
1250 1201 1519 1258 metropolim
1552 1201 1689 1245 orien-

113 1278 225 1327 talis?
242 1279 473 1339 1716116186,-
509 1296 619 1326 anno
659 1266 711 1326 al)
750 1281 1039 1326 incarnatione
1074 1280 1248 1324 Domini
1282 1280 1419 1335 1071,
1460 1279 1691 1322 indictione

113 1363 276 1417 octav&
307 1361 364 1404 18
386 1358 480 1405 Kal.
500 1357 786 1418 Septembris²
807 1363 1012 1415 regnante
1035 1358 1304 1402 serenissimo
1326 1357 1560 1411 H(einrico)
1590 1370 1690 1412 rege

113 1437 258 1482 huius-³
275 1438 464 1482 nominis*
499 1441 671 1495 quarm,
711 1451 820 1481 anno
859 1437 980 1493 regni
1019 1437 1109 1480 eius
1144 1432 1237 1491 13³,
1279 1434 1558 1479 ordinationis
1589 1447 1689 1478 vero

114 1516 301 1561 eiusdem
337 1517 407 1572 17,
447 1516 560 1574 apud
597 1515 859 1572 Moguntiam
896 1529 996 1560 vero
1036 1514 1308 1573 praesulante
1346 1512 1689 1557 reverentissimo

112 1593 297 1652 primate
315 1593 552 1650 Sflgifrido)
575 1607 685 1637 anno
707 1594 984 1638 ordinationis
1007 1594 1096 1637 eius
1122 1594 1190 1648 12,
1223 1606 1351 1649 super
1374 1591 1517 1635 omnia
1548 1594 1689 1634 autem

111 1676 316 1729 regnante
346 1670 518 1715 domino
549 1675 694 1715 nostro
725 1671 819 1716 Iesu
850 1671 1042 1727 Christo,
1083 1671 1150 1715 cui
1189 1684 1275 1714 non
1307 1669 1468 1713 accedit
1499 1682 1593 1713 cras
1623 1669 1690 1712 fu-

110 1753 257 1795 turum
285 1762 364 1794 nec
391 1749 553 1794 recedit
581 1749 673 1793 heri
703 1750 996 1807 praeteritum,
1030 1749 1103 1793 sed
1134 1750 1356 1806 permanet
1382 1747 1689 1804 sempiternum

111 1828 238 1873 hodie
259 1828 311 1872 in
343 1826 485 1872 secula
514 1827 763 1872 seculorum.
811 1827 963 1872 Amen.

116 1970 199 2019 38.
214 1972 472 2030 Siyifriduc
498 1972 529 2015 I
553 1972 894 2030 archiepiscopus
926 1972 1204 2029 Moyuntinus
1237 1969 1487 2012 Aleoeandro
1518 1969 1576 2011 II
1604 1985 1686 2026 pa-

229 2060 315 2108 pae
344 2051 396 2093 de
425 2051 587 2107 synodo
619 2051 867 2107 Moquntiae
897 2050 1041 2093 habita
1070 2049 1210 2104 refert.
1268 2048 1429 2104 Royat‚
1462 2056 1511 2090 ut
1542 2056 1688 2090 contra

239 2127 479 2185 Thurinqoe
510 2128 673 2171 amilio
705 2129 788 2171 sibi
816 2130 904 2171 siff.
1507 2123 1558 2177 (E
1584 2123 1687 2178 124)

155 2231 158 2234 ’
214 2216 587 2261 -Reverentissimo
627 2218 740 2274 patri
781 2220 823 2261 et
861 2216 1126 2260 sanctissimo
1162 2214 1327 2272 primae
1358 2214 1470 2258 sedis
1504 2213 1686 2257 antistiti

113 2293 392 2350 Assexandro)
432 2294 690 2351 S(igifridus)
729 2293 1026 2350 Moguntinaeb
1064 2293 1304 2350 speculator
1341 2292 1542 2336 ecclesiae
1589 2305 1685 2335 cum

113 2372 315 2417 fratribus
346 2375 390 2417 et
418 2373 680 2431 coepiscopis
719 2373 806 2416 suis
848 2372 1032 2417 debitam
1072 2374 1120 2414 ut
1150 2383 1315 2414 summo
1347 2369 1556 2414 sacerdoti
1588 2369 1686 2413 sub-

114 2450 335 2495 iectionem
370 2454 434 2494 et⁰
465 2450 655 2495 sedulam
686 2454 735 2494 ut
764 2453 883 2494 tanto
914 2450 1025 2507 patri
1058 2449 1336 2492 devotionem.

185 2550 189 2554 ·
236 2527 404 2572 Gratias
436 2529 600 2584 agimus
632 2528 802 2572 domino
833 2528 923 2572 Deo
961 2526 1261 2583 omnipotenti,
1301 2526 1374 2582 qui
1413 2525 1467 2568 ad
1506 2524 1687 2568 salutem

117 2605 352 2659 animarum
385 2606 514 2662 elegit
541 2606 822 2650 sacerdotium
845 2608 1032 2649 vestrum
1064 2608 1106 2648 et
1134 2604 1180 2647 in
1204 2603 1410 2647 kathedra
1429 2602 1546 2646 Petri
1567 2602 1687 2646 vobis

115 2683 294 2728 tradidit
322 2683 461 2728 claves
491 2684 611 2739 regni
642 2683 877 2739 caelorum,
917 2683 1071 2739 quique
1112 2695 1240 2739 super
1275 2681 1386 2725 hanc
1423 2683 1589 2738 petram
1626 2679 1688 2723 ita

117 2760 344 2806 edifficavit
374 2761 594 2806 ecclesiam
619 2775 753 2817 suam,
785 2765 832 2805 ut
863 2764 1010 2817 portae
1040 2759 1165 2803 inferi
1195 2773 1280 2803 non
1311 2758 1584 2816 praevaleant
1615 2756 1687 2801 ad-

211 2902 238 2923 n.
270 2902 308 2923 ex
333 2893 360 2924 V
376 2894 536 2930 ‹so—51,
565 2893 593 2924 Z
614 2903 646 2933 p.
663 2893 809 2923 81—83.
943 2892 972 2921 b.
1005 2890 1138 2922 Motinae
1156 2891 1186 2922 V.
1320 2900 1346 2921 6.
1379 2891 1410 2920 et
1437 2905 1467 2910 —
1495 2889 1687 2919 devotionem

117 2954 175 2978 σοι.
196 2946 228 2977 V.

216 3004 248 3039 1.
274 3002 485 3040 Alexandro
502 3004 548 3040 11.
652 3005 685 3040 2.
711 3006 749 3039 et
773 3002 890 3038 tribus
914 3001 1152 3047 sequentibus
1178 3001 1320 3037 diebus.
1418 3003 1451 3037 3.
1478 3001 1551 3038 imo
1579 3001 1635 3037 15.

1734 354 1825 390 1071

1709 403 1787 441 Aug.
1801 403 1839 434 18

1713 2220 1805 2255 1071

1719 2270 1796 2307 Aug.
