2028 3438
398 259 486 303 522
744 256 754 271 ‘
776 274 1024 306 nmsronffl
1054 275 1424 308 BAMBERGENSES.
1471 274 1528 309 27.
1545 275 1591 308 28

234 385 327 420 1123
399 378 550 423 domno
582 379 777 436 Oddone,
814 383 953 425 vestro
984 381 1153 435 intimo,
1191 381 1335 426 divina
1364 382 1627 428 ordinatione
1655 383 1835 429 factam*
1862 387 1951 430 tam

173 434 245 464 ante
260 433 330 464 Mai.
338 434 378 465 28

277 1703 296 1738 1
302 1703 370 1738 133

271 1752 334 1782 Iun.
352 1752 370 1782 8

399 460 501 513 aput
530 457 811 514 inperatorem
844 472 968 514 quam
1001 458 1111 514 apud
1141 458 1340 502 domnum
1360 458 1650 515 Mogontinum
1674 461 1951 519 archiepisco-

397 530 522 590 pum¹
554 539 692 578 vestra
721 535 938 579 nobiscum
969 535 1013 578 in
1043 534 1223 578 Domino
1256 536 1423 580 studere
1454 534 1648 592 dignetur
1677 537 1898 596 sapientia.

515 610 645 655 Porro
677 612 767 668 ipse
799 612 975 655 domnus
1003 611 1270 666 Mogontinus
1301 616 1488 657 nostram
1518 627 1596 671 pro
1625 627 1674 658 eo
1698 614 1950 670 legationem

397 690 439 731 et
482 689 756 745 presentiam,
802 689 935 745 ipsius
975 688 1102 732 etiam
1141 703 1364 745 personam
1410 690 1635 735 clementer
1674 692 1858 749 suscepit
1893 695 1949 748 et,

397 765 532 808 ductis
563 779 703 809 secum
736 765 789 808 ad
821 765 1019 808 domnum
1051 766 1332 822 inperatorem
1361 767 1508 823 legatis
1529 769 1699 824 nostris,
1729 768 1951 814 consilium

397 855 518 884 suum
549 845 592 886 et
610 843 796 886 favorem
820 843 1044 897 benignum
1066 844 1186 887 nobis
1207 843 1388 887 Domino
1416 849 1690 902 prosperante
1716 845 1947 903 promisit&

397 918 605 974 Ceterum,
639 933 663 962 a
694 919 809 963 curia
839 933 1006 963 reverso
1038 933 1114 963 nos
1145 920 1225 964 sibi
1253 920 1542 966 Selikenvelde
1572 936 1648 979 pro
1677 922 1948 979 intelligendo

395 999 563 1039 nostrae
593 996 812 1053 peticionis
843 995 925 1040 fine
957 996 984 1039 5
1008 997 1217 1041 Kalendas
1238 997 1346 1041 Iunii
1378 999 1544 1043 obviam
1575 1000 1716 1045 venire
1747 1000 1947 1058 precepit.

396 1072 484 1123 Quo
500 1076 683 1117 vestram
704 1073 952 1128 legationem
977 1087 1071 1117 cum
1092 1074 1244 1118 litteris
1266 1078 1308 1119 et
1326 1075 1488 1120 idoneis
1507 1077 1669 1121 nunciis
1684 1077 1729 1121 in
1745 1077 1949 1123 auxilium

394 1154 583 1193 nostrum
605 1150 743 1206 dirigi,
776 1164 871 1194 cum
897 1151 1051 1215 ¹intima
1071 1151 1290 1196 devotione
1311 1155 1353 1197 et
1372 1154 1506 1197 nostri
1529 1157 1722 1211 respectu
1752 1167 1948 1210 rogamus

395 1240 573 1271 sermon.
1840 1240 1841 1245 ’

396 1370 477 1417 28.
513 1370 780 1414 Innocentius
802 1371 859 1413 II
879 1387 1012 1429 papa,
1046 1372 1250 1415 Lochario
1272 1372 1355 1415 III
1377 1374 1628 1430 imperatore
1648 1373 1788 1430 facto,
1818 1375 1947 1419 imer-

512 1449 627 1501 dicit,
659 1463 710 1491 ne
739 1451 786 1491 in
815 1464 942 1505 reqno
970 1449 1222 1493 Theutonico
1254 1452 1330 1507 qui
1348 1451 1406 1493 ad
1426 1452 1714 1508 episcoporum
1733 1452 1948 1505 abbatum-

513 1542 591 1583 que
611 1541 784 1569 munera
805 1528 966 1569 admoti
983 1529 1079 1579 sint,
1102 1528 1308 1583 reqalium
1327 1530 1577 1585 imperatore
1595 1543 1681 1572 non
1704 1529 1947 1587 compellato

506 1606 762 1660 potiantur⁰.

514 1725 702 1736 .......
742 1691 1067 1748 m(ultipl)iciter
1105 1692 1320 1747 ecclesiam
1362 1692 1480 1737 filiali
1520 1692 1736 1738 affectione
1774 1694 1948 1750 diligere

395 1773 437 1813 et
468 1783 559 1814 eam
592 1783 616 1813 a
646 1783 872 1826 pravorum
901 1769 1117 1812 hominum
1145 1770 1411 1814 infestatione
1437 1784 1479 1814 m
1496 1803 1507 1814 .
1523 1804 1533 1814 .
1552 1803 1562 1814 .
1582 1804 1592 1814 .
1611 1804 1622 1814 .
1640 1804 1651 1815 .
1669 1805 1680 1815 .
1699 1805 1709 1815 .
1728 1804 1740 1815 .
1758 1804 1768 1815 .
1787 1805 1798 1815 .
1817 1803 1828 1815 .
1846 1804 1856 1815 .
1875 1796 1886 1816 a
1905 1805 1915 1816 .
1934 1804 1945 1816 .

394 1879 849 1891 ................
883 1847 969 1900 (ad)
1003 1846 1254 1903 apostolicae
1277 1848 1386 1892 sedis
1414 1847 1739 1893 sollicitudinem
1758 1852 1948 1906 spectare

394 1924 676 1979 cognoscitur,
716 1927 763 1966 ut
794 1924 846 1967 ad
878 1924 1174 1967 exaltationem
1205 1925 1324 1979 regni
1355 1928 1397 1968 et
1427 1926 1618 1970 decorem
1655 1926 1822 1983 imperii
1851 1926 1946 1970 dili-
1990 1953 2006 1967 .

394 2005 539 2056 genter
569 2001 821 2055 invigfflare)
855 2035 865 2044 .
885 2034 895 2044 .
915 2035 954 2044 ..
987 2002 1031 2044 in
1063 2034 1311 2046 .........
1345 2003 1548 2058 (r)obore,
1583 2006 1831 2060 cooperante
1860 2003 1947 2047 Do-

394 2079 529 2133 mino,
568 2081 734 2133 satagat
769 2079 990 2122 custodire.
1113 2078 1305 2123 Ceterum
1344 2093 1548 2136 personae
1585 2083 1682 2124 tuae
1717 2079 1946 2137 probabilis

393 2156 438 2198 in
475 2154 556 2199 fide
594 2155 800 2199 catholica
834 2155 1012 2199 firmitas
1050 2159 1093 2200 et
1131 2170 1401 2213 perseverans
1439 2157 1483 2200 in
1522 2156 1634 2211 (Dei)
1673 2169 1814 2200 amore
1849 2169 1946 2201 con-

395 2233 555 2276 stancia
576 2236 762 2276 sanctam
785 2233 1002 2288 ecclesiam
1019 2233 1247 2276 Romanam
1270 2247 1317 2276 eo
1339 2234 1473 2288 magis
1494 2234 1574 2277 sibi
1594 2234 1693 2278 fecit
1707 2234 1944 2290 obnoxiam,

395 2324 475 2366 quo
507 2313 549 2353 te
579 2310 832 2366 ferventius,
872 2324 897 2353 a
925 2310 1061 2365 longis
1092 2314 1203 2354 retro
1244 2311 1503 2367 temporibus
1542 2310 1738 2367 operibus
1775 2311 1944 2367 pietatis

393 2387 710 2442 insist(entem),
742 2390 904 2430 tantum
937 2387 1122 2431 laborem
1154 2401 1229 2444 pro
1261 2387 1592 2430 scismaticorum
1624 2388 1873 2432 contritione
1904 2392 1946 2432 et

393 2465 639 2508 liberatione
669 2463 854 2507 fidelium
886 2465 1145 2508 evidentibus
1166 2464 1331 2507 indiciis
1354 2465 1629 2521 assumpsisse
1650 2466 1942 2522 conspicimus.

512 2541 602 2584 Hac
629 2542 770 2597 itaque
791 2542 953 2584 ratione
983 2541 1143 2585 inducti
1176 2541 1235 2594 (et
1256 2542 1323 2595 ex)
1356 2542 1649 2585 sublimatione
1668 2545 1743 2586 tua
1761 2542 1944 2586 fructum

394 2618 625 2661 maximum
671 2621 887 2675 sperantes
930 2619 1158 2662 catholicae
1200 2618 1397 2672 ecclesiae
1435 2622 1478 2662 et
1519 2619 1745 2662 christiano
1788 2619 1943 2677 populo

394 2699 707 2752 proventurum,
745 2697 911 2750 cognita
940 2696 1117 2739 fratrum
1147 2699 1382 2739 nostrorum
1416 2696 1705 2752 episcoporum
1737 2699 1779 2740 et
1809 2697 1943 2740 cardi-

393 2772 551 2815 nalium
589 2772 745 2827 (atque)
785 2772 985 2816 nobilium
1018 2772 1299 2816 Romanorum
1337 2775 1534 2830 prompta
1569 2773 1781 2817 voluntate
1819 2776 1942 2830 atque

487 2899 513 2919 a.
544 2889 653 2919 factam
675 2890 792 2920 addidi.
885 2891 914 2921 b.
942 2891 1047 2931 pmisit
1061 2901 1086 2921 c.
1180 2900 1205 2922 c.
1233 2891 1395 2931 Descripsi
1415 2901 1453 2921 ex
1467 2890 1577 2921 mutila
1591 2900 1672 2922 saec.
1682 2891 1747 2922 XII
1764 2891 1943 2923 membrana

399 2942 597 2973 bibliothecae
617 2942 722 2982 reqiae
743 2943 950 2980 Monacensis,
973 2944 1126 2984 quondam
1147 2944 1245 2975 codici
1266 2944 1363 2975 latino
1384 2944 1568 2975 Monacensi
1588 2945 1676 2975 5254
1696 2943 1902 2986 ayqlutinata.

490 3013 521 3049 1.
547 3011 783 3048 Adelbertum
809 3013 836 3048 I.
