2028 3438
415 244 500 286 724
779 255 1017 287 maalmam
1046 256 1288 288 numetis.
1335 258 1422 287 Lm.
1445 257 1463 286 1
1494 254 1550 288 26.
1567 254 1612 288 27

414 361 580 405 struxit.
627 360 823 405 Preterea
853 375 927 405 sex
958 362 1143 418 castella,
1177 376 1255 418 que
1286 362 1448 419 pridem
1481 375 1565 405 non
1594 361 1754 417 habuit,
1784 360 1968 405 dominio

414 439 678 496 episcopatus
711 438 882 492 adiecit3
917 454 1046 483 unum
1071 439 1263 483 videlicet
1284 438 1588 493 Albuinestein,
1621 437 1968 482 secundum-Liu-

413 516 645 572 poldestein
660 513 682 571 ¹,
717 508 886 559 tertium
910 515 1167 571 Geulenriut,
1192 519 1386 571 quartum
1406 512 1748 572 Hemphenvelt‘,
1778 515 1969 572 quintum

412 590 680 649 Ebersberc³,
721 596 884 636 sextum
915 590 1181 636 Eskenvelt⁴.
1304 592 1497 636 Castrum
1534 606 1632 636 vero
1663 591 1967 647 Alhuinestein,

414 670 524 726 quod
555 670 679 713 etiam
713 670 865 719 dicitur
895 669 1158 724 Botenstein,
1197 670 1284 712 fere
1315 670 1359 712 in
1389 669 1621 713 meditullio
1653 669 1778 712 situm
1809 668 1968 726 episco-

413 751 560 804 patus,
603 747 852 802 octingentis
893 747 1054 802 argenti
1093 746 1212 790 libris
1244 760 1320 790 nec
1350 760 1434 789 non
1465 746 1747 803 septendecim
1785 745 1876 789 auri
1905 748 1968 789 ta—

413 825 536 868 lentis
568 823 848 881 comparavit3
882 824 1104 880 providens
1137 824 1180 866 in
1211 823 1288 866 hoc
1320 826 1361 866 et
1381 823 1461 867 sibi
1493 827 1535 867 et
1565 823 1745 881 posteris
1774 836 1860 866 non
1879 835 1968 866 mo-

413 902 549 944 dicum
590 901 704 958 pacis
737 901 989 955 subsidium,
1029 901 1127 956 quia
1165 901 1284 943 bonis
1324 900 1495 944 ecclesie
1531 901 1576 944 in
1613 900 1790 944 circuitu
1819 899 1968 957 positis

414 979 598 1022 defensio
632 982 695 1021 est
726 981 767 1021 et
797 981 932 1021 terror
962 978 1156 1021 inimicis.
1278 977 1411 1020 Multa
1442 977 1607 1033 quidem
1642 989 1968 1021 commemorare

414 1069 601 1112 possem,
643 1069 723 1111 que
754 1054 866 1098 illius
899 1054 1037 1098 studio
1070 1068 1118 1097 ac
1148 1054 1290 1098 labore
1320 1055 1364 1097 in
1395 1054 1518 1098 rebus
1549 1053 1850 1111 temporalibus
1881 1054 1968 1111 epi-

415 1132 602 1189 scopatui
635 1136 916 1186 accesserunt3
951 1131 1022 1175 sed
1055 1131 1221 1188 parcius
1252 1132 1327 1176 hec
1347 1131 1557 1175 laudanda
1577 1135 1690 1188 puto.
1737 1129 1844 1183 Quia
1862 1143 1969 1188 pene

416 1223 537 1252 omne
558 1223 688 1264 genus
710 1209 924 1252 hominum
947 1209 1190 1265 acquirendi
1212 1209 1442 1252 studiosum
1466 1213 1530 1252 est
1550 1212 1591 1252 et
1611 1222 1687 1252 sua
1707 1206 1967 1261 cumulandi3

414 1300 570 1342 neque,
611 1290 658 1329 ut
687 1286 730 1329 id
761 1286 940 1340 faciant,
981 1290 1104 1340 egent
1135 1286 1349 1342 exemplo,
1390 1285 1461 1329 sed
1499 1299 1551 1328 ne
1589 1284 1697 1328 male
1726 1285 1770 1328 id
1799 1284 1967 1328 faciant.

415 1363 494 1406 Hic
525 1377 622 1418 ergo
653 1377 737 1406 non
769 1363 814 1405 in
845 1376 892 1406 eo
926 1363 1090 1418 quidem
1126 1377 1276 1418 magno
1309 1377 1433 1419 opere
1462 1362 1707 1418 laudandus,
1740 1362 1850 1418 quod
1878 1375 1968 1405 rem

414 1440 665 1483 familiarem
698 1454 870 1496 querere
901 1443 942 1483 et
973 1454 1123 1494 augere
1155 1440 1355 1483 sollicitus
1386 1440 1488 1493 fuit3
1520 1439 1592 1483 sed
1623 1439 1701 1482 hoc
1730 1440 1774 1482 in
1806 1453 1854 1483 eo
1884 1453 1968 1483 non

414 1521 570 1560 temere
606 1517 822 1572 laudatur,
871 1517 979 1572 quod
1020 1517 1083 1559 his
1121 1517 1244 1560 rebus
1285 1517 1525 1572 niteretur·,
1571 1530 1596 1559 a
1627 1516 1775 1572 quibus
1806 1516 1970 1560 abesset

414 1594 631 1650 turpitudo
665 1597 706 1637 et
737 1594 917 1636 avaricie
949 1594 1149 1650 suspicio,
1177 1594 1393 1649 diligentia
1413 1593 1607 1638 videlicet
1627 1597 1669 1638 et
1687 1593 1839 1649 frugali
1871 1607 1968 1650 par-

415 1671 606 1714 simonia.
654 1670 741 1721 Que
772 1684 872 1714 sane
905 1671 1001 1713 hinc
1033 1671 1192 1714 adverti
1223 1674 1381 1727 potest:

191 1758 392 1794 1131-1139
533 1749 601 1790 27.
652 1748 857 1804 Tempore
880 1747 1056 1803 quodam
1081 1748 1123 1790 in
1147 1748 1269 1791 domo
1292 1747 1519 1804 episcopali
1542 1747 1780 1802 domestice,
1811 1747 1968 1791 habens

414 1838 612 1868 renonem
642 1825 748 1868 forte
790 1838 922 1881 nuper
955 1828 1164 1881 emptum,
1208 1825 1482 1879 vestiebatur3
1522 1825 1668 1868 videns
1700 1828 1742 1868 et
1770 1824 1967 1881 probans,

415 1902 450 1944 si
484 1905 579 1958 apte
602 1901 764 1945 sederet
793 1902 969 1958 corpori.
1017 1902 1073 1944 Et
1094 1915 1187 1945 ecce
1208 1900 1386 1958 Bruno⁵,
1420 1902 1628 1958 quondam
1649 1901 1968 1963 Argentinensis

416 1978 656 2035 episcopus,
706 1978 869 2034 eloquio
918 1982 958 2022 et
1003 1980 1188 2023 moribus
1236 1980 1425 2036 adprime
1469 1979 1664 2034 festivus,
1718 1979 1966 2023 adveniens:

415 2057 530 2099 Bene
562 2065 618 2099 est
649 2056 785 2111 inquit
815 2057 913 2099 bene
945 2066 1013 2100 est.
1064 2057 1216 2101 Senior
1246 2066 1384 2100 noster
1414 2057 1565 2099 bonum
1593 2057 1713 2100 habet
1738 2057 1965 2114 pellicium.

414 2132 519 2176 Erat
552 2136 689 2176 autem
724 2133 776 2176 ad
798 2147 891 2176 oras
914 2133 1063 2190 capicii
1094 2137 1136 2176 et
1156 2134 1412 2176 manicarum
1436 2133 1597 2177 modice
1618 2133 1799 2190 vulpinis
1823 2133 1968 2176 adum-

415 2210 603 2263 bratum3
636 2224 734 2253 nam
756 2213 893 2254 cetera.
925 2224 1022 2267 pars
1044 2214 1137 2254 cute
1158 2210 1347 2267 leporina
1368 2210 1596 2254 constabat.
1643 2210 1700 2253 Et
1727 2210 1969 2267 episcopusz'

418 2287 492 2330 Sic
523 2297 580 2330 est
617 2287 773 2343 inquit,
816 2290 889 2330 sed
926 2290 1122 2331 miserum
1162 2304 1245 2341 me,
1286 2303 1383 2331 caro
1425 2288 1552 2330 michi
1586 2289 1717 2338 veni&
1756 2288 1818 2330 bie
1858 2288 1966 2330 binis

416 2367 550 2407 unciis
583 2374 752 2408 constat.
876 2364 1076 2419 Videsne,
1118 2365 1188 2420 qui
1228 2368 1314 2408 tam
1356 2364 1556 2418 benignus
1596 2364 1639 2406 in
1677 2364 1781 2407 alios
1813 2363 1966 2418 extitit,

417 2455 540 2496 quam
573 2455 722 2497 parcus
754 2441 794 2483 in
828 2445 959 2484 semet
989 2442 1126 2498 ipsum
1157 2442 1262 2484 fuit?
1314 2441 1406 2483 Non
1438 2440 1481 2482 in
1513 2443 1640 2495 veste,
1672 2454 1756 2483 non
1786 2440 1831 2483 in
1861 2440 1966 2483 cibis

416 2517 539 2560 rebus
580 2518 780 2574 episcopii
817 2532 999 2574 unquam
1037 2518 1320 2573 indulgentius
1359 2517 1420 2560 uti
1452 2516 1602 2570 voluit3
1650 2529 1725 2560 neo
1762 2516 1965 2574 voluptati

417 2594 488 2637 sed
534 2595 772 2638 necessitati
815 2609 889 2639 sue
934 2598 1098 2639 tantum
1144 2595 1401 2652 providebat.
1522 2594 1628 2645 Quin
1669 2594 1795 2638 etiam
1833 2594 1965 2649 aiunt,

512 2703 539 2724 a.
571 2695 716 2725 niteretur
738 2694 854 2725 addidi.

511 2751 543 2785 1.
568 2751 827 2796 Leupoldstein
858 2762 881 2787 a
906 2752 1117 2789 Forchheim
1151 2752 1196 2787 ad
1230 2752 1414 2788 orientem.
1535 2752 1568 2786 2.
1600 2749 1817 2786 Henfenfeld
1849 2760 1964 2796 prope

417 2808 636 2854 Hersbruck,
662 2820 683 2844 a
699 2810 927 2856 Nurinberga
951 2811 997 2846 ad
1022 2812 1208 2846 orientem.
1327 2811 1358 2845 3.
1388 2820 1409 2844 a
1424 2808 1630 2854 Bamberga
1655 2809 1700 2844 ad
1726 2809 1963 2845 occidentem.

416 2868 450 2903 4.
475 2867 756 2913 Eschenfelden,
791 2868 837 2904 ab
869 2869 1051 2914 Erlangen
1084 2869 1131 2904 ad
1163 2870 1356 2914 orientem,
1390 2867 1435 2903 ab
1463 2867 1657 2903 Auerbach
1689 2868 1736 2903 ad
1766 2867 1964 2903 meridiem.

417 2926 450 2961 5.
478 2925 539 2970 qui
570 2935 615 2960 ex
646 2927 819 2962 canonico
845 2926 1106 2972 Bambergensi
1131 2939 1162 2963 a.
1183 2928 1274 2963 1123
1306 2926 1425 2962 factus
1458 2926 1650 2972 episcopus
1675 2925 1964 2971 Argentinensis,

417 2983 584 3020 abdicato
608 2995 640 3020 a.
662 2984 749 3020 1131
775 2984 998 3030 episcopam,
1024 2985 1250 3031 Bambergae
1276 2989 1437 3021 mortuus
1462 2988 1518 3021 est
1542 2985 1577 3020 d.
1597 2985 1641 3020 10
1663 2985 1730 3020 Iul.
1750 2985 1852 3021 1162.
