2028 3438
449 235 754 276 nssomsvrm‘
785 238 994 272 omme.
1041 240 1129 271 121ss.
1151 240 1205 273 m
1233 237 1280 272 26
1559 228 1644 271 691

7 316 19 369 3³¹
75 344 664 403 prohibotfgomitumffvero
695 344 871 393 affectus
906 348 1149 402 extorquet3
1190 346 1344 391 etenim
1381 348 1469 390 tam
1501 349 1647 390 sancta
1673 356 1765 392 1139

9 420 21 463 ³³-
76 421 392 476 oewadovsffliu
428 422 578 478 gioria,
616 422 820 470 exultatio
867 436 994 480 quam
1041 423 1137 480 pius
1174 423 1226 469 de
1263 423 1446 467 transitu
1487 422 1643 486 luctus.

11 495 23 507 ”
74 499 499 556 Ismene-flumme&
521 499 741 555 flentibuS‚
784 500 1084 556 gratulandum
1123 500 1423 556 gaudentibus3
1463 500 1563 556 quia
1605 504 1646 544 et

73 577 310 635 piumitfflr
333 577 768 633 gaudereottonem,
809 581 851 621 et
888 578 1022 635 pium*
1050 580 1115 623 est
1151 577 1252 622 flere
1284 577 1503 632 Ottonem„
1543 578 1643 627 dum

73 655 455 715 unumquisquoaet
475 654 566 700 ‘sibi
597 658 761 711 prestat
791 658 838 699 ut
858 655 1013 711 doleat,
1045 658 1087 700 et
1117 655 1179 698 illi
1210 655 1334 700 debet
1365 658 1412 698 ut
1446 654 1642 710 gaudeat.

76 738 166 779 mii:
192 731 443 781 Mmmbile
462 744 615 789 corpus
636 732 739 788 eius,
764 746 798 776 -a
818 732 1025 788 religiosis
1047 733 1149 777 viris
1181 735 1371 781 curatum
1405 735 1447 775 et
1480 745 1643 775 aroma-

71 809 553 871 tibnsvssoonditumr-po'r
583 809 750 864 singula
781 811 1038 855 monasteria
1070 814 1134 858 est
1161 810 1453 867 deportatum,
1473 809 1644 866 illicque

72 887 323 944 vigiliarum
342 886 537 934 excubiis
564 900 614 931 ac
642 887 1136 945 missarumsolempniis
1167 887 1432 934 honoratum.
1479 886 1548 931 Ad
1570 900 1646 933 ex-·.

71 969 254 1010 tremum
292 965 337 1009 in
377 968 565 1008 montem
605 965 741 1008 sancti
772 964 989 1008 Michaelis
1030 964 1292 1020 archangeli,
1327 963 1528 1020 specialis
1567 977 1643 1020 pa-

71 1042 524 1104 tiunie.·sui‚.-defortur
553 1043 695 1099 ibique
727 1042 771 1086 in
804 1041 1003 1097 ecclesia,
1035 1055 1160 1098 quam
1193 1042 1284 1098 ipse
1316 1044 1525 1085 vetustate
1557 1041 1642 1085 col-

71 1119 237 1178 lapsam
259 1120 321 1168 {ini
341 1120 546 1169 maiorem
575 1123 735 1168 statum
767 1133 793 1163 a
822 1119 1107 1167 fundamentis
1138 1118 1467 1174 reedificaverat,
1500 1118 1641 1165 debito

71 1197 356 1259 emihouqrss
374 1198 607 1255 ¹excipitur.
644 1208 647 1211 ⁴
700 1208 703 1244 ξ
729 1197 820 1241 Illic
851 1210 948 1240 vero
980 1197 1026 1240 in
1057 1197 1305 1253 obsequium
1323 1196 1495 1247 ‚funeris
1528 1195 1643 1240 credi

70 1278 337 1334 nonapotoffls
356 1278 514 1332 quanta
537 1275 756 1321 hominum
777 1274 1003 1318 multitudo
1025 1273 1286 1318 confluxerit.
1336 1273 1443 1317 Tota
1474 1273 1640 1317 obviam

71 1353 240 1410 corpori
267 1353 426 1401 ‚civitas
456 1353 594 1413 ruit,
627 1352 768 1396 cuncti
806 1366 858 1396 ex
891 1353 1004 1407 agris
1043 1355 1169 1409 atque
1201 1352 1304 1395 vicis
1344 1351 1550 1407 multique
1589 1364 1642 1395 ex

71 1429 167 1478 aliis
189 1429 448 1478 »urbibustet
471 1430 718 1492 regionibus
740 1428 960 1474 affuerunt.
1010 1429 1044 1473 O
1067 1434 1248 1486 quantus
1271 1429 1409 1473 luctus
1439 1428 1639 1472 omnium.

71 1507 237 1560 Quanta
266 1508 467 1565 precipue
496 1508 748 1557 merentium
779 1507 966 1552 lamenta
1001 1507 1302 1558 monachorum
1335 1510 1377 1550 et
1407 1519 1640 1563 pauperum

71 1585 249 1642 Christi,
275 1585 347 1643 qui
366 1585 483 1629 velut
513 1584 618 1642 pulli
641 1585 717 1628 sub
750 1585 827 1628 alis
859 1585 1040 1642 piissimi
1071 1585 1206 1642 patris
1228 1584 1364 1628 securi
1387 1587 1505 1627 tanto
1534 1587 1640 1627 tem-

69 1676 173 1722 pore
205 1663 469 1720 quieverant,
508 1676 636 1720 seque
667 1665 754 1705 tam
788 1662 1058 1707 desiderabili
1095 1662 1316 1706 nutritoris
1348 1661 1436 1704 sui⁸
1468 1674 1640 1718 presen-

69 1741 132 1785 tia
159 1741 350 1786 fraudari
379 1754 429 1784 ac
459 1740 700 1784 defensione
731 1741 883 1784 nudari
914 1739 1152 1784 cernebant.
1217 1739 1418 1795 Quodque
1450 1740 1540 1782 sine
1570 1752 1641 1793 ge-

69 1818 178 1862 mitu
206 1818 364 1862 referre
394 1831 478 1861 non
509 1832 746 1875 possumus,
779 1832 872 1862 cum
906 1818 1143 1862 sacerdotes
1171 1817 1358 1871 religiosi
1389 1830 1541 1873 corpus
1574 1830 1640 1859 sa-

69 1909 188 1940 crum
219 1895 344 1940 choro
375 1896 510 1940 sancti
530 1894 746 1939 Michaelis
777 1896 982 1939 inferrent
1013 1895 1286 1949 humandum,
1324 1894 1394 1938 ubi
1428 1894 1480 1937 ad
1511 1894 1640 1937 limen

68 1973 246 2018 interius
276 1976 449 2018 ventum
487 1976 572 2028 est,
612 1977 836 2030 precentor
875 1973 1172 2029 antiphonam:
1222 1973 1428 2025 Domine,
1476 1974 1640 2029 suscipe

68 2067 146 2105 me,
178 2051 394 2108 imposuit,
426 2053 652 2106 tantusque
684 2050 821 2094 subito
853 2050 1044 2107 ploratus
1077 2050 1264 2093 omnium
1287 2052 1459 2092 exortus
1484 2052 1560 2102 est,
1593 2052 1640 2091 ut

67 2128 152 2186 ipsi
183 2128 310 2172 etiam
342 2128 501 2171 funeris
533 2127 676 2183 baiuli,
708 2128 839 2171 nimio
867 2127 967 2171 fletu
989 2128 1194 2182 concussi,
1227 2140 1322 2170 cum
1352 2126 1507 2169 feretro
1541 2125 1638 2169 sub-

69 2205 256 2250 siderent
277 2219 326 2249 ac
356 2218 464 2262 pene
496 2208 607 2249 terre
640 2205 975 2262 procumberent.
1098 2204 1262 2248 Deinde
1283 2204 1508 2246 missarum
1532 2202 1638 2247 cele-

68 2283 222 2328 britate
243 2297 269 2327 a
291 2282 518 2327 venerabili
535 2282 787 2326 Ymbricone
799 2281 1164 2336 Wirzeburgensib
1195 2282 1392 2338 episcopo
1414 2279 1637 2335 celebrata,

67 2360 180 2404 idem
228 2359 371 2421 presul
408 2373 601 2404 sermone
643 2360 893 2403 suavissimo
941 2359 993 2402 ad
1041 2359 1243 2416 populum
1283 2359 1425 2402 habito
1459 2382 1513 2388 —-
1548 2362 1639 2401 erat

69 2438 179 2482 enim
221 2451 421 2492 magnum
459 2437 576 2481 verbi
619 2438 853 2481 tonitruum
894 2463 946 2467 —
989 2437 1277 2481 testimonium
1317 2435 1492 2479 Ieremie
1540 2448 1637 2492 pro-

67 2515 193 2573 phete
222 2515 282 2572 pii
305 2515 471 2559 Ottonis
502 2528 681 2572 persone
713 2515 951 2572 adaptavit:
988 2517 1156 2559 Olivam
1187 2515 1366 2567 uberem,
1397 2514 1635 2571 pulchram,

54 2594 334 2650 fiuotfferam
365 2602 404 2636 et
433 2595 665 2650 speciosam
695 2595 859 2636 vocavit
887 2594 1100 2636 Dominus
1131 2607 1281 2635 nomen
1313 2601 1429 2635 tuum
1442 2587 1465 2644 ¹,
1499 2594 1637 2634 tanta-

67 2683 147 2727 que
178 2669 376 2714 melliflue
407 2669 705 2727 predicationis
739 2670 946 2713 suavitate
986 2684 1030 2713 se
1062 2669 1223 2713 cunctis
1255 2669 1492 2713 mirabilem
1523 2670 1636 2724 fecit,

66 2751 115 2791 ut
136 2761 232 2792 vere
255 2747 439 2804 Spiritus
471 2751 640 2791 sanctus
674 2761 749 2804 per
781 2761 826 2790 os
859 2747 949 2790 eius
981 2747 1177 2791 credatur
1202 2760 1292 2791 esse
1322 2746 1499 2791 locutus.
1547 2746 1638 2789 Hoc

67 2824 214 2868 ordine
244 2824 385 2868 dilecti
426 2825 560 2882 patris
592 2839 744 2882 corpus
777 2827 874 2868 ante
905 2825 1038 2868 altare
1070 2824 1182 2868 beati
1212 2823 1429 2869 Michaelis
1461 2825 1637 2868 archan-

164 2934 191 2955 a.
224 2934 279 2955 sua
304 2924 335 2956 0.
621 2926 650 2956 b.
673 2925 931 2963 Wirtzcburgensi
957 2924 987 2956 C.

164 2989 196 3024 1.
222 2988 350 3024 Ierem.
372 2990 426 3035 11,
449 2989 503 3024 16.

1273 3047 1352 3083 44Θὲ
