2028 3438
361 249 418 291 24
866 258 1085 290 nmmum
1115 258 1283 290 cona-x.
1329 257 1362 291 4.
1380 256 1402 290 5

148 380 334 417 900—911
362 366 565 424 quasdam
596 366 701 410 iuris
730 365 865 410 nostri
894 377 976 420 res,
1009 378 1112 420 quas
1132 364 1184 408 de
1206 364 1384 420 quodam
1405 364 1536 408 nobili
1554 365 1703 408 matris
1722 359 1916 408 nostra&

362 443 520 488 vasallo
551 443 643 488 iure
675 441 907 487 concambii
936 441 982 485 in
1001 442 1222 498 potestatis
1251 445 1420 486 nostrae
1450 441 1681 485 dominium
1710 454 1788 485 nos
1810 447 1916 485 'con-

362 523 448 564 stat
478 520 715 574 attraxisse,
749 532 828 575 que
849 518 1042 561 semotim
1073 521 1171 561 sunt
1191 519 1296 561 sitae
1315 519 1360 561 in
1380 532 1489 575 pago
1510 518 1562 562 N.
1583 518 1629 562 in
1650 507 1915 562 comitatibus

361 597 412 641 N.
436 601 479 641 et
498 597 550 641 N.
575 597 620 640 in
649 597 752 640 locis
782 595 833 638 N.
856 595 1129 651 nuncupatiS,
1161 598 1204 638 et
1234 595 1431 650 quicquid
1461 595 1573 638 idem
1605 595 1650 638 in
1678 595 1784 652 ipsis
1811 593 1916 638 locis

360 674 633 731 proprietatis
663 673 822 728 habuit,
855 671 1042 728 exceptis
1074 671 1309 726 quindecim
1347 671 1570 728 mancipiis
1607 674 1747 715 cetera
1775 670 1918 716 omnia

361 751 595 807 canonicis,
633 751 679 794 in
717 749 878 806 capella
907 748 1234 804 Radisponensis
1272 748 1453 792 civitatis
1482 748 1528 791 in
1557 748 1714 792 honore
1748 749 1918 792 sanctae

361 828 443 872 Dei
473 827 688 883 genitricis
720 828 958 870 constructa
978 824 1160 870 Domino
1192 824 1393 868 salvatori
1411 824 1725 880 famulantibus,
1755 825 1801 868 in
1820 836 1918 881 pro-

360 904 554 962 prietatis
592 905 746 961 stipem
785 902 993 960 perpetim
1024 901 1308 957 delegavimus
1338 914 1433 945 cum
1463 901 1680 946 curtilibus
1715 904 1758 945 et
1787 899 1918 944 aedif-

361 980 481 1036 ficiis,
513 980 734 1037 mancipiis
766 979 983 1035 utriusque
1014 992 1152 1033 sexus,
1185 978 1443 1035 parschalhis
1465 992 1691 1034 eorumque
1711 976 1917 1032 censibuS,

361 1058 486 1102 terris
525 1057 648 1102 cultis
695 1060 738 1101 et
780 1056 950 1100 incultis
997 1055 1156 1112 campis
1201 1055 1335 1112 pratis
1377 1056 1548 1112 pascuis
1593 1055 1710 1099 silvis
1751 1054 1831 1098 viis
1877 1055 1919 1097 et

361 1134 509 1191 inviis,
543 1118 662 1191 aquis
693 1146 952 1189 aquarumve
983 1132 1247 1188 decursibuS,
1287 1132 1468 1176 exitibus
1500 1136 1541 1176 et
1570 1132 1787 1186 reditibus,
1819 1143 1920 1187 que-

363 1212 456 1256 sitis
494 1215 557 1256 et·
594 1210 856 1267 inquirendis
901 1212 943 1253 et
981 1222 1076 1252 cum
1108 1208 1300 1252 omnibus
1339 1209 1597 1266 appendiciis
1643 1209 1743 1252 suis.
1799 1207 1919 1252 Unde

362 1289 441 1333 hoc
457 1302 620 1345 quoque
633 1300 832 1345 praesens
850 1286 1111 1330 auctoritatis
1126 1289 1296 1330 nostrae
1311 1290 1582 1343 praeceptum
1596 1285 1689 1330 fieri
1705 1285 1919 1340 iussimuS,

362 1365 539 1410 firmiter
568 1365 889 1423 praecipientes,
920 1366 968 1407 ut
997 1363 1204 1420 praedicti
1235 1364 1343 1407 servi
1365 1363 1447 1407 Dei
1468 1363 1635 1407 easdem
1660 1376 1729 1407 res
1760 1376 1813 1406 ex
1841 1362 1921 1406 hoo

362 1457 474 1487 nunc
504 1446 546 1488 et
575 1443 619 1486 in
651 1455 801 1486 aevum
830 1442 922 1484 iure
941 1440 1182 1484 firmissimo
1213 1440 1374 1495 integre
1405 1440 1457 1483 ad
1485 1454 1584 1485 usus
1606 1439 1920 1484 sustentationis

364 1533 464 1564 suae
499 1522 672 1564 teneant
710 1522 835 1575 atque
873 1517 1138 1574 possideant3
1188 1530 1238 1560 ea
1273 1517 1468 1561 videlicet
1503 1518 1690 1573 ratione,
1731 1520 1781 1561 ut
1814 1516 1921 1561 nulli

365 1610 531 1652 eorum,
563 1596 798 1652 quicunque
827 1595 966 1652 ipsam
996 1608 1073 1651 per
1103 1594 1368 1637 succedentia
1399 1597 1589 1652 tempora
1619 1594 1696 1638 sub
1726 1594 1817 1638 iure
1847 1593 1921 1637 do-

363 1673 606 1717 minationis
642 1673 853 1716 retineant
882 1671 1110 1729 capellam,
1150 1670 1275 1714 liceat
1311 1671 1521 1728 praefatas
1551 1685 1619 1716 res
1651 1671 1846 1728 cuiquam
1874 1670 1920 1715 in

363 1750 610 1795 beneficium
639 1752 868 1806 praestare.
917 1748 1000 1792 Sed
1022 1748 1147 1792 liceat
1175 1748 1279 1804 ipsis
1310 1748 1510 1792 fratribus
1540 1748 1616 1792 has
1646 1749 1761 1805 ipsas
1792 1748 1921 1792 dona-

363 1828 490 1871 tionis
529 1829 699 1871 nostrae
739 1826 894 1881 absque
932 1825 1208 1868 diminutione
1246 1825 1313 1869 vel
1361 1825 1535 1869 alicuius
1581 1838 1787 1882 personae
1830 1838 1921 1868 mo-

362 1904 585 1948 lestatione
616 1917 760 1948 secure
791 1908 833 1947 et
864 1903 1003 1959 quiete
1025 1901 1234 1959 perpetim
1264 1902 1480 1958 possidere
1511 1905 1553 1945 et
1581 1903 1702 1946 iuxta
1723 1902 1921 1960 propriae

364 1981 560 2026 utilitatis
599 1981 862 2025 commodum
904 1979 1054 2023 exinde
1088 1979 1286 2022 universa
1324 1979 1565 2037 disponere3
1607 1983 1811 2036 quatenus
1850 1992 1920 2023 eos

365 2073 442 2117 pro
458 2059 579 2103 nobis
597 2062 639 2102 et
654 2057 986 2102 antecessoribus
1003 2057 1158 2100 nostris
1174 2056 1347 2099 Domini
1367 2057 1698 2101 misericordiam
1719 2057 1920 2100 attentius

367 2150 542 2181 exorare
562 2135 751 2179 delectet.
788 2135 846 2179 Et
865 2138 914 2178 ut
932 2134 1009 2179 hec
1027 2134 1263 2188 largitionis
1284 2137 1454 2177 nostrae
1478 2135 1703 2178 auctoritas
1725 2134 1920 2190 deinceps

365 2213 526 2256 firmior
555 2212 759 2257 habeatur
797 2215 839 2256 et
876 2225 953 2268 per
982 2211 1124 2254 futura
1153 2214 1346 2267 tempora
1373 2212 1514 2255 verius
1545 2211 1740 2255 credatur
1779 2223 1828 2254 ac
1858 2211 1921 2254 di-

365 2290 562 2345 ligentius
595 2289 850 2344 observetur,
882 2301 1010 2331 manu
1030 2288 1202 2345 propria
1232 2287 1378 2331 subtus
1411 2302 1502 2332 eam
1530 2288 1774 2332 roborantes
1796 2287 1920 2331 anulo
1943 2272 1946 2275 ’

366 2370 510 2411 nostro
539 2366 733 2421 insigniri
762 2366 973 2411 iussimus.
1022 2412 1035 2424 Ι

370 2507 415 2553 5.
455 2508 667 2551 Nonnulli
695 2509 850 2564 synodi
876 2508 1104 2565 Papiensis
1136 2502 1372 2549 canonesffi.
1801 2505 1853 2560 (E
1875 2505 1918 2559 2)

272 2604 340 2639 997
484 2595 648 2639 Placuit
679 2599 848 2639 sanctae
879 2596 1051 2652 synodo,
1083 2599 1131 2638 ut
1151 2608 1306 2638 omnes·
1323 2594 1509 2651 episcopi
1529 2575 1817 2649 occidentales,
1850 2594 1921 2650 qui

365 2673 411 2715 in
443 2672 703 2729 depositione
732 2672 895 2715 Arnolfi
925 2672 1143 2716 Remensis
1175 2671 1477 2728 archiepiscopi
1505 2671 1674 2714 fuerunt
1704 2674 1764 2724 et,
1796 2671 1920 2715 certis

459 2804 486 2826 a.
518 2796 570 2825 aut
590 2794 625 2825 Z.
749 2794 778 2825 b.
811 2804 849 2825 ex
871 2795 901 2826 V.
926 2797 956 2833 6⁸,
980 2796 1224 2836 Zp.11—12.·
1253 2795 1428 2834 Capitula
1456 2795 1673 2825 constituta
1694 2804 1712 2825 a
1735 2794 1919 2832 Gregorio

366 2848 530 2879 Romano
565 2847 778 2887 pontifice,
810 2849 900 2879 filio
934 2849 1089 2879 Ottonis
1121 2849 1236 2887 regis.
1784 2866 1787 2868 -

462 2929 496 2964 1.
521 2927 611 2963 Otae
634 2928 890 2974 imperatricis,
916 2930 1038 2965 uxoris
1062 2927 1214 2965 Arnulfi.
1326 2929 1359 2964 2.
1390 2927 1444 2964 Cf.
1464 2927 1630 2974 Gregorii
1645 2928 1679 2965 V
1703 2937 1822 2974 papae
1846 2927 1920 2972 epi-

366 2987 496 3023 stolam
522 2997 632 3032 supra
656 2987 698 3022 T.
716 2987 768 3022 III
792 2998 828 3033 p.
844 2988 924 3023 351.
