2028 3438
411 249 496 292 672
743 261 906 293 nnoms
935 262 1041 293 vrrA
1072 261 1279 294 ori-oms.
1325 262 1413 292 Lm.
1435 261 1487 293 111
1518 260 1634 294 14.15

292 376 383 411 1127
408 366 628 410 sectionem
652 366 858 422 quandam
890 367 1170 423 procingere⁵.
1216 366 1273 410 Et
1293 380 1386 410 cum
1409 367 1495 410 iam
1526 369 1690 424 portam
1712 365 1863 422 'egredi
1891 379 1960 410 co-

408 445 606 498 naretur,
633 443 780 487 ancille
812 443 967 487 Christi
996 443 1230 487 Berthrada
1259 447 1301 487 et
1325 442 1612 487 Wendelmutb
1625 440 1635 460 ¹
1664 456 1770 491 <ium>
1788 438 1960 498 reliquis

409 533 485 576 per
505 520 744 563 vestimenti
769 519 956 563 fimbrias
977 528 1070 564 eum
1093 533 1244 575 magno
1276 533 1368 564 cum
1390 521 1559 578 vgemitu
1588 516 1866 566 retrahebant
1879 531 1963 563 ‘nec

408 596 494 639 ullo
515 596 638 639 modo
668 599 833 652 portam
855 597 968 640 exire
990 597 1194 640 sinebant.
1241 596 1359 648 Quod
1383 610 1476 640 cum
1499 596 1813 654 expergefactus
1833 595 1965 640 adal-

409 672 549 716 berto⁰
578 673 798 729 interpreti
829 673 1054 728 retulisset,
1087 674 1158 717 ille
1181 673 1448 717 manifestam
1477 673 1694 730 respondit
1711 685 1815 717 =esse
1835 671 1962 716 visio·

410 763 528 803 nem3
559 762 636 805 nec
668 749 778 792 aliud
810 763 1073 806 praesagare,
1105 750 1185 792 nisi
1220 750 1329 805 quod
1359 763 1511 806 sponse
1536 749 1705 805 Christi,
1739 748 1898 805 quibus·
1916 748 1962 792 in

409 824 746 880 Babenbergensi
782 826 872 869 loco
910 830 1097 882 preerat,
1136 826 1316 870 assiduis
1354 827 1465 883 apud
1495 826 1627 869 Deum
1666 825 1867 883 precibus?
1889 825 1965 869 ob·-

410 902 647 957 tinuissent,
679 916 732 946 ne
754 902 976 958 Ucranosd,
1008 903 1080 947 ubi
1106 906 1219 947 certa
1247 916 1359 946 mors
1391 904 1429 947 ei
1458 903 1704 958 inminebat,
1735 904 1961 959 expeteret,

412 978 485 1021 sed
531 980 669 1035 potius
717 979 905 1023 alumnas
950 993 1046 1023 suas
1085 981 1174 1023 vita
1216 981 1368 1023 comite
1414 994 1504 1023 cum
1552 979 1704 1034 gaudio
1748 979 1960 1023 reviseret.

413 1054 566 1098 Servus
597 1059 737 1098 autem
769 1055 848 1099 Dei
879 1055 1124 1100 Uodalricus
1155 1057 1268 1100 nullo
1301 1057 1422 1100 modo
1459 1057 1511 1100 ob
1541 1057 1586 1099 id
1617 1056 1778 1100 a-bono
1805 1067 1962 1112 propo-

413 1132 492 1174 sito
513 1132 700 1175 revocari
722 1133 944 1175 consensit.
994 1133 1075 1176 Sed
1096 1147 1219 1177 mane
1241 1135 1365 1188 facto,
1399 1134 1468 1190 pio
1490 1133 1634 1176 Ottoni
1663 1144 1962 1189 puramagens

412 1209 735 1263 confessionem,
777 1209 951 1252 arduum
991 1210 1113 1253 huius
1156 1210 1452 1266 predicationis
1490 1210 1570 1253 iter
1599 1210 1644 1252 in
1673 1209 1964 1252 remissionem

412 1289 677 1341 peccatorum
710 1299 877 1329 suorum
902 1286 1029 1330 alacri
1050 1287 1269 1330 devotione
1290 1288 1484 1343 suscepit.
1531 1285 1712 1342 Moxque
1740 1286 1850 1329 navi?
1869 1297 1964 1329 cum

413 1363 634 1405 comitibus
666 1364 751 1405 suis
789 1367 830 1406 et
860 1363 1089 1420 interprete
1120 1364 1298 1420 quodam
1330 1363 1596 1418 Poloniense,
1633 1359 1830 1418 religioso
1859 1361 1962 1417 viro,

412 1439 646 1495 impositus,
686 1440 845 1483 cunctis
869 1440 915 1483 ‘ei
947 1454 1145 1496 prospera
1176 1440 1516 1497 imprecantibus,
1553 1440 1632 1484 Dei
1662 1439 1743 1483 viri
1772 1438 1964 1482 benedic-'-

412 1515 525 1558 tione
546 1515 745 1571 munitus,
777 1517 988 1570 navigium
1012 1520 1075 1559 est
1097 1530 1328 1572 aggressus.
1449 1517 1553 1560 Tum
1576 1510 1674 1559 ve‘ro
1705 1529 1857 1570 magna
1887 1514 1966 1558 celi

413 1592 615 1634 serenitas
647 1596 688 1635 et
717 1593 846 1635 maris
877 1594 1157 1649 tranquillitas
1181 1593 1402 1636 arridebat.
1452 1593 1533 1636 Sed
1563 1593 1635 1636 ubi
1664 1593 1829 1647 longius
1852 1605 1878 1635 a
1895 1591 1965 1635 lit·

412 1672 502 1711 tore
539 1672 605 1711 est
641 1672 846 1723 remotus,
887 1670 1024 1713 subito
1061 1669 1254 1713 fluctibus
1286 1673 1408 1713 vento
1441 1669 1698 1712 validissimo
1733 1669 1964 1723 concitatis,

413 1748 641 1800 tempestas
669 1758 752 1787 non
780 1746 943 1788 modica
972 1746 1166 1801 ingruere
1191 1747 1323 1803 cepit3
1357 1753 1455 1802 que⁰
1488 1746 1576 1789 sine
1606 1759 1725 1789 mora
1754 1749 1965 1802 arreptam

412 1835 561 1864 navem
592 1821 739 1875 littori,
773 1822 882 1877 quod
912 1823 1151 1878 reliquerat,
1184 1823 1347 1880 appulit
1368 1836 1616 1878 servumque
1637 1822 1792 1866 Christi
1812 1820 1966 1865 Uodal-

412 1898 545 1940 ricum
576 1898 665 1941 loco
697 1911 770 1941 suo
797 1900 993 1942 restituit.
1086 1899 1172 1951 Que
1204 1900 1401 1942 nimirum
1423 1903 1665 1956 tempestas,
1698 1902 1857 1955 septem
1878 1898 1966 1942 die-

414 1974 490 2017 bus
521 1975 728 2017 continuis
759 1975 865 2018 mari
895 1975 1118 2031 inminens,
1151 1990 1315 2020 omnem
1347 1976 1615 2033 profectionis
1642 1976 1765 2019 huius
1786 1974 1967 2019 cassavit

412 2051 700 2094 intentionem.
1040 2104 1043 2107 Ι

536 2127 603 2170 15.
651 2128 878 2184 Apostolus
910 2131 1047 2171 autem
1080 2128 1428 2184 Pomeranorum,
1460 2129 1717 2172 voluntatem
1748 2128 1828 2171 Dei
1866 2141 1965 2184 pru-

416 2204 560 2247 denter
591 2204 636 2246 in
666 2205 743 2247 hoc
764 2205 1030 2248 considerans
1061 2219 1138 2248 nec
1158 2205 1364 2249 Ucranos‘
1391 2206 1516 2249 verbo
1549 2205 1695 2248 salutis
1726 2205 1872 2259 dignos
1901 2204 1966 2246 iu-

417 2281 573 2335 dicans,
607 2281 658 2324 ad
685 2281 954 2336 Stetinenses,
987 2282 1057 2336 qui
1089 2296 1114 2324 a
1142 2282 1236 2337 fide,
1267 2285 1315 2324 ut
1345 2280 1494 2338 supra²
1527 2282 1721 2336 diximuS,
1755 2283 1966 2337 apostata-

417 2361 576 2412 verant,
607 2358 689 2400 iter
710 2372 830 2401 suum
852 2358 1026 2411 direxit;
1058 2358 1156 2401 licet
1175 2358 1297 2401 multi
1317 2358 1458 2402 fideles
1480 2358 1635 2401 Christi
1668 2360 1710 2400 et
1737 2357 1965 2400 familiares

418 2434 483 2476 sui
505 2448 598 2477 eum
621 2434 697 2477 abg
717 2434 795 2477 hoc
824 2435 1039 2491 proposito
1070 2418 1325 2478 revocarent.
1373 2435 1480 2478 Nam
1511 2434 1727 2491 pontifices
1748 2433 1966 2490 ydolorum

417 2510 579 2566 plebem
612 2514 844 2566 apostatam
878 2511 922 2553 in
951 2524 1094 2554 necem
1124 2512 1210 2555 eius
1241 2512 1494 2554 unanimiter
1515 2511 1836 2554 concitaverant.
1885 2509 1966 2552 Sed

416 2587 528 2642 ipse,
568 2587 749 2629 martirii
780 2587 928 2629 ardore
957 2586 1139 2641 flagrans
1170 2588 1412 2643 nullumque
1443 2601 1612 2630 suorum
1650 2587 1728 2629 hoc
1759 2600 1862 2643 opus
1893 2600 1965 2640 ag-

417 2663 534 2716 gredi
564 2676 804 2718 presumere
835 2676 1030 2718 cernenS,
1063 2665 1240 2720 quodam
1273 2665 1360 2719 die,
1398 2667 1555 2707 secreto
1587 2663 1769 2706 collectis
1801 2662 1966 2719 pontifi-

418 2738 575 2781 calibus
608 2739 770 2781 exuviis
801 2739 987 2795 colloque
1024 2741 1237 2796 inpositis,
1277 2740 1389 2783 solus
1426 2740 1522 2783 illoh
1555 2740 1724 2782 tendere
1763 2740 1873 2796 cepit
1911 2743 1964 2794 et,

511 2829 536 2849 a.
568 2821 738 2858 pertingere
757 2820 787 2851 C.
886 2822 915 2851 b.
937 2822 1150 2852 Wendelhmut
1168 2822 1197 2853 C.
1290 2831 1316 2852 c.
1344 2821 1500 2851 Adalberti
1518 2820 1549 2851 C.
1647 2821 1675 2850 d.
1708 2821 1753 2851 sic
1774 2821 1889 2860 scripsi
1903 2830 1966 2860 pro

417 2881 544 2902 ueranos
564 2871 603 2908 C,-
623 2882 650 2902 v.
665 2882 763 2911 supra
780 2884 811 2913 p.
827 2875 887 2922 671
903 2884 933 2904 n.
945 2883 971 2904 a.
1075 2884 1100 2904 e.
1131 2884 1189 2913 qua
1208 2874 1237 2905 C.
1342 2874 1362 2904 f.
1392 2882 1518 2904 ueranos
1538 2872 1576 2910 C'‚·
1598 2872 1639 2912 cf
1654 2883 1752 2912 supra
1768 2883 1801 2913 p.
1815 2874 1875 2904 671
1896 2883 1926 2904 n.
1938 2882 1965 2903 a..

418 2934 447 2963 g.
480 2925 518 2955 ad
544 2924 574 2955 C.
719 2925 749 2955 h.
782 2926 819 2955 ad
841 2927 974 2957 Ucranos
995 2927 1034 2957 E.

513 2977 546 3012 1.
569 2976 616 3012 V.
642 2985 752 3020 supra
775 2987 810 3021 p.
829 2977 909 3012 623.
1052 2979 1085 3013 2.
1116 2988 1152 3023 p.
1170 2978 1237 3014 651
1263 2978 1318 3021 (L.
1336 2977 1388 3012 III
1413 2987 1444 3012 c.
1461 2978 1506 3021 1).
