2028 3438
585 201 805 234 UDAmex
838 200 1009 232 conux.
1057 198 1114 232 20.
1127 196 1175 231 '21
1610 184 1666 227 41

151 309 173 343 Γ
217 311 396 368 Magnus
426 310 500 354 ille
530 313 676 368 pastor
697 311 740 353 et
769 308 918 364 bonus,
949 307 994 351 id
1026 309 1092 351 est
1110 306 1222 350 filius
1243 306 1324 350 Dei
1344 306 1445 360 vivi,
1477 309 1518 349 te
1549 304 1670 348 nobis
1696 311 1789 348 1057

94 393 314 449 pastorem
340 391 388 434 et
414 388 633 432 dominum
664 386 848 445 plurimo
879 389 1070 443 tempore
1102 385 1300 440 dignetur
1331 383 1571 428 concedere.

99 532 184 580 21.
213 533 392 578 Nicolm·
409 532 468 576 II
484 547 632 590 papae
663 533 714 575 de
741 530 1008 589 pontificibus
1040 530 1232 573 creandis
1265 525 1389 572 least
1550 525 1602 580 (E
1625 526 1669 580 9)

218 621 268 666 In
304 621 477 666 nomine
515 621 676 664 domini
712 620 780 664 dei
826 619 892 664 et*
930 619 1153 663 salvatoris
1191 618 1328 662 nostri
1365 617 1459 661 Iesu
1498 615 1669 660 Christi.
1716 617 1808 652 1059

97 700 225 746 Anno
245 700 299 745 ab
318 699 632 744 incarnatione⁰
655 698 843 743 eiusdem
864 697 992 753 1059,
1023 697 1123 741 Idus
1143 696 1320 754 Aprilis,
1351 694 1583 739 indictione
1602 694 1671 749 12,
1694 666 1819 705 Apr'13

96 777 353 837 pl'·opositis‘¹
382 777 662 822 saerosanctis
694 775 946 832 euangeliis,
982 775 1249 833 praesidente
1281 787 1447 830 quoque
1476 785 1673 816 reveren-

95 856 264 901 tissimo
295 869 346 900 ac
375 855 619 900 beatissimo
639 854 814 898 Nicolao
846 853 1076 910 apostolico
1106 853 1151 896 in
1178 851 1354 896 basilica
1372 850 1672 895 Lateranensis

97 934 361 994 patriarchii,
382 947 463 991 que
484 932 781 989 agnominatur
798 930 1168 986 Constantiniana3
1191 929 1526 974 considentibus⁶
1544 930 1672 973 etiam

98 1012 452 1058 reverentissimis
481 1011 812 1068 archiepiscopis
843 1013 887 1054 et
917 1009 1140 1067 episcopis,
1174 1008 1397 1053 abbatibus
1429 1021 1478 1051 ac
1498 1020 1673 1051 venera-

98 1091 254 1138 bilibus
283 1090 543 1148 presbyteris
575 1088 719 1146 atque‘
749 1087 1009 1143 diaconibus,
1040 1087 1152 1131 idem
1183 1086 1435 1131 venerabilis
1466 1085 1672 1143 pontifex,

98 1169 374 1214 auctoritate⁸
405 1168 639 1227 apostolica
669 1167 896 1211 decernens
928 1166 1003 1210 de¹¹
1027 1165 1230 1210 electione
1261 1165 1417 1209 summi
1447 1163 1673 1222 pontificis,

98 1248 272 1305 inquit¹t

219 1326 355 1371 Novit
383 1327 593 1370 beatitudo
613 1333 765 1378 vestra,
799 1324 1061 1367 dilectissimi
1077 1323 1245 1380 fratres
1268 1331 1306 1366 et
1326 1323 1576 1380 coepiscopi,
1611 1319 1673 1364 etk

99 1404 322 1450 interiora¹
353 1403 510 1448 Christi
544 1404 718 1447 menbra
757 1418 844 1446 non
885 1403 1031 1446 latuit:
1073 1402 1269 1459 defuncto
1306 1403 1407 1459 piae
1449 1401 1674 1443 memoriae

100 1485 254 1528 dmnno
286 1479 526 1541 Stephano²
562 1482 881 1542 praedecessore
918 1489 1085 1534 nostro,
1128 1480 1228 1523 baec
1268 1479 1502 1536 apostolica
1541 1479 1671 1532 sedes,

101 1564 172 1606 mci
191 1562 286 1605 Deo
318 1570 487 1605 auctore
517 1562 718 1614 deservio,
753 1546 886 1617 quotm
914 1561 1092 1603 adversa
1117 1558 1354 1616 pertulerit,
1390 1563 1522 1614 quotm
1554 1558 1673 1599 deni-

101 1654 180 1698 que
208 1654 287 1698 per
306 1642 576 1698 symoniacae
602 1640 755 1682 heresis
787 1639 1015 1695 trapezitas
1045 1637 1210 1680 malleis
1243 1636 1480 1693 crebrisque
1511 1637 1674 1679 tunsio-

100 1719 224 1762 nibus
259 1718 536 1768 subiacuerit5
573 1719 678 1760 adeo
717 1725 764 1760 ut
803 1717 1027 1773 columpna
1058 1716 1170 1758 Dei¹²
1207 1716 1382 1758 viventis
1421 1716 1533 1757 iam⁰
1567 1728 1676 1771 pene

103 1811 303 1841 concussa
332 1798 544 1840 videretur
573 1804 722 1839 nutare
763 1804 801 1839 et
837 1809 995 1852 saqena
1025 1796 1180 1837 summi
1213 1795 1439 1851 piscatoris
1477 1792 1676 1850 procellis

100 1876 464 1919 intumescentibus
512 1882 726 1931 coyeretur
770 1876 816 1916 in
855 1873 1082 1931 naufraqii
1123 1872 1412 1930 profundumv
1451 1871 1674 1928 submeryi.

113 1953 244 2007 Unde,
266 1956 307 1996 si
324 1954 463 2011 placet
477 1953 754 2009 fraternitati
771 1960 944 2005 vestrae,
967 1952 1159 1994 debemus
1171 1951 1341 2007 futuris
1363 1950 1529 1993 casibus
1551 1951 1675 1992 auari-

105 2032 233 2076 liante
263 2032 359 2076 Deo
388 2032 617 2090 prudenter
649 2046 886 2085 occurrere,
919 2039 957 2073 et
987 2030 1261 2073 ecclesiastico
1292 2030 1440 2081 statui,
1480 2043 1532 2070 ne
1562 2029 1676 2070 redi-

103 2113 202 2154 viva
233 2112 348 2168 quod
378 2110 488 2153 absit
516 2110 632 2153 mala
661 2109 949 2166 praevaleant,
982 2110 1028 2151 in
1058 2117 1273 2166 posterum
1297 2108 1563 2164 providereq.

226 2187 510 2246 Quapropter,
543 2190 739 2231 instructi
760 2188 1133 2245 praedecessorum
1152 2195 1392 2229 nostrorum
1413 2185 1679 2241 aliorumque

104 2275 344 2310 sanctorum
369 2271 570 2323 patrum¹²
601 2268 862 2319 auctoritate,
895 2267 1154 2308 decernimus
1186 2273 1310 2321 atque
1340 2265 1584 2306 statuimus.-
1616 2270 1676 2315 ut,

200 2365 227 2387 a.
259 2365 299 2387 ex
318 2355 348 2387 V
365 2357 497 2393 8—8v,
521 2355 597 2396 Zp.
612 2357 673 2386 16¹.-
702 2355 910 2386 Decretum
932 2354 1088 2385 Nicolai
1108 2362 1205 2393 pape
1234 2353 1278 2383 de
1301 2352 1498 2383 electione
1520 2351 1679 2382 Romani

105 2409 323 2450 pontificis.
356 2409 488 2450 Leyitur
509 2408 603 2440 etiam
622 2409 658 2440 in
681 2408 744 2447 (B)
769 2408 833 2440 cod.
852 2408 921 2439 bibl.
937 2407 1104 2448 Bamberq.
1126 2406 1151 2444 Q
1167 2407 1209 2437 VI
1231 2407 1268 2436 31
1292 2405 1416 2436 membr.
1436 2415 1518 2436 saec.
1532 2405 1600 2436 XII
1614 2403 1679 2445 fol.

109 2463 287 2495 68-70v.
369 2463 400 2493 b.
429 2472 464 2494 ac
478 2464 518 2493 B.
603 2472 628 2493 c.
661 2463 829 2493 incartiono
847 2463 878 2492 V.
964 2462 993 2492 d.
1026 2461 1192 2501 prepositis
1209 2461 1247 2491 B.
1333 2470 1360 2490 e.
1388 2459 1624 2490 consedentibus
1640 2460 1679 2489 B.

105 2517 128 2548 s.
161 2526 196 2547 ac
213 2516 244 2547 V.
350 2526 378 2555 g.
411 2517 590 2547 auctoritate
612 2516 781 2556 apostolica
802 2526 858 2546 om.
878 2517 908 2546 V.
1015 2515 1045 2545 h.
1079 2515 1116 2544 de
1137 2531 1167 2535 —
1186 2514 1342 2553 pontificis
1364 2524 1420 2544 om.
1436 2514 1474 2543 B.
1580 2514 1600 2543 i.
1633 2513 1678 2543 in-

107 2571 182 2611 quid
199 2571 231 2608 V,
255 2571 298 2601 sit
319 2571 357 2601 B.
441 2570 472 2600 k.
505 2571 577 2610 quia
596 2571 628 2601 B
642 2580 706 2611 pro
729 2572 769 2601 et.
853 2570 872 2600 l.
906 2570 1052 2600 interiora
1069 2569 1140 2604 VB,·
1168 2578 1263 2608 super
1283 2568 1429 2599 interiora
1449 2567 1577 2607 scripsit
1597 2567 1632 2597 in
1654 2567 1683 2597 Z

108 2624 176 2656 alia
197 2634 325 2655 manus.-
347 2624 396 2655 vel
416 2623 604 2662 austeriora).
688 2634 728 2654 m.
757 2624 839 2663 quod
856 2624 915 2654 VZ.
989 2633 1018 2653 n.
1047 2632 1103 2653 om.
1119 2622 1158 2652 B.
1233 2631 1261 2652 ο.
1292 2622 1414 2652 iamiam
1432 2622 1471 2651 B.
1546 2630 1576 2660 p.
1609 2629 1679 2659 pro—

107 2678 202 2710 funda
223 2679 262 2709 B.
367 2687 397 2717 q.
428 2678 606 2717 praevidere
628 2678 667 2708 B.

204 2737 236 2772 1.
270 2736 327 2772 De
351 2736 506 2771 diversis
537 2736 629 2781 legis
662 2735 769 2771 huius
801 2735 978 2781 exemplis
1010 2736 1166 2780 egerunt
1182 2734 1303 2770 Waitz
1336 2733 1393 2777 (in
1417 2732 1680 2778 Forschungen

109 2806 174 2832 zur
197 2795 400 2832 deutschen
425 2795 644 2831 Geschichte
668 2795 719 2832 IV
740 2796 809 2831 105
832 2797 903 2840 sq.)
928 2794 1013 2831 Will
1038 2793 1146 2838 (ibid.
1165 2794 1234 2830 537
1253 2796 1328 2839 sq.)
1359 2791 1600 2829 Giesebrecht
1624 2792 1681 2835 (in

108 2854 309 2891 Mfinchner
342 2854 576 2891 historisches
605 2854 793 2892 Jahrbuch
825 2854 884 2890 fiir
911 2855 1003 2890 1866
1032 2864 1068 2899 p.
1087 2854 1156 2890 156
1173 2857 1269 2900 sq.)3
1302 2863 1421 2899 neque
1451 2863 1529 2888 rem
1561 2850 1610 2887 ad
1640 2850 1680 2886 li-

110 2914 260 2960 quidum
285 2914 545 2960 perduxerunt.
582 2914 635 2950 At
651 2918 828 2960 quantum
845 2924 900 2959 ea,
926 2924 1037 2958 quam
1054 2912 1112 2949 hic
1130 2923 1306 2959 propono,
1331 2913 1425 2958 legis
1443 2911 1562 2947 forma
1578 2910 1680 2946 diffe-

110 2977 168 3010 rat
191 2984 275 3010 cum
299 2973 443 3010 duabus
466 2973 592 3010 formis
617 2974 737 3010 adhuc
762 2973 951 3019 respectis,
976 2972 1083 3009 facile
1108 2977 1272 3019 apparet.
1371 2974 1404 3008 2.
1431 2972 1477 3007 X.
