2028 3438
0 0 32 319 ι
457 228 622 260 naonis
652 228 759 258 vri-A
791 226 1002 258 o‘r'roms.
1051 226 1138 256 un.
1161 225 1197 255 11
1230 222 1273 255 18
1567 210 1651 253 647

83 335 229 394 aaut,
248 335 500 394 baptisavit.
621 335 733 378 Nam
758 333 850 377 dux
881 331 1093 376 Polizlaus
1126 331 1251 375 sicut
1266 344 1368 385 erga
1397 330 1535 374 Deum
1567 329 1776 374 cul-1125

82 415 280 472 torosque
316 413 398 459 Dei
444 413 649 468 religione
687 425 736 456 80
782 412 940 469 pietate
978 409 1158 465 insignis
1198 409 1261 452 ita
1301 421 1402 463 erga
1439 407 1656 465 ydolatrae

85 492 140 538 ot:
157 492 409 537 mansos
425 490 559 535 debiti
573 490 741 545 rigoris
771 489 1004 546 asperitate
1029 487 1111 530 fuit
1140 485 1420 543 inplacabilis.
1470 485 1657 540 Singulis

0 553 11 614 ἓ
86 570 245 628 quippe
276 569 420 624 annis,
453 567 627 612 collecto
659 567 847 610 exercitu
879 565 1039 620 valido,
1069 568 1206 608 terras
1236 577 1500 620 paganorum
1531 563 1658 607 deva-

0 638 12 756 ἰ
84 644 206 692 'tm
230 642 416 702 sclbbat,
454 647 504 689 ut
532 644 602 689 vel
631 645 784 688 timore
815 643 945 699 gladii
974 643 1072 698 iugo
1104 641 1331 685 christiane
1361 640 1460 684 fidei
1490 640 1658 696 subige-

84 723 255 769 nnbat-¹
295 723 423 776 Quod
453 722 526 767 ubi
564 722 800 766 ministerio
842 721 902 778 pii
933 720 1101 770 0110813
1140 719 1300 763 factum
1338 723 1424 774 est,
1464 732 1584 762 arma
1613 719 1658 761 in

0 812 13 870 ᾗ
85 803 258 860 paoem-¹
263 803 446 846 mutata
464 803 577 854 sunt,
609 799 832 855 cunctique
853 798 905 842 de
935 797 1138 852 latibulis,
1171 796 1242 840 ubi
1265 796 1500 840 absconditi
1522 799 1657 852 erant,

0 878 9 943 ξ
85 878 263 937 accepta
291 877 372 936 per
399 878 568 922 beatum
609 876 822 934 presulem
853 876 1099 930 securitate,
1137 874 1416 931 prodeuntes,
1456 874 1659 931 baptismi

0 964 7 1006 ἔ
85 957 267 1013 gratiam
285 955 502 1000 consecuti
533 959 644 999 38111.
693 954 782 998 Ηο0
811 954 942 1009 igitur
973 956 1120 996 sancta
1151 952 1371 1009 occupatio
1402 952 1659 1009 predicatori

0 1066 13 1084 .-
86 1032 289 1079 veritatis
307 1047 493 1078 moram
491 1032 706 1082 redeundi
736 1032 856 1086 fecit,
898 1044 1077 1087 eumque
1115 1030 1161 1073 in
1179 1029 1427 1074 Dodinensi
1458 1030 1549 1073 loco
1581 1029 1659 1072 ali-

87 1110 288 1169 quamdiu
307 1110 500 1161 detinuit.
611 1110 694 1154 Sed
725 1109 909 1167 peractis
931 1108 1139 1162 omnibus,
1168 1106 1465 1163 Belgroensem
1488 1104 1660 1151 urbem¹

2 1175 10 1189 ²
85 1190 256 1248 petiit,--
270 1189 422 1234 deinde
457 1188 738 1244 Colubregam
747 1185 775 1231 ².
836 1187 927 1230 Illic
965 1185 1186 1230 0001031818
1226 1186 1271 1228 18
1317 1186 1476 1229 honore
1514 1188 1660 1229 sancte

86 1266 415 1322 Deiffgenit'ricis
445 1259 592 1322 Mai-ie,
623 1266 782 1309 dudum
815 1279 840 1309 a
871 1278 916 1309 se
947 1263 1200 1319 inchoatam,
1234 1263 1411 1320 perfecit
1442 1266 1484 1307 01
1513 1276 1660 1306 conse-

0 1401 6 1405 *
86 1345 256 1390 oravit*
282 1344 386 1389 Post
425 1344 502 1389 hec
531 1344 716 1388 visitatis
757 1343 950 1386 omnibus
993 1341 1180 1386 ecclesiis
1211 1341 1386 1397 Deoque
1416 1341 1569 1384 intima
1597 1340 1661 1383 la-

87 1422 317 1468 crimarum
336 1422 590 1480 vprofusione
621 1421 939 1476 commendatiS,
972 1423 1118 1464 auctus
1151 1418 1442 1463 benedictione
1473 1418 1659 1474 Domini,

85 1500 383 1545 Pomeraniam
413 1500 641 1556 egreditur.

88 1631 91 1632 ⁷
135 1604 138 1614 =
165 1595 181 1610 ·³
208 1578 382 1623 Deinde⁸
408 1590 614 1635 prospero
646 1590 772 1621 cursu
802 1575 1021 1620 Poloniam
1054 1575 1247 1629 veniens,
1288 1573 1521 1618 inedicibili
1558 1587 1662 1628 gau-

88 1657 172 1701 dio·
196 1656 520 1701 acv'reverentia
557 1655 674 1699 velut
711 1654 885 1710 angelus
916 1653 998 1697 Dei
1037 1666 1062 1696 a
1100 1652 1205 1696 duee
1236 1651 1425 1695 Polizlao
1464 1651 1663 1706 omnique

89 1734 282 1778 olei-oet
306 1733 463 1791 populo
482 1733 737 1790 suscipitur.
784 1732 855 1775 Fit
884 1731 1086 1787 gaudium
1117 1729 1314 1785 generale
1344 1730 1480 1773 tocius
1511 1728 1662 1786 plebis,

88 1816 179 1856 1818·
207 1812 563 1856 de=conversione
583 1811 856 1855 Pomeranice
887 1809 1026 1864 gentis
1057 1822 1181 1864 quam
1217 1808 1344 1852 etiam
1376 1808 1428 1850 de
1459 1807 1664 1864 sospitate

90 1894 134 1934 01
169 1888 312 1934 reditu
350 1888 729 1934 desiderantissimi
767 1888 902 1945 patris
940 1886 1120 1930 Ottonis.
1249 1885 1526 1941 Aliquamdiu
1563 1898 1662 1940 ergo

89 1966 179 2013 illio
208 1982 234 2012 8
252 1966 439 2012 Polizlao
458 1966 576 2011 ‘duce
606 1966 883 2009 humanitatis
914 1965 1052 2020 gratia
1072 1964 1281 2018 1101011183,
1313 1963 1560 2007 Bohemiam
1591 1962 1664 2006 ad-

89 2047 143 2090 iit
180 2045 447 2102 simi-lemque
475 2044 678 2101 Ladizlao
710 2043 807 2087 duci
845 2046 888 2087 et
925 2042 1119 2086 omnibus
1158 2041 1246 2084 suis
1285 2041 1336 2084 de
1374 2041 1558 2084 adventu
1589 2053 1664 2083 suo

90 2123 276 2169 leticiam
321 2123 502 2181 prebuit.
564 2121 728 2166 Deinde
776 2120 829 2163 ad
866 2119 1178 2164 Claderunense
1217 2118 1437 2162 cenobium
1476 2118 1664 2172 veniens,

90 2201 293 2247 fratribus
323 2201 513 2244 unanimi
540 2199 762 2243 devotione
793 2197 872 2241 sibi
906 2196 1221 2241 occurrentibus
1255 2195 1381 2239 solita
1411 2195 1665 2239 humilitatis

93 2279 311 2325 affectione
343 2292 388 2323 se
418 2277 742 2322 commendavit.

214 2356 367 2413 Sisque
404 2356 520 2399 omni
558 2354 829 2399 festinatione
866 2352 970 2396 fines
1009 2356 1122 2396 terre
1162 2365 1237 2394 sue
1273 2351 1512 2406 ingressus,
1558 2349 1666 2393 feria
1687 2367 1776 2397 Mart.
1792 2367 1832 2397 24

93 2435 225 2480 tercia
269 2434 442 2478 maioris
483 2433 714 2478 ebdomade
754 2429 1139 2474 Michelfeldensem
1186 2428 1324 2472 locum
1372 2428 1478 2471 adiit
1522 2427 1665 2483 ibique

93 2525 241 2557 conam
272 2511 445 2556 Domini
477 2511 620 2555 debita
650 2508 942 2563 veneratione,
980 2507 1113 2551 multo
1151 2506 1340 2550 fidelium
1378 2506 1560 2562 stipatus
1593 2518 1665 2560 ag·
1689 2522 1776 2552 Mart.
1793 2523 1833 2552 26

94 2591 228 2646 mine,
275 2589 514 2634 celebravit.
569 2588 680 2631 Nam
719 2586 862 2643 plures
903 2586 955 2628 de
994 2584 1106 2628 clero
1153 2587 1195 2627 et
1233 2582 1389 2640 populo
1425 2582 1666 2626 Babenber-

95 2668 228 2724 gensi,
265 2667 552 2711 desiderantes
583 2664 815 2720 angelicam
847 2664 937 2707 eius
969 2662 1241 2719 presentiam,
1280 2660 1367 2704 illic
1398 2663 1667 2704 occurrerant

96 2748 160 2800 01,
193 2745 314 2801 quasi
345 2744 396 2788 de
426 2748 563 2788 morte
592 2741 828 2787 redditumb
861 2744 1073 2797 pastorem
1105 2739 1343 2796 piissimum
1374 2738 1665 2795 suscipientes,

99 2822 378 2880 omnipotenti
417 2822 527 2877 Deo,
574 2821 647 2877 qui
689 2833 766 2877 per
811 2822 875 2862 tot
919 2817 1107 2874 pericula
1144 2816 1308 2860 salvum
1346 2829 1442 2860 eum
1482 2815 1664 2870 reduxit,

196 2932 225 2952 8.
255 2930 331 2962 pace
357 2920 388 2953 0.
671 2919 700 2950 b.
734 2919 866 2950 reditum
891 2916 953 2948 CB.

194 2987 227 3022 1.
251 2985 423 3032 Belgard.
716 2984 750 3018 2.
776 2980 950 3027 Kolberg.
