2028 3438
428 276 512 318 758
818 287 1056 318 Hnssnonm
1086 287 1327 318 DIALOGUS.
1376 287 1461 317 Lm.
1483 287 1517 316 11
1550 285 1592 318 16

311 403 402 439 1124
427 394 663 437 descensus.
713 393 904 437 Cortinas
928 394 1037 437 circa
1059 393 1182 448 dolia,
1213 393 1308 436 fixis
1331 392 1620 449 columpnellis
1639 392 1893 449 funibusque
1917 393 1981 436 in-

326 453 389 482 luu'
427 471 577 525 ductiS,
610 470 793 527 oppandi
824 471 935 526 fecit,
967 474 1014 514 ut
1043 470 1088 512 in
1118 470 1286 513 modum
1318 483 1468 513 corone
1488 469 1580 512 velo
1611 469 1794 526 undique
1822 467 1982 526 cuppa¹

427 549 685 602 cingeretur;
727 551 824 590 ante
855 547 1111 590 sacerdotem
1145 560 1243 590 vero
1276 550 1318 589 et
1348 546 1669 601 comministros,
1700 547 1785 602 qui,
1817 559 1870 591 ex
1899 559 1984 589 una

427 627 547 681 parte
579 627 776 679 astantes,
811 624 1061 667 sacramenti
1084 637 1186 680 opus
1210 623 1377 680 explere
1405 622 1626 678 habebant,
1657 622 1983 667 linteum-June

427 701 600 744 traiecto
634 701 853 757 pependit;
887 703 1092 756 quatenus
1119 700 1366 743 verecundie
1396 700 1578 756 undique
1610 699 1824 757 provisum
1852 699 1981 752 foret3

427 792 480 821 ne
511 778 610 833 quid
642 777 813 833 ineptie'
831 781 903 820 aut
933 777 1206 833 turpitudinis
1238 779 1454 820 notaretur
1483 777 1526 820 in
1559 779 1841 838 sacramento,
1878 789 1983 819 neve

428 855 686 898 honestiores
726 867 902 910 persone
941 854 1112 910 pudoris
1144 853 1359 897 occasione
1396 867 1440 896 se
1472 867 1497 896 a
1528 853 1735 910 baptismo
1767 851 1982 896 subtrahe-

428 934 533 974 rent.
657 930 760 974 Cum
793 944 891 984 ergo
924 930 977 973 ad
1008 930 1190 973 stadium
1222 930 1463 974 cathecismi
1494 930 1614 973 turbe
1645 930 1854 984 venirent,
1896 942 1982 973 ser-

428 1021 550 1050 mone
590 1007 661 1062 qui
695 1007 850 1050 talibus
882 1010 1137 1064 competeret
1167 1007 1387 1063 episcopus
1426 1020 1496 1050 eos
1535 1019 1679 1051 omnes
1710 1006 1983 1050 communiter

429 1084 657 1140 alloquenS,
691 1097 920 1139 sexumque
942 1098 966 1127 a
988 1097 1090 1127 sexu
1112 1084 1375 1127 dextrorsum
1408 1087 1450 1127 et
1473 1083 1760 1127 sinistrorsum
1781 1085 1982 1138 statuens,

429 1161 708 1204 cathezizatos
731 1160 820 1203 oleo
851 1161 1070 1217 perunxit3
1103 1161 1252 1204 deinde
1275 1161 1327 1204 ad
1349 1160 1594 1217 baptisteria
1614 1160 1776 1215 digredi
1797 1159 1981 1204 mandat.

429 1238 561 1292 Igitur
594 1237 646 1280 ad
683 1237 900 1281 introitum
937 1238 1095 1281 cortine
1127 1238 1359 1292 venientes,
1400 1237 1553 1292 singuli
1588 1240 1752 1281 tantum
1782 1249 1876 1280 cum
1909 1249 1983 1293 pa-

429 1315 552 1357 trinis
585 1315 670 1357 suis
701 1314 926 1357 intrabant.
977 1314 1211 1370 Statimque
1233 1318 1405 1369 vestem,
1439 1327 1521 1369 qua
1540 1314 1620 1357 fuit
1640 1314 1816 1363 amictus
1845 1313 1883 1357 is
1912 1313 1983 1369 qui

431 1391 709 1447 baptizandus
742 1395 845 1446 erat,
878 1395 919 1434 et
941 1405 1104 1435 cereum
1115 1389 1142 1446 ²,
1175 1391 1246 1434 illo
1269 1392 1311 1433 in
1335 1404 1486 1447 aquam
1508 1390 1795 1446 descendente,
1827 1390 1983 1447 patrini

432 1468 735 1525 suscipiebant3
775 1472 817 1510 et
847 1471 943 1511 ante
973 1469 1122 1511 faciem
1155 1481 1274 1511 suam
1304 1468 1420 1510 illam
1452 1471 1660 1523 tenentes,
1693 1467 1982 1524 expectabant,

431 1546 561 1589 donec
592 1558 683 1588 eam
715 1545 939 1588 redderent
970 1545 1020 1588 de
1053 1558 1161 1600 aqua
1192 1545 1373 1588 exeunti.
1431 1544 1632 1588 Sacerdos
1665 1558 1783 1599 vero,
1822 1544 1894 1600 qui
1931 1544 1984 1587 ad

431 1636 611 1679 cuppam
643 1622 793 1676 stabat,
827 1635 917 1664 cum
950 1622 1134 1665 audisset
1164 1622 1304 1678 potius
1327 1635 1451 1676 quam
1474 1621 1660 1676 vidisset,
1692 1621 1802 1677 quod
1832 1621 1983 1677 aliquis

431 1703 541 1743 esset
570 1699 614 1741 in
646 1712 773 1754 aqua,
815 1698 904 1741 velo
940 1698 1156 1755 paululum
1188 1703 1370 1753 remoto,
1410 1698 1522 1741 trina
1550 1698 1802 1741 inmersione
1833 1698 1983 1755 capitis

430 1776 543 1819 illius
575 1775 765 1831 mysterii
797 1778 1102 1818 sacramentum
1142 1775 1336 1831 perfecit3
1378 1778 1631 1831 unctumque
1660 1774 1822 1831 liquore
1852 1775 1983 1818 chris-

430 1853 554 1896 matis
593 1853 637 1895 in
667 1852 822 1894 vertice
862 1855 903 1895 et
942 1848 1058 1895 alba³
1094 1853 1312 1908 imposita,
1352 1852 1603 1908 reductoque
1634 1851 1746 1907 velo,
1787 1852 1839 1895 de
1877 1865 1984 1907 aqua

431 1929 553 1972 iussit
574 1929 688 1972 exire
709 1928 983 1984 baptizatum,
1005 1929 1182 1985 patrinis
1199 1932 1313 1972 veste
1334 1942 1459 1984 quam
1480 1928 1678 1972 tenebant
1696 1928 1815 1973 illum
1836 1941 1983 1986 coope-

431 2005 634 2050 rientibus
667 2008 790 2060 atque
822 2005 1132 2049 deducentibus.
1180 2005 1259 2048 Hic
1283 2005 1443 2060 modus,
1475 2005 1551 2049 hec
1581 2006 1754 2062 specie8‚
1786 2005 1854 2049 hic
1882 2006 1983 2049 ordo

432 2083 551 2125 nobis
582 2082 663 2125 fuit
691 2081 934 2138 baptizandi
960 2083 1072 2125 viros
1104 2086 1145 2126 et
1176 2082 1371 2126 mulieres
1403 2085 1444 2125 et
1476 2095 1626 2138 pueros
1659 2082 1835 2138 adultos,
1868 2083 1939 2138 qui
1959 2097 1983 2126 a

433 2158 716 2201 sacerdotibus
736 2158 779 2201 in
803 2172 953 2214 aquam
977 2159 1108 2202 levari
1133 2172 1218 2201 non
1249 2162 1457 2215 poterant,
1487 2163 1572 2202 tam
1604 2159 1647 2202 in
1668 2158 1828 2203 Pirissa
1858 2173 1982 2216 quam

431 2235 477 2277 in
508 2234 600 2277 aliis
631 2235 803 2278 urbibus
835 2239 876 2279 et
903 2235 1097 2291 castellis,
1129 2235 1361 2291 ubicunque
1391 2235 1536 2292 populi
1566 2235 1686 2292 copia
1716 2249 1792 2279 nos
1823 2249 1981 2279 moram

432 2312 569 2354 facere
600 2311 814 2366 coegisset.

553 2387 743 2431 Tiemo:
776 2387 905 2431 Miror
927 2387 1093 2444 oppid0,
1125 2389 1235 2432 unde
1248 2383 1343 2431 ‘tam
1364 2388 1674 2444 disciplinatam
1705 2392 1747 2432 et
1766 2389 1982 2433 honestam

435 2464 678 2519 baptizandi
715 2464 895 2507 formam
933 2464 1150 2519 acceperit.
1202 2464 1258 2507 Et
1293 2466 1338 2507 in
1378 2465 1534 2519 hieme,
1582 2479 1729 2520 queso,
1777 2466 1982 2521 quomodo

434 2540 720 2583 sustinebant?

554 2615 810 2677 Sefridus:
850 2616 993 2671 Neque
1024 2619 1124 2659 tunc
1153 2617 1327 2672 inquit
1358 2617 1444 2660 eius
1477 2616 1705 2673 diligentia,
1738 2618 1847 2674 quod
1877 2622 1981 2662 tem-

434 2692 526 2747 pori
557 2692 820 2735 commodum
853 2696 974 2747 esset,
1007 2693 1194 2736 invenire
1223 2693 1420 2747 neglexit.
1466 2692 1626 2749 Nempe
1655 2694 1699 2736 in
1727 2691 1884 2751 stupis⁴
1914 2708 1982 2738 ca-

530 2782 556 2802 a.
589 2773 734 2802 lintheum
757 2775 827 2804 NB.

530 2831 561 2864 1.
587 2839 691 2874 cupa.
811 2832 844 2866 2.
873 2830 1016 2866 Rituale
1040 2831 1261 2875 Romanum,
1287 2831 1342 2866 De
1367 2834 1593 2866 sacramento
1618 2830 1807 2876 baptismi:
1834 2843 1981 2878 „cereus

434 2897 499 2922 seu
532 2887 683 2922 candela
715 2897 820 2923 cerea
852 2888 1035 2933 baptizato
1067 2889 1196 2924 ardens
1220 2889 1430 2924 tradenda“.
1549 2890 1582 2924 3.
1613 2889 1756 2925 Rituale
1779 2891 1980 2926 Romanum

434 2945 517 2980 l.1.:
552 2944 656 2990 „alba
680 2946 793 2981 vestis
817 2946 854 2981 in
879 2947 1025 2982 modum
1049 2947 1194 2992 pallioli,
1219 2956 1284 2983 seu
1308 2947 1492 2983 linteolum
1518 2947 1723 2993 candidum,
1751 2947 1898 2984 infantis
1923 2958 1981 2985 ca—

434 3003 500 3048 piti
524 3003 816 3048 imponendum“.
957 3005 992 3040 4.
1018 3004 1262 3052 hypocaustis.
