2028 3438
396 256 452 298 48
874 267 1093 299 nmmum
1122 267 1289 299 connx.
1336 265 1393 299 23.
1411 265 1458 298 24

282 383 373 419 1062
395 372 488 416 volo
521 372 572 415 ad
604 386 801 429 praesens
821 387 990 428 rogare:
1022 377 1082 428 ut,
1113 373 1207 417 ubi·
1229 372 1390 416 occasio
1414 372 1556 428 aliqua
1574 371 1748 426 dederit,
1781 370 1947 416 solitam

252 762 343 796 1063
351 761 369 796 ‘?

397 449 594 493 ecclesiae
623 442 792 493 nostrae
823 451 947 507 opem
977 453 1020 494 et
1048 450 1223 494 tutelam
1252 449 1526 506 praetendere
1556 461 1642 491 non
1670 447 1915 503 gravemini.

399 589 479 636 24.
511 591 754 634 Alexander
775 591 831 634 II
849 607 971 649 papa
1003 607 1179 635 canones
1211 595 1258 634 in
1288 592 1448 648 synodo
1471 589 1945 642 Constantinianagaan-

516 671 615 725 citos
644 668 923 726 promulyatb.
1770 665 1825 718 (E
1846 666 1947 720 131)

514 756 753 799 Alexander
791 757 1009 813 episcopus
1057 770 1201 800 servus
1242 769 1457 799 servorum
1496 755 1576 798 Dei
1622 754 1815 801 omnibus
1859 754 1948 811 epi-

397 833 532 889 scopis
554 832 769 876 catholicis
791 836 1020 889 cunctoque
1040 833 1150 877 clero
1178 837 1220 877 et
1239 832 1393 890 populo
1415 832 1591 876 salutem
1614 835 1656 876 et
1675 831 1948 889 apostolicam

397 909 741 953 benedictionem.

514 986 743 1041 Vigilantia
792 987 1042 1030 universalis
1093 986 1310 1040 regiminis
1365 986 1575 1030 assiduam
1627 985 1948 1031 sollicitudinem

398 1063 589 1107 omnibus
621 1063 832 1121 debentes,
865 1078 971 1120 quae
1001 1063 1047 1106 in
1078 1063 1446 1107 Constantiniana⁰
1488 1062 1645 1119 synodo
1676 1076 1816 1120 nuper*
1841 1062 1947 1108 cele-

398 1140 519 1184 brata
548 1154 687 1183 coram
719 1144 882 1184 centum
916 1144 958 1183 et
988 1141 1166 1197 amplius
1199 1141 1418 1197 episcopis,
1449 1140 1569 1184 nobis
1589 1139 1711 1183 licet‘¹
1739 1139 1947 1184 inmeritis

397 1217 700 1274 praesentibus,
733 1221 830 1260 sunt
859 1217 1055 1260 canonice
1084 1218 1290 1272 instituta,
1322 1217 1440 1261 vobis
1477 1216 1692 1261 notificare
1731 1230 1946 1270 curamus3

398 1295 496 1351 quia
527 1295 580 1338 ad
611 1295 788 1338 salutem
827 1298 1010 1338 vestram
1042 1298 1282 1339 executores
1314 1308 1458 1338 eorum
1489 1307 1562 1338 vos
1594 1297 1788 1351 optamus
1824 1298 1866 1339 et
1895 1308 1948 1338 ex

398 1371 629 1428 apostolica
659 1371 907 1415 auctoritate
936 1372 1116 1415 iubendo
1148 1372 1409 1415 mandamus,

515 1448 657 1492 Primo
688 1462 868 1504 namque
897 1449 1132 1506 inspectore
1162 1449 1272 1504 Dec,
1305 1449 1413 1492 sicut
1443 1462 1468 1491 a
1498 1451 1640 1492 sancto
1670 1461 1784 1506 papa
1808 1447 1947 1492 Leone

399 1529 440 1570 et
469 1526 616 1569 beatae
647 1526 874 1569 memoriae
904 1540 1017 1582 papa
1047 1525 1240 1569 Nicolao⁰
1271 1525 1466 1581 inprimis
1497 1529 1701 1569 statutum
1733 1529 1816 1581 est,
1848 1539 1948 1580 erga

398 1600 682 1659 symoniacos¹
712 1603 870 1645 nullam
900 1602 1231 1646 misericordiam
1261 1602 1305 1645 in
1326 1602 1536 1656 dignitatev
1560 1602 1846 1646 conservanda
1873 1602 1947 1645 ha-

398 1679 577 1723 bendam
608 1693 698 1722 esse
729 1679 1009 1736 decernimus3
1050 1680 1122 1723 sed
1153 1679 1272 1722 iuxta
1302 1692 1508 1721 canonum
1539 1680 1773 1724 sanctiones
1804 1682 1846 1723 et
1875 1679 1946 1722 de-

398 1759 512 1800 creta
542 1759 780 1799 sanctorum
811 1761 979 1813 patrum
1011 1770 1081 1800 eos
1113 1757 1280 1799 omnino
1309 1757 1586 1814 dampnamus
1619 1770 1667 1801 ac
1696 1758 1741 1800 in
1772 1756 1946 1802 ccclesia

397 1847 482 1876 non
511 1847 705 1890 praeesse
737 1834 963 1890 apostolica
994 1834 1240 1877 auctoritate
1272 1834 1513 1877 sanctimus.

516 1910 580 1953 De
600 1910 679 1965 his,
713 1911 784 1966 qui
812 1924 897 1953 non
927 1924 1002 1966 per
1023 1911 1243 1967 pecuniam
1275 1911 1348 1954 sed
1368 1904 1556 1966 gratis-a
1577 1911 1828 1967 symoniacis
1848 1914 1947 1954 sunt

399 1988 594 2043 ordinati,
627 1989 789 2042 quesita
818 1988 903 2030 iam
932 1987 1062 2042 longo*
1087 1991 1276 2044 tempore
1307 1992 1349 2032 et
1380 1989 1535 2037 diutius
1567 1988 1782 2044 questione
1811 1977 1958 2031 venti?

397 2064 496 2119 lata⁷
529 2078 694 2109 omnem
723 2065 879 2108 nodum
901 2065 1123 2108 dubietatis
1156 2065 1428 2119 absolvimus3
1459 2066 1520 2108 ita
1549 2068 1597 2108 ut
1616 2078 1741 2122 super
1770 2065 1849 2109 hoc
1878 2078 1946 2109 ca-

398 2141 530 2197 pitulo
561 2142 770 2184 neminem
803 2142 998 2199 deinceps
1027 2142 1235 2197 ambigere
1257 2143 1562 2199 permittamus.
1683 2141 1789 2193 Quia
1817 2143 1946 2197 igitur

397 2232 529 2274 usque
551 2218 653 2261 adeo
674 2218 749 2262 hec
770 2223 974 2262 venenata
1000 2220 1204 2276 pernicies
1225 2219 1425 2262 hactenus
1445 2219 1630 2274 inolevit,
1662 2222 1710 2261 ut
1727 2219 1800 2262 vix
1821 2233 1946 2275 quae-

397 2295 500 2338 libet
531 2295 704 2338 ecclesia
735 2296 872 2339 valeat
901 2297 1091 2353 reperiri,
1125 2310 1229 2352 quae
1259 2296 1337 2339 hoc
1367 2295 1511 2338 morbo
1532 2308 1618 2337 non
1648 2295 1703 2338 sit
1723 2295 1864 2351 aliqua
1894 2309 1945 2339 ex

398 2375 518 2427 parte
557 2375 772 2428 corrupta,
812 2386 895 2428 eos,
928 2374 1000 2429 qui
1029 2386 1159 2429 usque
1197 2373 1320 2415 modo
1351 2372 1482 2427 gratis
1520 2375 1617 2414 sunt
1654 2372 1884 2416 consecrati
1921 2385 1946 2415 a

399 2449 664 2503 symoniacis,
696 2463 779 2491 non
799 2452 888 2492 tam
909 2463 1085 2493 censura
1102 2450 1292 2492 iusticiae
1314 2462 1438 2504 quam
1462 2449 1618 2491 intuitu
1636 2449 1945 2492 misericordiae

398 2524 443 2566 in
474 2526 653 2581 acceptis
686 2526 900 2569 ordinibus
930 2539 1098 2570 manere
1129 2526 1430 2582 permittimus3
1462 2526 1544 2569 nisi
1573 2525 1681 2568 forte
1712 2526 1794 2569 alia
1823 2526 1946 2583 culpa

491 2651 518 2671 a.
550 2644 569 2672 ἡ
595 2640 625 2678 0,
649 2650 715 2671 cum
736 2643 774 2673 B.
857 2644 886 2673 b.
918 2653 956 2674 ex
978 2644 1004 2674 V
1021 2645 1200 2680 54v—55‚
1231 2643 1259 2673 Ζ
1276 2653 1308 2682 p.
1324 2644 1482 2673 91—92:
1509 2643 1712 2673 Decretum
1733 2642 1946 2673 Alexandri

398 2702 418 2732 p
428 2702 445 2723 a
452 2703 472 2732 p
481 2703 496 2723 e
505 2704 512 2730 ;
542 2694 572 2723 Β
593 2694 638 2724 32
646 2710 686 2714 -
694 2695 738 2724 32
744 2705 762 2724 v
771 2708 779 2724 .·
805 2695 829 2725 E
836 2704 855 2734 p
863 2696 874 2726 i
882 2697 916 2726 st
924 2696 992 2726 ola.
1127 2706 1152 2727 c.
1186 2696 1400 2726 Constantiana
1420 2696 1451 2727 V.
1586 2695 1615 2725 d.
1647 2695 1719 2725 licet
1744 2695 1831 2726 nobis
1856 2695 1944 2726 VZB.

400 2755 426 2775 e.
457 2745 611 2784 Nycholao
633 2747 664 2782 V,
687 2747 814 2777 Nikolao
835 2748 873 2778 B.

400 2817 456 2849 est
484 2814 578 2850 inter
607 2815 870 2861 imperatricem
896 2817 1078 2863 Agnetem
1109 2821 1147 2853 et
1170 2816 1417 2853 Gundharium
1443 2816 1783 2862 Babenbergensem
1807 2817 1944 2862 episco-

425 2872 528 2908 um“.

399 2884 423 2919 p
495 2933 527 2967 1.
556 2932 681 2977 „Erga
710 2932 926 2969 simoniacos
952 2954 995 2960 -
1021 2933 1232 2970 sancimus“
1267 2934 1435 2979 leguntur
1465 2934 1502 2969 in
1534 2933 1698 2969 Gratiani
1728 2933 1824 2969 decr.
1849 2933 1889 2968 P.
1910 2933 1945 2968 II

401 2988 441 3025 C.
458 2989 476 3025 Ι
500 3000 535 3035 q.
554 2992 573 3025 1
600 3000 631 3025 c.
650 2991 728 3026 110.
