<?xml version="1.0" encoding="UTF-8"?>
<!DOCTYPE html PUBLIC "-//W3C//DTD XHTML 1.0 Transitional//EN"
    "http://www.w3.org/TR/xhtml1/DTD/xhtml1-transitional.dtd">
<html xmlns="http://www.w3.org/1999/xhtml" xml:lang="en" lang="en">
 <head>
  <title>
</title>
<meta http-equiv="Content-Type" content="text/html;charset=utf-8" />
  <meta name='ocr-system' content='tesseract 3.04.00' />
  <meta name='ocr-capabilities' content='ocr_page ocr_carea ocr_par ocr_line ocrx_word'/>
</head>
<body>
  <div class='ocr_page' id='page_1' title='image "bibliothecarerum05wattuoft_0444.png"; bbox 0 0 2028 3438; ppageno 0'>
   <div class='ocr_carea' id='block_1_1' title="bbox 363 231 1410 276">
    <p class='ocr_par' dir='ltr' id='par_1_1' title="bbox 363 231 1410 276">
     <span class='ocr_line' id='line_1_1' title="bbox 363 231 1410 276; baseline 0.002 -3"><span class='ocrx_word' id='word_1_1' title='bbox 363 231 451 273; x_wconf 82' lang='lat'>428</span> <span class='ocrx_word' id='word_1_2' title='bbox 870 243 1095 274; x_wconf 51' lang='lat' dir='ltr'>‘omnium</span> <span class='ocrx_word' id='word_1_3' title='bbox 1125 243 1301 275; x_wconf 43' lang='lat' dir='ltr'>conexi</span> <span class='ocrx_word' id='word_1_4' title='bbox 1340 241 1410 276; x_wconf 78' lang='lat'>247</span> 
     </span>
    </p>
   </div>
   <div class='ocr_carea' id='block_1_2' title="bbox 219 347 1928 438">
    <p class='ocr_par' dir='ltr' id='par_1_2' title="bbox 219 347 1928 438">
     <span class='ocr_line' id='line_1_2' title="bbox 219 347 1928 438; baseline 0.004 -45"><span class='ocrx_word' id='word_1_5' title='bbox 219 358 340 438; x_wconf 37' lang='lat'>1333</span> <span class='ocrx_word' id='word_1_6' title='bbox 365 347 518 402; x_wconf 86' lang='lat' dir='ltr'>thario)</span> <span class='ocrx_word' id='word_1_7' title='bbox 549 347 703 391; x_wconf 82' lang='lat' dir='ltr'><strong>illustri</strong></span> <span class='ocrx_word' id='word_1_8' title='bbox 735 352 786 391; x_wconf 90' lang='lat' dir='ltr'>et·</span> <span class='ocrx_word' id='word_1_9' title='bbox 813 349 994 404; x_wconf 83' lang='lat' dir='ltr'>glorioso</span> <span class='ocrx_word' id='word_1_10' title='bbox 1025 349 1308 393; x_wconf 89' lang='lat' dir='ltr'>Romanorum</span> <span class='ocrx_word' id='word_1_11' title='bbox 1337 349 1427 405; x_wconf 85' lang='lat' dir='ltr'>regi</span> <span class='ocrx_word' id='word_1_12' title='bbox 1461 348 1655 395; x_wconf 74' lang='lat' dir='ltr'>salutem</span> <span class='ocrx_word' id='word_1_13' title='bbox 1680 353 1724 395; x_wconf 83' lang='lat' dir='ltr'>ct</span> <span class='ocrx_word' id='word_1_14' title='bbox 1750 352 1928 408; x_wconf 52' lang='lat' dir='ltr'>sponte-jn</span> 
     </span>
     <span class='ocr_line' id='line_1_3' title="bbox 253 417 290 438; baseline 0 -1"><span class='ocrx_word' id='word_1_15' title='bbox 253 417 290 438; x_wconf 73' lang='lat' dir='ltr'>ul.</span> 
     </span>
    </p>
   </div>
   <div class='ocr_carea' id='block_1_3' title="bbox 357 425 1959 2871">
    <p class='ocr_par' dir='ltr' id='par_1_3' title="bbox 362 425 1959 1406">
     <span class='ocr_line' id='line_1_4' title="bbox 363 425 1959 488; baseline 0.004 -21"><span class='ocrx_word' id='word_1_16' title='bbox 363 425 488 468; x_wconf 87' lang='lat' dir='ltr'>licam</span> <span class='ocrx_word' id='word_1_17' title='bbox 519 425 864 470; x_wconf 79' lang='lat' dir='ltr'>benedictionem.</span> <span class='ocrx_word' id='word_1_18' title='bbox 1520 449 1522 451; x_wconf 91' lang='lat'>·</span> <span class='ocrx_word' id='word_1_19' title='bbox 1663 455 1678 465; x_wconf 68' lang='lat'><strong>„</strong></span> <span class='ocrx_word' id='word_1_20' title='bbox 1703 456 1718 473; x_wconf 92' lang='grc'>,-</span> <span class='ocrx_word' id='word_1_21' title='bbox 1762 464 1765 468; x_wconf 92' lang='grc'>.</span> <span class='ocrx_word' id='word_1_22' title='bbox 1788 452 1793 481; x_wconf 57' lang='lat'>2</span> <span class='ocrx_word' id='word_1_23' title='bbox 1831 448 1929 488; x_wconf 59' lang='lat' dir='ltr'>anm</span> <span class='ocrx_word' id='word_1_24' title='bbox 1955 436 1959 440; x_wconf 79' lang='grc'><em>“</em></span> 
     </span>
     <span class='ocr_line' id='line_1_5' title="bbox 394 501 1928 553; baseline 0.005 -9"><span class='ocrx_word' id='word_1_25' title='bbox 394 536 398 539; x_wconf 94' lang='grc'>.</span> <span class='ocrx_word' id='word_1_26' title='bbox 451 534 453 537; x_wconf 54' lang='grc'>«</span> <span class='ocrx_word' id='word_1_27' title='bbox 482 501 687 553; x_wconf 83' lang='lat' dir='ltr'><strong>Quoniam</strong></span> <span class='ocrx_word' id='word_1_28' title='bbox 721 503 966 547; x_wconf 80' lang='lat' dir='ltr'>excellentia</span> <span class='ocrx_word' id='word_1_29' title='bbox 995 501 1228 546; x_wconf 80' lang='lat' dir='ltr'>nobilitatis</span> <span class='ocrx_word' id='word_1_30' title='bbox 1259 505 1356 546; x_wconf 86' lang='lat' dir='ltr'>tuae</span> <span class='ocrx_word' id='word_1_31' title='bbox 1391 503 1578 549; x_wconf 87' lang='lat' dir='ltr'>studiosa</span> <span class='ocrx_word' id='word_1_32' title='bbox 1606 502 1928 551; x_wconf 58' lang='lat' dir='ltr'>etcferwmdw</span> 
     </span>
     <span class='ocr_line' id='line_1_6' title="bbox 364 578 1927 636; baseline 0.003 -14"><span class='ocrx_word' id='word_1_33' title='bbox 364 578 565 622; x_wconf 89' lang='lat' dir='ltr'>fidelitate</span> <span class='ocrx_word' id='word_1_34' title='bbox 595 579 708 623; x_wconf 90' lang='lat' dir='ltr'>beati</span> <span class='ocrx_word' id='word_1_35' title='bbox 728 579 843 623; x_wconf 89' lang='lat' dir='ltr'>Petri</span> <span class='ocrx_word' id='word_1_36' title='bbox 875 592 1040 636; x_wconf 83' lang='lat' dir='ltr'>semper</span> <span class='ocrx_word' id='word_1_37' title='bbox 1072 579 1234 623; x_wconf 75' lang='lat' dir='ltr'>exstitit</span> <span class='ocrx_word' id='word_1_38' title='bbox 1264 583 1307 623; x_wconf 89' lang='lat' dir='ltr'>et</span> <span class='ocrx_word' id='word_1_39' title='bbox 1337 580 1500 635; x_wconf 83' lang='lat' dir='ltr'>devota,</span> <span class='ocrx_word' id='word_1_40' title='bbox 1531 580 1698 626; x_wconf 78' lang='lat' dir='ltr'>divinae</span> <span class='ocrx_word' id='word_1_41' title='bbox 1721 579 1927 627; x_wconf 53' lang='lat' dir='ltr'>bonitati&amp;</span> 
     </span>
     <span class='ocr_line' id='line_1_7' title="bbox 363 655 1927 712; baseline 0.003 -14"><span class='ocrx_word' id='word_1_42' title='bbox 363 656 501 710; x_wconf 86' lang='lat' dir='ltr'>gratia</span> <span class='ocrx_word' id='word_1_43' title='bbox 528 669 751 712; x_wconf 85' lang='lat' dir='ltr'>personam</span> <span class='ocrx_word' id='word_1_44' title='bbox 785 660 900 699; x_wconf 89' lang='lat' dir='ltr'>tuam</span> <span class='ocrx_word' id='word_1_45' title='bbox 922 655 1149 699; x_wconf 87' lang='lat' dir='ltr'>honoribus</span> <span class='ocrx_word' id='word_1_46' title='bbox 1167 656 1388 700; x_wconf 85' lang='lat' dir='ltr'>&#39;decoravit</span> <span class='ocrx_word' id='word_1_47' title='bbox 1409 660 1532 712; x_wconf 87' lang='lat' dir='ltr'>atque</span> <span class='ocrx_word' id='word_1_48' title='bbox 1564 656 1617 701; x_wconf 84' lang='lat' dir='ltr'>ad</span> <span class='ocrx_word' id='word_1_49' title='bbox 1636 656 1927 703; x_wconf 65' lang='lat' dir='ltr'>defensionem·</span> 
     </span>
     <span class='ocr_line' id='line_1_8' title="bbox 364 732 1930 793; baseline 0.002 -18"><span class='ocrx_word' id='word_1_50' title='bbox 364 746 463 776; x_wconf 87' lang='lat' dir='ltr'>suae</span> <span class='ocrx_word' id='word_1_51' title='bbox 495 732 693 776; x_wconf 86' lang='lat' dir='ltr'>ecclesiae</span> <span class='ocrx_word' id='word_1_52' title='bbox 725 736 766 776; x_wconf 89' lang='grc'>31</span> <span class='ocrx_word' id='word_1_53' title='bbox 797 736 954 776; x_wconf 88' lang='lat' dir='ltr'>statum</span> <span class='ocrx_word' id='word_1_54' title='bbox 984 733 1152 789; x_wconf 88' lang='lat' dir='ltr'>imperii</span> <span class='ocrx_word' id='word_1_55' title='bbox 1178 733 1492 777; x_wconf 83' lang='lat' dir='ltr'>reformandum</span> <span class='ocrx_word' id='word_1_56' title='bbox 1524 733 1578 777; x_wconf 86' lang='lat' dir='ltr'>ad</span> <span class='ocrx_word' id='word_1_57' title='bbox 1605 733 1724 789; x_wconf 83' lang='lat' dir='ltr'>regni</span> <span class='ocrx_word' id='word_1_58' title='bbox 1745 733 1930 793; x_wconf 60' lang='lat' dir='ltr'>fastigia,</span> 
     </span>
     <span class='ocr_line' id='line_1_9' title="bbox 364 808 1929 869; baseline 0.004 -17"><span class='ocrx_word' id='word_1_59' title='bbox 364 808 618 853; x_wconf 91' lang='lat' dir='ltr'>sublimavit.</span> <span class='ocrx_word' id='word_1_60' title='bbox 678 810 952 853; x_wconf 88' lang='lat' dir='ltr'>Predecessor</span> <span class='ocrx_word' id='word_1_61' title='bbox 993 823 1156 866; x_wconf 87' lang='lat' dir='ltr'>quoque</span> <span class='ocrx_word' id='word_1_62' title='bbox 1194 813 1337 853; x_wconf 87' lang='lat' dir='ltr'>noster</span> <span class='ocrx_word' id='word_1_63' title='bbox 1373 810 1507 854; x_wconf 89' lang='lat' dir='ltr'>felicis</span> <span class='ocrx_word' id='word_1_64' title='bbox 1546 811 1929 869; x_wconf 50' lang='lat' dir='ltr'>memoriae21papa</span> 
     </span>
     <span class='ocr_line' id='line_1_10' title="bbox 363 886 1923 945; baseline 0.003 -17"><span class='ocrx_word' id='word_1_65' title='bbox 363 886 624 942; x_wconf 83' lang='lat' dir='ltr'>H(onorius),</span> <span class='ocrx_word' id='word_1_66' title='bbox 656 887 753 943; x_wconf 89' lang='lat' dir='ltr'>quia</span> <span class='ocrx_word' id='word_1_67' title='bbox 785 890 922 943; x_wconf 85' lang='lat' dir='ltr'>perte</span> <span class='ocrx_word' id='word_1_68' title='bbox 942 887 1116 931; x_wconf 86' lang='lat' dir='ltr'>multam</span> <span class='ocrx_word' id='word_1_69' title='bbox 1140 887 1363 930; x_wconf 86' lang='lat' dir='ltr'>utilitatem</span> <span class='ocrx_word' id='word_1_70' title='bbox 1395 887 1573 932; x_wconf 88' lang='lat' dir='ltr'>credidit</span> <span class='ocrx_word' id='word_1_71' title='bbox 1594 887 1809 933; x_wconf 57' lang='lat' dir='ltr'>ecclesiae}</span> <span class='ocrx_word' id='word_1_72' title='bbox 1823 901 1923 945; x_wconf 72' lang='lat' dir='ltr'>pro-‘</span> 
     </span>
     <span class='ocr_line' id='line_1_11' title="bbox 364 963 1922 1022; baseline 0.003 -16"><span class='ocrx_word' id='word_1_73' title='bbox 364 966 583 1006; x_wconf 85' lang='lat' dir='ltr'>venturam</span> <span class='ocrx_word' id='word_1_74' title='bbox 594 970 621 1018; x_wconf 76' lang='lat'>⁸,</span> <span class='ocrx_word' id='word_1_75' title='bbox 653 963 900 1007; x_wconf 82' lang='lat' dir='ltr'>electionem</span> <span class='ocrx_word' id='word_1_76' title='bbox 932 964 982 1007; x_wconf 87' lang='lat' dir='ltr'>de</span> <span class='ocrx_word' id='word_1_77' title='bbox 1013 968 1054 1008; x_wconf 90' lang='lat' dir='ltr'>te</span> <span class='ocrx_word' id='word_1_78' title='bbox 1085 964 1483 1021; x_wconf 83' lang='lat' dir='ltr'>abarchiepiscopis</span> <span class='ocrx_word' id='word_1_79' title='bbox 1499 964 1922 1022; x_wconf 23' lang='lat' dir='ltr'>&#39;episeopisaomogni</span> 
     </span>
     <span class='ocr_line' id='line_1_12' title="bbox 363 1040 1923 1101; baseline 0.001 -18"><span class='ocrx_word' id='word_1_80' title='bbox 363 1040 623 1097; x_wconf 89' lang='lat' dir='ltr'>principibus</span> <span class='ocrx_word' id='word_1_81' title='bbox 653 1042 807 1084; x_wconf 85' lang='lat' dir='ltr'>factam</span> <span class='ocrx_word' id='word_1_82' title='bbox 839 1055 915 1098; x_wconf 88' lang='lat' dir='ltr'>pro</span> <span class='ocrx_word' id='word_1_83' title='bbox 946 1041 1108 1085; x_wconf 87' lang='lat' dir='ltr'>unitate</span> <span class='ocrx_word' id='word_1_84' title='bbox 1144 1041 1416 1095; x_wconf 84' lang='lat' dir='ltr'>ecclesiaeet</span> <span class='ocrx_word' id='word_1_85' title='bbox 1445 1042 1564 1097; x_wconf 87' lang='lat' dir='ltr'>regni</span> <span class='ocrx_word' id='word_1_86' title='bbox 1596 1040 1923 1101; x_wconf 45' lang='lat' dir='ltr'>inviolabiliter&amp;</span> 
     </span>
     <span class='ocr_line' id='line_1_13' title="bbox 363 1118 1922 1176; baseline 0.002 -16"><span class='ocrx_word' id='word_1_87' title='bbox 363 1118 648 1161; x_wconf 89' lang='lat' dir='ltr'>conservanda</span> <span class='ocrx_word' id='word_1_88' title='bbox 669 1119 916 1162; x_wconf 89' lang='lat' dir='ltr'>auctoritate</span> <span class='ocrx_word' id='word_1_89' title='bbox 948 1118 1178 1175; x_wconf 87' lang='lat' dir='ltr'>apostolica</span> <span class='ocrx_word' id='word_1_90' title='bbox 1201 1118 1476 1174; x_wconf 83' lang='lat' dir='ltr'>confirmavit,</span> <span class='ocrx_word' id='word_1_91' title='bbox 1509 1122 1551 1163; x_wconf 91' lang='lat' dir='ltr'>et</span> <span class='ocrx_word' id='word_1_92' title='bbox 1581 1132 1657 1176; x_wconf 88' lang='lat' dir='ltr'>pro</span> <span class='ocrx_word' id='word_1_93' title='bbox 1687 1118 1922 1176; x_wconf 67' lang='lat' dir='ltr'>imperialis·</span> 
     </span>
     <span class='ocr_line' id='line_1_14' title="bbox 363 1195 1918 1252; baseline 0.003 -15"><span class='ocrx_word' id='word_1_94' title='bbox 363 1195 580 1249; x_wconf 84' lang='lat' dir='ltr'>dignitatis</span> <span class='ocrx_word' id='word_1_95' title='bbox 617 1195 877 1251; x_wconf 89' lang='lat' dir='ltr'>plenitudine</span> <span class='ocrx_word' id='word_1_96' title='bbox 910 1196 1175 1252; x_wconf 88' lang='lat' dir='ltr'>suscipienda</span> <span class='ocrx_word' id='word_1_97' title='bbox 1211 1210 1287 1252; x_wconf 91' lang='lat' dir='ltr'>per</span> <span class='ocrx_word' id='word_1_98' title='bbox 1326 1196 1522 1239; x_wconf 90' lang='lat' dir='ltr'>dilectum</span> <span class='ocrx_word' id='word_1_99' title='bbox 1554 1195 1684 1239; x_wconf 86' lang='lat' dir='ltr'>filium</span> <span class='ocrx_word' id='word_1_100' title='bbox 1726 1199 1918 1242; x_wconf 75' lang='lat' dir='ltr'>nostrum</span> 
     </span>
     <span class='ocr_line' id='line_1_15' title="bbox 364 1270 1917 1330; baseline 0.002 -16"><span class='ocrx_word' id='word_1_101' title='bbox 364 1270 659 1325; x_wconf 84' lang='lat' dir='ltr'>G(erhardum)</span> <span class='ocrx_word' id='word_1_102' title='bbox 692 1276 859 1316; x_wconf 90' lang='lat' dir='ltr'>sanctae</span> <span class='ocrx_word' id='word_1_103' title='bbox 879 1272 1092 1316; x_wconf 82' lang='lat' dir='ltr'>Romanae</span> <span class='ocrx_word' id='word_1_104' title='bbox 1114 1273 1311 1317; x_wconf 90' lang='lat' dir='ltr'>ecclesiae</span> <span class='ocrx_word' id='word_1_105' title='bbox 1341 1273 1619 1330; x_wconf 87' lang='lat' dir='ltr'>presbiterum</span> <span class='ocrx_word' id='word_1_106' title='bbox 1649 1272 1917 1330; x_wconf 74' lang='lat' dir='ltr'>cardinalem,</span> 
     </span>
     <span class='ocr_line' id='line_1_16' title="bbox 362 1349 1854 1406; baseline 0.001 -14"><span class='ocrx_word' id='word_1_107' title='bbox 362 1352 405 1392; x_wconf 88' lang='lat' dir='ltr'>te</span> <span class='ocrx_word' id='word_1_108' title='bbox 436 1349 489 1392; x_wconf 88' lang='lat' dir='ltr'>ad</span> <span class='ocrx_word' id='word_1_109' title='bbox 521 1350 661 1392; x_wconf 87' lang='lat' dir='ltr'>sedem</span> <span class='ocrx_word' id='word_1_110' title='bbox 694 1350 965 1406; x_wconf 86' lang='lat' dir='ltr'>apostolicam</span> <span class='ocrx_word' id='word_1_111' title='bbox 999 1350 1200 1393; x_wconf 88' lang='lat' dir='ltr'>evocavit.</span> <span class='ocrx_word' id='word_1_112' title='bbox 1781 1359 1798 1367; x_wconf 79' lang='grc'>’·</span> <span class='ocrx_word' id='word_1_113' title='bbox 1851 1357 1854 1366; x_wconf 93' lang='grc'><em>“</em></span> 
     </span>
    </p>

    <p class='ocr_par' dir='ltr' id='par_1_4' title="bbox 357 1426 1919 2794">
     <span class='ocr_line' id='line_1_17' title="bbox 481 1426 1918 1482; baseline 0.002 -13"><span class='ocrx_word' id='word_1_114' title='bbox 481 1426 569 1477; x_wconf 86' lang='lat' dir='ltr'>Quo</span> <span class='ocrx_word' id='word_1_115' title='bbox 601 1427 799 1469; x_wconf 89' lang='lat' dir='ltr'>nimirum</span> <span class='ocrx_word' id='word_1_116' title='bbox 832 1427 1039 1470; x_wconf 85' lang='lat' dir='ltr'>humanae</span> <span class='ocrx_word' id='word_1_117' title='bbox 1070 1427 1318 1470; x_wconf 89' lang='lat' dir='ltr'>conditionis</span> <span class='ocrx_word' id='word_1_118' title='bbox 1349 1427 1439 1482; x_wconf 86' lang='lat' dir='ltr'>lege</span> <span class='ocrx_word' id='word_1_119' title='bbox 1468 1427 1592 1471; x_wconf 85' lang='lat' dir='ltr'>rebus</span> <span class='ocrx_word' id='word_1_120' title='bbox 1623 1427 1818 1471; x_wconf 84' lang='lat' dir='ltr'>humanis</span> <span class='ocrx_word' id='word_1_121' title='bbox 1845 1441 1918 1473; x_wconf 81' lang='lat' dir='ltr'>cx·</span> 
     </span>
     <span class='ocr_line' id='line_1_18' title="bbox 363 1504 1918 1561; baseline 0.002 -16"><span class='ocrx_word' id='word_1_122' title='bbox 363 1506 526 1559; x_wconf 87' lang='lat' dir='ltr'>empt0,</span> <span class='ocrx_word' id='word_1_123' title='bbox 568 1504 677 1559; x_wconf 93' lang='lat' dir='ltr'>quod</span> <span class='ocrx_word' id='word_1_124' title='bbox 709 1516 784 1558; x_wconf 88' lang='lat' dir='ltr'>ego</span> <span class='ocrx_word' id='word_1_125' title='bbox 817 1504 966 1558; x_wconf 85' lang='lat' dir='ltr'>dignus</span> <span class='ocrx_word' id='word_1_126' title='bbox 997 1518 1081 1547; x_wconf 91' lang='lat' dir='ltr'>non</span> <span class='ocrx_word' id='word_1_127' title='bbox 1112 1505 1194 1559; x_wconf 92' lang='lat' dir='ltr'>fui,</span> <span class='ocrx_word' id='word_1_128' title='bbox 1234 1504 1419 1561; x_wconf 87' lang='lat' dir='ltr'>episcopi</span> <span class='ocrx_word' id='word_1_129' title='bbox 1450 1507 1492 1548; x_wconf 91' lang='lat' dir='ltr'>et</span> <span class='ocrx_word' id='word_1_130' title='bbox 1528 1504 1743 1549; x_wconf 81' lang='lat' dir='ltr'>catholici⁰</span> <span class='ocrx_word' id='word_1_131' title='bbox 1782 1504 1918 1550; x_wconf 85' lang='lat' dir='ltr'>cardi-</span> 
     </span>
     <span class='ocr_line' id='line_1_19' title="bbox 362 1579 1918 1638; baseline 0.003 -15"><span class='ocrx_word' id='word_1_132' title='bbox 362 1579 478 1623; x_wconf 89' lang='lat' dir='ltr'>nales</span> <span class='ocrx_word' id='word_1_133' title='bbox 511 1594 579 1624; x_wconf 91' lang='lat' dir='ltr'>me</span> <span class='ocrx_word' id='word_1_134' title='bbox 616 1581 715 1624; x_wconf 90' lang='grc'><strong>11331</strong></span> <span class='ocrx_word' id='word_1_135' title='bbox 752 1582 931 1624; x_wconf 89' lang='lat' dir='ltr'>invitum</span> <span class='ocrx_word' id='word_1_136' title='bbox 973 1585 1015 1624; x_wconf 86' lang='grc'>31</span> <span class='ocrx_word' id='word_1_137' title='bbox 1052 1581 1301 1624; x_wconf 87' lang='lat' dir='ltr'>renitentem</span> <span class='ocrx_word' id='word_1_138' title='bbox 1332 1582 1376 1623; x_wconf 92' lang='lat' dir='ltr'>in</span> <span class='ocrx_word' id='word_1_139' title='bbox 1406 1581 1642 1625; x_wconf 88' lang='lat' dir='ltr'>Romanum</span> <span class='ocrx_word' id='word_1_140' title='bbox 1677 1581 1918 1638; x_wconf 84' lang='lat' dir='ltr'>pontificem</span> 
     </span>
     <span class='ocr_line' id='line_1_20' title="bbox 361 1657 1915 1714; baseline 0.003 -15"><span class='ocrx_word' id='word_1_141' title='bbox 361 1657 616 1700; x_wconf 89' lang='lat' dir='ltr'>unanimiter</span> <span class='ocrx_word' id='word_1_142' title='bbox 638 1658 862 1713; x_wconf 87' lang='lat' dir='ltr'>elegerunt.</span> <span class='ocrx_word' id='word_1_143' title='bbox 911 1658 1081 1713; x_wconf 83' lang='lat' dir='ltr'>Quibus,</span> <span class='ocrx_word' id='word_1_144' title='bbox 1113 1662 1160 1701; x_wconf 94' lang='lat' dir='ltr'>ut</span> <span class='ocrx_word' id='word_1_145' title='bbox 1181 1661 1278 1701; x_wconf 87' lang='lat' dir='ltr'>ante</span> <span class='ocrx_word' id='word_1_146' title='bbox 1297 1658 1433 1702; x_wconf 91' lang='lat' dir='ltr'>Deum</span> <span class='ocrx_word' id='word_1_147' title='bbox 1463 1658 1624 1714; x_wconf 86' lang='lat' dir='ltr'>loquar,</span> <span class='ocrx_word' id='word_1_148' title='bbox 1656 1659 1774 1702; x_wconf 82' lang='lat' dir='ltr'>nulla</span> <span class='ocrx_word' id='word_1_149' title='bbox 1799 1660 1915 1704; x_wconf 81' lang='lat' dir='ltr'>amb-</span> 
     </span>
     <span class='ocr_line' id='line_1_21' title="bbox 360 1734 1913 1794; baseline 0.003 -18"><span class='ocrx_word' id='word_1_150' title='bbox 360 1734 488 1778; x_wconf 92' lang='lat' dir='ltr'>itione</span> <span class='ocrx_word' id='word_1_151' title='bbox 531 1734 737 1790; x_wconf 81' lang='lat' dir='ltr'>honoris⁴¹,</span> <span class='ocrx_word' id='word_1_152' title='bbox 782 1735 898 1778; x_wconf 87' lang='lat' dir='ltr'>nulla</span> <span class='ocrx_word' id='word_1_153' title='bbox 937 1736 1104 1779; x_wconf 92' lang='lat' dir='ltr'>omnino</span> <span class='ocrx_word' id='word_1_154' title='bbox 1150 1735 1489 1792; x_wconf 85' lang='lat' dir='ltr'>praesumptione</span> <span class='ocrx_word' id='word_1_155' title='bbox 1528 1748 1742 1779; x_wconf 82' lang='lat' dir='ltr'>assensum</span> <span class='ocrx_word' id='word_1_156' title='bbox 1791 1750 1913 1794; x_wconf 82' lang='lat' dir='ltr'>prae-</span> 
     </span>
     <span class='ocr_line' id='line_1_22' title="bbox 361 1811 1914 1867; baseline 0.004 -14"><span class='ocrx_word' id='word_1_157' title='bbox 361 1811 483 1866; x_wconf 90' lang='lat' dir='ltr'>bens,</span> <span class='ocrx_word' id='word_1_158' title='bbox 521 1812 594 1855; x_wconf 89' lang='lat' dir='ltr'>sed</span> <span class='ocrx_word' id='word_1_159' title='bbox 627 1812 714 1855; x_wconf 89' lang='lat' dir='ltr'>sola</span> <span class='ocrx_word' id='word_1_160' title='bbox 745 1816 808 1855; x_wconf 91' lang='lat' dir='ltr'>tot</span> <span class='ocrx_word' id='word_1_161' title='bbox 837 1815 1131 1867; x_wconf 87' lang='lat' dir='ltr'>tantorumque</span> <span class='ocrx_word' id='word_1_162' title='bbox 1168 1812 1457 1867; x_wconf 88' lang='lat' dir='ltr'>religiosorum</span> <span class='ocrx_word' id='word_1_163' title='bbox 1489 1812 1675 1857; x_wconf 87' lang='lat' dir='ltr'>virorum</span> <span class='ocrx_word' id='word_1_164' title='bbox 1705 1814 1914 1859; x_wconf 67' lang='lat' dir='ltr'>nonabs-</span> 
     </span>
     <span class='ocr_line' id='line_1_23' title="bbox 361 1889 1919 1946; baseline 0.001 -16"><span class='ocrx_word' id='word_1_165' title='bbox 361 1901 440 1943; x_wconf 89' lang='lat' dir='ltr'>que</span> <span class='ocrx_word' id='word_1_166' title='bbox 471 1889 589 1943; x_wconf 85' lang='lat' dir='ltr'>gravi</span> <span class='ocrx_word' id='word_1_167' title='bbox 620 1889 805 1945; x_wconf 87' lang='lat' dir='ltr'>periculo</span> <span class='ocrx_word' id='word_1_168' title='bbox 836 1889 1169 1946; x_wconf 89' lang='lat' dir='ltr'>contempnenda</span> <span class='ocrx_word' id='word_1_169' title='bbox 1194 1890 1432 1945; x_wconf 89' lang='lat' dir='ltr'>compulsus</span> <span class='ocrx_word' id='word_1_170' title='bbox 1453 1889 1704 1946; x_wconf 87' lang='lat' dir='ltr'>obedientia,</span> <span class='ocrx_word' id='word_1_171' title='bbox 1735 1890 1919 1936; x_wconf 76' lang='lat' dir='ltr'>confisus.</span> 
     </span>
     <span class='ocr_line' id='line_1_24' title="bbox 359 1965 1912 2022; baseline 0.003 -15"><span class='ocrx_word' id='word_1_172' title='bbox 359 1965 532 2022; x_wconf 84' lang='lat' dir='ltr'>insuper</span> <span class='ocrx_word' id='word_1_173' title='bbox 553 1966 604 2009; x_wconf 89' lang='lat' dir='ltr'>de</span> <span class='ocrx_word' id='word_1_174' title='bbox 625 1967 922 2022; x_wconf 86' lang='lat' dir='ltr'>omnipotentis</span> <span class='ocrx_word' id='word_1_175' title='bbox 940 1967 1018 2010; x_wconf 92' lang='lat' dir='ltr'>Dei</span> <span class='ocrx_word' id='word_1_176' title='bbox 1039 1966 1339 2022; x_wconf 86' lang='lat' dir='ltr'>misericordia,</span> <span class='ocrx_word' id='word_1_177' title='bbox 1361 1967 1595 2011; x_wconf 90' lang='lat' dir='ltr'>iniunctum</span> <span class='ocrx_word' id='word_1_178' title='bbox 1611 1968 1715 2012; x_wconf 91' lang='lat' dir='ltr'>mihi</span> <span class='ocrx_word' id='word_1_179' title='bbox 1731 1968 1912 2012; x_wconf 88' lang='lat' dir='ltr'>officium</span> 
     </span>
     <span class='ocr_line' id='line_1_25' title="bbox 361 2042 1914 2104; baseline 0.003 -19"><span class='ocrx_word' id='word_1_180' title='bbox 361 2042 413 2085; x_wconf 91' lang='lat' dir='ltr'>ad</span> <span class='ocrx_word' id='word_1_181' title='bbox 444 2042 643 2104; x_wconf 90' lang='lat' dir='ltr'>honorem</span> <span class='ocrx_word' id='word_1_182' title='bbox 675 2043 755 2086; x_wconf 90' lang='lat' dir='ltr'>Dei</span> <span class='ocrx_word' id='word_1_183' title='bbox 791 2048 833 2086; x_wconf 88' lang='lat' dir='ltr'>et</span> <span class='ocrx_word' id='word_1_184' title='bbox 871 2044 1068 2087; x_wconf 88' lang='lat' dir='ltr'>ecclesiae</span> <span class='ocrx_word' id='word_1_185' title='bbox 1099 2043 1309 2087; x_wconf 87' lang='lat' dir='ltr'>Romanae</span> <span class='ocrx_word' id='word_1_186' title='bbox 1346 2044 1523 2101; x_wconf 87' lang='lat' dir='ltr'>suscepi.</span> <span class='ocrx_word' id='word_1_187' title='bbox 1643 2044 1914 2089; x_wconf 79' lang='lat' dir='ltr'>Postmodum</span> 
     </span>
     <span class='ocr_line' id='line_1_26' title="bbox 360 2119 1913 2179; baseline 0.003 -17"><span class='ocrx_word' id='word_1_188' title='bbox 360 2133 457 2162; x_wconf 87' lang='lat' dir='ltr'>vero</span> <span class='ocrx_word' id='word_1_189' title='bbox 488 2119 671 2173; x_wconf 87' lang='lat' dir='ltr'>P(etrus)</span> <span class='ocrx_word' id='word_1_190' title='bbox 702 2119 876 2175; x_wconf 86' lang='lat' dir='ltr'>Leonis,</span> <span class='ocrx_word' id='word_1_191' title='bbox 920 2121 991 2176; x_wconf 90' lang='lat' dir='ltr'>qui</span> <span class='ocrx_word' id='word_1_192' title='bbox 1031 2125 1232 2177; x_wconf 86' lang='lat' dir='ltr'>papatum</span> <span class='ocrx_word' id='word_1_193' title='bbox 1272 2134 1296 2164; x_wconf 92' lang='lat' dir='ltr'>a</span> <span class='ocrx_word' id='word_1_194' title='bbox 1333 2121 1469 2176; x_wconf 89' lang='lat' dir='ltr'>longis</span> <span class='ocrx_word' id='word_1_195' title='bbox 1506 2124 1618 2165; x_wconf 89' lang='lat' dir='ltr'>retro</span> <span class='ocrx_word' id='word_1_196' title='bbox 1655 2122 1913 2179; x_wconf 82' lang='lat' dir='ltr'>temporibus</span> 
     </span>
     <span class='ocr_line' id='line_1_27' title="bbox 360 2195 1913 2256; baseline 0.003 -17"><span class='ocrx_word' id='word_1_197' title='bbox 360 2195 638 2252; x_wconf 83' lang='lat' dir='ltr'>affectaverat,</span> <span class='ocrx_word' id='word_1_198' title='bbox 659 2201 881 2254; x_wconf 85' lang='lat' dir='ltr'>parentum</span> <span class='ocrx_word' id='word_1_199' title='bbox 903 2197 1113 2253; x_wconf 85' lang='lat' dir='ltr'>violentia,</span> <span class='ocrx_word' id='word_1_200' title='bbox 1137 2198 1350 2252; x_wconf 88' lang='lat' dir='ltr'>sanguinis</span> <span class='ocrx_word' id='word_1_201' title='bbox 1373 2197 1585 2253; x_wconf 90' lang='lat' dir='ltr'>effusione,</span> <span class='ocrx_word' id='word_1_202' title='bbox 1607 2199 1913 2256; x_wconf 88' lang='lat' dir='ltr'>decrustatione</span> 
     </span>
     <span class='ocr_line' id='line_1_28' title="bbox 359 2274 1912 2334; baseline 0.004 -19"><span class='ocrx_word' id='word_1_203' title='bbox 359 2276 619 2316; x_wconf 74' lang='grc' dir='ltr'>3311313111111ο</span> <span class='ocrx_word' id='word_1_204' title='bbox 641 2275 872 2329; x_wconf 86' lang='lat' dir='ltr'>imaginum</span> <span class='ocrx_word' id='word_1_205' title='bbox 902 2274 1015 2318; x_wconf 88' lang='lat' dir='ltr'>beati</span> <span class='ocrx_word' id='word_1_206' title='bbox 1032 2274 1147 2318; x_wconf 88' lang='lat' dir='ltr'>Petri</span> <span class='ocrx_word' id='word_1_207' title='bbox 1169 2275 1408 2317; x_wconf 87' lang='lat' dir='ltr'>cathedram</span> <span class='ocrx_word' id='word_1_208' title='bbox 1431 2276 1661 2332; x_wconf 89' lang='lat' dir='ltr'>occupavit.</span> <span class='ocrx_word' id='word_1_209' title='bbox 1706 2276 1764 2320; x_wconf 88' lang='lat' dir='ltr'>Et</span> <span class='ocrx_word' id='word_1_210' title='bbox 1793 2289 1912 2334; x_wconf 82' lang='lat' dir='ltr'>pere-</span> 
     </span>
     <span class='ocr_line' id='line_1_29' title="bbox 358 2350 1912 2408; baseline 0.004 -16"><span class='ocrx_word' id='word_1_211' title='bbox 358 2350 499 2404; x_wconf 88' lang='lat' dir='ltr'>grinos</span> <span class='ocrx_word' id='word_1_212' title='bbox 532 2350 598 2393; x_wconf 77' lang='lat' dir='ltr'>acr</span> <span class='ocrx_word' id='word_1_213' title='bbox 627 2352 843 2406; x_wconf 86' lang='lat' dir='ltr'>religiosos</span> <span class='ocrx_word' id='word_1_214' title='bbox 876 2365 1075 2407; x_wconf 84' lang='lat' dir='ltr'>quosque,</span> <span class='ocrx_word' id='word_1_215' title='bbox 1108 2352 1159 2395; x_wconf 91' lang='lat' dir='ltr'>ad</span> <span class='ocrx_word' id='word_1_216' title='bbox 1193 2351 1475 2408; x_wconf 89' lang='lat' dir='ltr'>apostolorum</span> <span class='ocrx_word' id='word_1_217' title='bbox 1506 2352 1653 2396; x_wconf 89' lang='lat' dir='ltr'>limina</span> <span class='ocrx_word' id='word_1_218' title='bbox 1681 2352 1912 2398; x_wconf 89' lang='lat' dir='ltr'>devotionis</span> 
     </span>
     <span class='ocr_line' id='line_1_30' title="bbox 358 2428 1911 2484; baseline 0.003 -14"><span class='ocrx_word' id='word_1_219' title='bbox 358 2441 485 2470; x_wconf 88' lang='lat' dir='ltr'>causa</span> <span class='ocrx_word' id='word_1_220' title='bbox 506 2428 732 2483; x_wconf 88' lang='lat' dir='ltr'>venientes,</span> <span class='ocrx_word' id='word_1_221' title='bbox 765 2432 908 2484; x_wconf 88' lang='lat' dir='ltr'>captos</span> <span class='ocrx_word' id='word_1_222' title='bbox 941 2431 982 2472; x_wconf 91' lang='grc'>31</span> <span class='ocrx_word' id='word_1_223' title='bbox 1012 2430 1130 2471; x_wconf 86' lang='grc'><strong>131113</strong></span> <span class='ocrx_word' id='word_1_224' title='bbox 1154 2442 1364 2472; x_wconf 88' lang='lat' dir='ltr'>carcerum</span> <span class='ocrx_word' id='word_1_225' title='bbox 1397 2428 1658 2484; x_wconf 88' lang='lat' dir='ltr'>squaloribus</span> <span class='ocrx_word' id='word_1_226' title='bbox 1691 2444 1739 2474; x_wconf 90' lang='lat' dir='ltr'>ac</span> <span class='ocrx_word' id='word_1_227' title='bbox 1764 2431 1911 2475; x_wconf 88' lang='lat' dir='ltr'>ferreis</span> 
     </span>
     <span class='ocr_line' id='line_1_31' title="bbox 358 2505 1911 2563; baseline 0.003 -16"><span class='ocrx_word' id='word_1_228' title='bbox 358 2505 534 2547; x_wconf 88' lang='lat' dir='ltr'>vinculis</span> <span class='ocrx_word' id='word_1_229' title='bbox 572 2506 853 2561; x_wconf 84' lang='lat' dir='ltr'>mancipatos,</span> <span class='ocrx_word' id='word_1_230' title='bbox 896 2506 1006 2549; x_wconf 90' lang='lat' dir='ltr'>fame</span> <span class='ocrx_word' id='word_1_231' title='bbox 1046 2507 1115 2548; x_wconf 90' lang='lat' dir='ltr'>siti</span> <span class='ocrx_word' id='word_1_232' title='bbox 1154 2506 1411 2561; x_wconf 88' lang='lat' dir='ltr'>diversisque</span> <span class='ocrx_word' id='word_1_233' title='bbox 1447 2509 1748 2550; x_wconf 90' lang='lat' dir='ltr'>tormentorum</span> <span class='ocrx_word' id='word_1_234' title='bbox 1786 2521 1911 2563; x_wconf 89' lang='lat' dir='ltr'>gene-</span> 
     </span>
     <span class='ocr_line' id='line_1_32' title="bbox 357 2575 1909 2641; baseline 0.003 -17"><span class='ocrx_word' id='word_1_235' title='bbox 357 2582 472 2625; x_wconf 88' lang='lat' dir='ltr'>ribus</span> <span class='ocrx_word' id='word_1_236' title='bbox 495 2583 680 2625; x_wconf 85' lang='lat' dir='ltr'>cruciare</span> <span class='ocrx_word' id='word_1_237' title='bbox 702 2596 785 2625; x_wconf 93' lang='lat' dir='ltr'>non</span> <span class='ocrx_word' id='word_1_238' title='bbox 808 2582 971 2626; x_wconf 86' lang='lat' dir='ltr'>desinit.</span> <span class='ocrx_word' id='word_1_239' title='bbox 1021 2582 1272 2638; x_wconf 88' lang='lat' dir='ltr'>Sanguinem</span> <span class='ocrx_word' id='word_1_240' title='bbox 1282 2575 1459 2639; x_wconf 79' lang='lat' dir='ltr'>’quoque</span> <span class='ocrx_word' id='word_1_241' title='bbox 1479 2587 1668 2627; x_wconf 89' lang='lat' dir='ltr'>nostrum</span> <span class='ocrx_word' id='word_1_242' title='bbox 1691 2589 1732 2628; x_wconf 91' lang='lat' dir='ltr'>et</span> <span class='ocrx_word' id='word_1_243' title='bbox 1752 2598 1909 2641; x_wconf 91' lang='lat' dir='ltr'>eorum,</span> 
     </span>
     <span class='ocr_line' id='line_1_33' title="bbox 359 2660 1910 2718; baseline 0.003 -17"><span class='ocrx_word' id='word_1_244' title='bbox 359 2660 430 2714; x_wconf 89' lang='lat' dir='ltr'>qui</span> <span class='ocrx_word' id='word_1_245' title='bbox 460 2660 673 2703; x_wconf 92' lang='lat' dir='ltr'>nobiscum</span> <span class='ocrx_word' id='word_1_246' title='bbox 708 2663 823 2714; x_wconf 88' lang='lat' dir='ltr'>sunt,</span> <span class='ocrx_word' id='word_1_247' title='bbox 865 2660 1073 2703; x_wconf 89' lang='lat' dir='ltr'>sitibundo</span> <span class='ocrx_word' id='word_1_248' title='bbox 1105 2664 1272 2717; x_wconf 87' lang='lat' dir='ltr'>pectore</span> <span class='ocrx_word' id='word_1_249' title='bbox 1304 2662 1620 2718; x_wconf 86' lang='lat' dir='ltr'>concupiscens,</span> <span class='ocrx_word' id='word_1_250' title='bbox 1658 2661 1809 2716; x_wconf 85' lang='lat' dir='ltr'>gladiis</span> <span class='ocrx_word' id='word_1_251' title='bbox 1842 2675 1910 2706; x_wconf 90' lang='lat' dir='ltr'>ve-</span> 
     </span>
     <span class='ocr_line' id='line_1_34' title="bbox 357 2736 1798 2794; baseline 0.003 -16"><span class='ocrx_word' id='word_1_252' title='bbox 357 2750 464 2779; x_wconf 91' lang='lat' dir='ltr'>neno</span> <span class='ocrx_word' id='word_1_253' title='bbox 498 2736 564 2779; x_wconf 81' lang='lat' dir='ltr'>acr</span> <span class='ocrx_word' id='word_1_254' title='bbox 596 2737 852 2780; x_wconf 90' lang='lat' dir='ltr'>multimodis</span> <span class='ocrx_word' id='word_1_255' title='bbox 883 2738 1194 2794; x_wconf 87' lang='lat' dir='ltr'>prodicionibus</span> <span class='ocrx_word' id='word_1_256' title='bbox 1227 2738 1336 2782; x_wconf 89' lang='lat' dir='ltr'>vitae</span> <span class='ocrx_word' id='word_1_257' title='bbox 1367 2741 1534 2781; x_wconf 90' lang='lat' dir='ltr'>nostrae</span> <span class='ocrx_word' id='word_1_258' title='bbox 1564 2739 1798 2782; x_wconf 89' lang='lat' dir='ltr'>insidiatur.</span> 
     </span>
    </p>

    <p class='ocr_par' dir='ltr' id='par_1_5' title="bbox 474 2813 1910 2871">
     <span class='ocr_line' id='line_1_35' title="bbox 474 2813 1910 2871; baseline 0.002 -15"><span class='ocrx_word' id='word_1_259' title='bbox 474 2813 555 2856; x_wconf 91' lang='lat' dir='ltr'>Pro</span> <span class='ocrx_word' id='word_1_260' title='bbox 588 2814 704 2857; x_wconf 91' lang='lat' dir='ltr'>cuius</span> <span class='ocrx_word' id='word_1_261' title='bbox 726 2814 875 2858; x_wconf 90' lang='lat' dir='ltr'>sevitia</span> <span class='ocrx_word' id='word_1_262' title='bbox 895 2814 1207 2871; x_wconf 87' lang='lat' dir='ltr'>comprimenda</span> <span class='ocrx_word' id='word_1_263' title='bbox 1238 2818 1279 2858; x_wconf 89' lang='lat' dir='ltr'>et</span> <span class='ocrx_word' id='word_1_264' title='bbox 1309 2818 1421 2858; x_wconf 89' lang='lat' dir='ltr'>statu</span> <span class='ocrx_word' id='word_1_265' title='bbox 1450 2818 1538 2858; x_wconf 89' lang='lat' dir='ltr'>tam</span> <span class='ocrx_word' id='word_1_266' title='bbox 1563 2815 1761 2859; x_wconf 86' lang='lat' dir='ltr'>ecclesiae</span> <span class='ocrx_word' id='word_1_267' title='bbox 1784 2829 1910 2871; x_wconf 88' lang='lat' dir='ltr'>quam</span> 
     </span>
    </p>
   </div>
   <div class='ocr_carea' id='block_1_4' title="bbox 357 2930 1908 3015">
    <p class='ocr_par' dir='ltr' id='par_1_6' title="bbox 357 2930 1908 3015">
     <span class='ocr_line' id='line_1_36' title="bbox 449 2930 1908 2969; baseline 0.003 -9"><span class='ocrx_word' id='word_1_268' title='bbox 449 2940 476 2960; x_wconf 82' lang='lat' dir='ltr'>a.</span> <span class='ocrx_word' id='word_1_269' title='bbox 508 2930 695 2969; x_wconf 76' lang='lat' dir='ltr'>profuturam</span> <span class='ocrx_word' id='word_1_270' title='bbox 716 2931 746 2962; x_wconf 87' lang='lat' dir='ltr'>V.</span> <span class='ocrx_word' id='word_1_271' title='bbox 881 2932 911 2963; x_wconf 91' lang='lat' dir='ltr'>b.</span> <span class='ocrx_word' id='word_1_272' title='bbox 941 2932 1132 2963; x_wconf 81' lang='lat' dir='ltr'>inviolabiter</span> <span class='ocrx_word' id='word_1_273' title='bbox 1152 2933 1183 2962; x_wconf 91' lang='lat' dir='ltr'>V.</span> <span class='ocrx_word' id='word_1_274' title='bbox 1314 2941 1340 2963; x_wconf 88' lang='lat' dir='ltr'>c.</span> <span class='ocrx_word' id='word_1_275' title='bbox 1371 2933 1490 2963; x_wconf 79' lang='lat' dir='ltr'>catolici</span> <span class='ocrx_word' id='word_1_276' title='bbox 1512 2933 1546 2964; x_wconf 90' lang='grc' dir='ltr'>Ζ.</span> <span class='ocrx_word' id='word_1_277' title='bbox 1676 2934 1705 2963; x_wconf 90' lang='lat' dir='ltr'>d.</span> <span class='ocrx_word' id='word_1_278' title='bbox 1737 2933 1908 2964; x_wconf 73' lang='lat' dir='ltr'>ambitionis</span> 
     </span>
     <span class='ocr_line' id='line_1_37' title="bbox 357 2983 1194 3015; baseline 0.002 -2"><span class='ocrx_word' id='word_1_279' title='bbox 357 2983 470 3014; x_wconf 85' lang='lat' dir='ltr'>honore</span> <span class='ocrx_word' id='word_1_280' title='bbox 493 2983 550 3014; x_wconf 89' lang='lat' dir='ltr'>VZ.</span> <span class='ocrx_word' id='word_1_281' title='bbox 675 2993 701 3014; x_wconf 86' lang='grc'>3.</span> <span class='ocrx_word' id='word_1_282' title='bbox 733 2993 851 3015; x_wconf 79' lang='lat' dir='ltr'>sacrum</span> <span class='ocrx_word' id='word_1_283' title='bbox 872 2985 906 3015; x_wconf 87' lang='grc' dir='ltr'>Ζ.</span> <span class='ocrx_word' id='word_1_284' title='bbox 1029 2985 1051 3015; x_wconf 78' lang='lat' dir='ltr'>f.</span> <span class='ocrx_word' id='word_1_285' title='bbox 1082 2985 1140 3015; x_wconf 84' lang='lat' dir='ltr'>hac</span> <span class='ocrx_word' id='word_1_286' title='bbox 1160 2985 1194 3015; x_wconf 90' lang='lat' dir='ltr'>Z.</span> 
     </span>
    </p>
   </div>
  </div>
 </body>
</html>
