2028 3438
286 419 376 454 1127

297 468 370 507 Apr.

217 1042 289 1080 Apr.
311 1042 380 1072 Mai.

404 291 490 333 790
774 303 1012 334 HERBORDI
1042 303 1282 335 DIALOGUS.
1332 304 1417 333 Lm.
1441 303 1492 334 111
1525 302 1554 335 1.
1572 301 1594 334 2

402 408 556 452 flumen
593 409 638 452 in
668 408 872 453 Habalam
913 409 1153 465 prolapsus,
1194 409 1380 453 Leuticie
1418 409 1563 452 littora
1599 407 1730 465 usque
1761 409 1956 454 advectus

404 489 480 529 est.
527 486 584 529 Et
613 499 666 529 ne
695 486 833 529 inanis
865 489 907 530 et
928 499 1081 530 vacuus
1104 486 1328 529 adveniens
1350 500 1502 543 sponse
1523 499 1596 530 sue
1615 482 1957 532 vilesceret‘neve

404 563 468 618 hi,
502 563 573 618 qui
606 562 740 606 adhuc
771 563 1037 606 convertendi
1070 566 1203 618 erant,
1235 563 1271 606 si
1302 563 1426 606 modo
1458 576 1551 606 cum
1584 567 1754 621 sumptu
1783 566 1958 621 poneret

405 639 476 696 qui
507 640 624 696 prius
657 640 747 683 sine
779 643 947 696 sumptu
978 642 1177 695 posuerat
1208 640 1485 696 euangelium,
1521 644 1666 684 contra
1696 653 1741 684 se
1770 651 1957 684 murmu-

404 720 561 772 rarent,
594 717 636 759 in
670 717 760 759 auri
793 720 834 759 et
866 716 1026 770 argenti
1058 716 1192 772 copia,
1223 717 1266 759 in
1299 731 1487 774 purpura
1518 721 1559 761 et
1590 718 1702 761 bisso
1734 721 1776 761 et
1805 718 1956 775 pannis

404 794 604 850 preciosis
645 796 686 836 et
718 793 960 836 muneribus
992 793 1155 847 magnis
1187 796 1229 836 et
1259 794 1386 837 variis
1418 808 1493 851 pro
1524 795 1728 838 varietate
1758 807 1957 852 persona-

404 884 519 925 rum,
553 853 676 914 dives*
700 870 860 913 studuit
891 869 1098 912 advenire.
1146 869 1407 926 Cunctaque,
1439 871 1559 914 Halle
1591 875 1783 928 coempta
1812 874 1855 915 et
1883 883 1957 915 na-

404 948 514 1002 vigio
545 961 676 1003 usque
706 948 750 989 in
770 947 999 990 Leuticiam
1033 950 1213 1003 portata,
1246 948 1435 991 curribus
1459 951 1500 991 et
1520 948 1732 1004 quadrigis
1754 948 1958 1006 quinqua-

404 1025 521 1078 ginta
551 1038 644 1067 cum
667 1038 832 1067 annona
852 1024 1071 1080 imponens
1093 1023 1164 1078 ibi,
1198 1038 1273 1080 per
1293 1028 1445 1068 terram
1470 1024 1656 1069 Leuticie
1675 1026 1808 1082 usque
1828 1025 1958 1070 Timi-

403 1115 499 1144 nam
532 1102 743 1145 civitatem
765 1101 1011 1144 Pomeranie
1042 1103 1355 1157 transportavit.
1477 1102 1566 1153 Quo
1595 1102 1666 1145 ubi
1691 1115 1784 1146 cum
1814 1102 1958 1147 labore

405 1190 453 1221 ac
482 1178 732 1233 fatigacione
755 1181 925 1222 ventum
957 1181 1032 1233 est,
1065 1178 1218 1221 multos
1250 1179 1442 1222 horrores
1473 1183 1515 1223 et
1538 1193 1713 1236 pavores
1733 1179 1808 1224 illa
1836 1183 1958 1224 nocte

403 1254 462 1298 ibi
494 1256 778 1298 sustinuimus.
827 1255 934 1298 Nam
962 1255 1110 1298 civitas
1140 1255 1226 1310 illa,
1258 1255 1338 1299 Dei
1362 1256 1496 1299 adhuc
1515 1257 1675 1312 ignara,
1707 1257 1837 1300 cruda
1857 1269 1958 1313 quo-

405 1332 626 1375 dammodo
667 1337 708 1376 et
747 1332 923 1375 barbara
959 1332 1039 1374 fuit
1069 1332 1330 1386 christianis3
1371 1337 1412 1376 et
1441 1347 1517 1376 nos
1548 1335 1680 1389 ignoti
1711 1334 1764 1378 ad
1793 1334 1958 1390 ignotos

404 1410 607 1452 venimus.
660 1409 801 1453 Solum
830 1412 971 1452 tamen
993 1409 1108 1452 urbis
1137 1410 1363 1465 prefectum
1388 1411 1431 1453 in
1461 1412 1590 1467 priori
1618 1412 1958 1467 peregrinacione

405 1487 616 1541 cognitum
640 1486 853 1542 habentes,
874 1488 1013 1543 ipsum
1036 1487 1086 1530 de
1106 1484 1292 1544 hospicio
1314 1488 1602 1542 convenimus3
1627 1488 1698 1532 sed
1719 1487 1804 1543 ille,
1827 1487 1958 1532 amice

405 1577 481 1606 nos
520 1564 750 1620 suscipiens
789 1567 831 1606 et
869 1564 972 1606 alios
1013 1577 1176 1619 quoque
1216 1579 1260 1608 se
1298 1566 1483 1622 hospites
1523 1565 1763 1609 habiturum
1801 1565 1957 1620 dicens,

407 1654 547 1684 aream
591 1642 710 1684 iuxta
750 1641 961 1684 civitatem
1001 1641 1043 1682 in
1086 1642 1215 1684 veteri
1255 1642 1424 1685 castello
1463 1646 1606 1686 nostre
1642 1642 1848 1686 mansioni
1887 1642 1958 1686 de-

406 1718 599 1772 signavit.
650 1718 697 1760 In
729 1732 811 1773 qua
840 1717 936 1760 fixis
963 1719 1166 1773 tentoriis,
1197 1732 1273 1761 nos
1297 1720 1555 1774 requieturos
1578 1722 1808 1775 speranteS,
1839 1705 1957 1762 vanis

405 1795 634 1838 terroribus
666 1798 754 1838 tota
784 1795 858 1838 illa
888 1798 1009 1837 nocte
1041 1795 1314 1849 agitabamur.

526 1873 565 1914 2.
604 1872 710 1914 Nam
744 1872 829 1914 dux
850 1871 1108 1926 Pomeranie‚
1141 1872 1416 1929 populaturus
1437 1871 1682 1928 Leuticiam‚
1715 1886 1809 1916 cum
1840 1886 1958 1916 exer·

407 1949 492 1991 citu
532 1949 675 1992 eadem
714 1952 834 1991 nocte
871 1948 943 1991 illo
976 1953 1174 1992 venturus
1206 1953 1307 1993 erat.
1364 1950 1649 1993 Timinenses⁴¹
1682 1953 1820 1993 autem
1850 1949 1958 1993 Leu-

406 2026 526 2069 ticios
558 2026 778 2069 audierant
809 2025 861 2068 ad
891 2039 1074 2082 pugnam
1105 2026 1164 2069 ibi
1197 2027 1233 2069 ei
1266 2040 1530 2081 occursuros3
1562 2027 1672 2070 unde
1692 2040 1774 2070 non
1795 2027 1958 2071 modica

406 2103 635 2159 trepidacio
666 2103 746 2145 fuit
777 2103 819 2145 in
849 2103 1031 2146 civitate.
1078 2103 1300 2158 Ingruente
1320 2104 1448 2157 igitur
1468 2104 1602 2147 noctis
1623 2103 1807 2159 silencio,
1841 2117 1958 2148 exer-

407 2181 512 2223 citus
545 2180 660 2223 ducis
692 2194 767 2237 per
797 2183 956 2223 turmas
991 2194 1086 2222 suas
1118 2180 1217 2223 illuc
1248 2180 1459 2224 confluxit.
1508 2181 1764 2237 Factumque
1796 2185 1880 2236 est,
1913 2186 1960 2225 ut

406 2271 491 2300 una
527 2257 674 2300 cohors
713 2257 901 2313 peditum
934 2260 974 2300 et
1005 2257 1136 2300 altera
1167 2258 1313 2300 cohors
1345 2258 1552 2313 equitum,
1593 2272 1614 2301 e
1646 2258 1810 2301 diverso
1840 2258 1958 2301 iuxta

407 2334 619 2377 civitatem
650 2334 956 2387 convenientes,
990 2334 1087 2389 quia
1117 2348 1200 2376 nox
1232 2338 1322 2377 erat
1352 2338 1575 2390 utrumque
1596 2348 1640 2378 se
1660 2335 1800 2378 hostes
1821 2335 1958 2391 suspi-

408 2411 511 2465 cati⁷
544 2411 777 2453 diutissime
808 2411 958 2465 gladiis
990 2425 1034 2454 se
1064 2411 1268 2454 cederent.
1317 2411 1402 2454 Nos
1434 2424 1554 2466 vero,
1588 2398 1766 2467 strepitu
1798 2425 1846 2455 ac
1875 2412 1957 2454 tin-

407 2487 499 2529 nitu
531 2500 739 2529 armorum
774 2488 943 2531 excitati
976 2491 1017 2531 et
1047 2488 1248 2542 exterriti,
1281 2488 1419 2542 ignem
1441 2487 1484 2529 in
1506 2489 1653 2531 castris
1674 2489 1827 2531 nostris
1849 2502 1958 2544 aqua

408 2564 687 2619 perfudimus‚
719 2565 860 2618 fugam
892 2565 1155 2608 meditantes.
1219 2564 1401 2618 Interea,
1434 2564 1567 2607 socios
1599 2578 1643 2608 se
1675 2569 1956 2620 agnoscenteS,

408 2639 470 2682 illi
501 2654 526 2682 a
556 2654 696 2696 pugna
736 2641 958 2685 desierunt.
1021 2641 1233 2685 Prefectus
1265 2654 1382 2695 vero,
1422 2641 1549 2683 misso
1581 2641 1759 2684 satellite
1789 2655 1956 2685 causam

408 2716 521 2758 illius
559 2717 761 2760 tumultus
799 2718 918 2761 nobis
957 2719 1194 2773 insinuans,
1235 2732 1288 2761 ne
1323 2718 1564 2760 timeremus
1595 2719 1777 2772 rogavit3
1817 2719 1957 2773 sicque

411 2793 604 2847 animati,
644 2794 906 2837 constitimus
937 2795 982 2837 in
1012 2795 1101 2837 loco
1133 2798 1289 2837 nostro.
1409 2793 1536 2836 Facto
1567 2808 1689 2837 mane
1720 2795 1825 2849 dux,
1862 2808 1954 2838 cum

337 2914 342 2919 ‚
410 2870 594 2912 exercitu
626 2871 739 2911 omni
772 2872 824 2913 ad
858 2872 1031 2927 predam
1062 2872 1286 2925 festinans,
1327 2870 1565 2926 episcopum
1597 2871 1738 2914 videre
1768 2884 1852 2913 non
1883 2885 1956 2927 po-

409 2946 509 2999 tuit3
550 2946 623 2988 sed
661 2946 800 2989 missis
838 2948 1000 2990 nunciis
1038 2948 1193 2991 ibidem
1232 2947 1350 2990 illum
1391 2947 1457 2989 die
1494 2946 1568 2989 illa
1605 2960 1649 2989 se
1688 2947 1851 3001 rogavit
1885 2960 1956 2990 ex-

506 3049 533 3070 a.
565 3040 730 3070 Timienses
754 3041 793 3070 N.
