2028 3438
392 249 477 292 218
903 260 1124 291 nmmum
1153 259 1324 291 com-211.
1372 259 1437 293 113

226 377 318 412 1103
391 377 570 418 natum,-
610 370 701 425 qui
736 370 790 410 in
832 368 944 410 loco
982 376 1166 410 saneto
1208 367 1448 426 Symonie
1492 369 1945 421 idolum'etatwitf

174 426 372 456 Febr.-1nn.
393 447 484 502 qui
511 462 539 488 a
567 445 907 502 principibus
927 445 1030 487 Dei
1058 447 1257 488 sanctis
1290 445 1549 502 apostolis
1572 441 1944 504 eorumque-’ui-

393 523 556 565 cariie
588 523 646 564 de
678 522 930 564 ecclesiae
960 523 1106 565 domo
1146 524 1321 565 sancti
1351 522 1592 579 Spiritus
1627 524 1945 570 indictionem

387 599 577 656 pulsus
609 607 694 641 eet.
802 597 905 641 Cum
929 597 1123 642 Alaricus
1146 612 1221 641 rex
1244 597 1475 642 Gothorum
1504 598 1587 642 iret
1617 599 1670 643 ad
1699 600 1946 657 capiendam

390 675 580 730 Romam,
613 675 795 718 monitus
828 689 853 717 a
881 675 1059 730 quodam
1091 688 1211 718 servo
1232 675 1311 718 Dei
1341 679 1389 718 ut
1420 675 1471 719 ab
1502 675 1566 719 his
1597 676 1720 720 malis
1750 679 1945 733 cessaret,

391 754 491 796 Non
521 753 661 795 volens
698 752 835 808 inquit
865 754 973 795 vado
1007 753 1185 796 Romam
1192 769 1207 803 ,-
1244 755 1312 795 vir
1342 756 1450 796 enim
1482 755 1655 810 quidam
1688 747 1947 798 mefoooefflie

391 839 586 886 torquens
617 838 747 886 umet,
781 838 828 872 ut
858 844 948 872 eam
979 830 1036 871 ad
1061 831 1351 872 destruendam
1374 831 1553 874 Romam
1566 827 1587 872 ¹.
1634 829 1729 874 Hoc
1752 829 1946 888 ‘exemplo

390 909 512 961 urget
532 905 786 963 apostolicus
808 906 1061 960 armigerum
1080 919 1215 962 suum,
1238 910 1285 949 ut
1304 910 1436 949 totum
1456 906 1733 964 depopuletur
1745 912 1944 963 reg-num}

391 983 502 1039 quod
531 996 615 1026 non
647 985 786 1039 potest
814 982 906 1025 fieri
938 983 1026 1026 sine
1058 983 1157 1027 cede
1190 986 1232 1026 et
1262 983 1464 1038 sanguine
1496 980 1835 1028 et'ecclesiarum
1865 984 1946 1029 Dei

391 1059 725 1117 depopulatione.
846 1059 1040 1103 Alaricus
1063 1060 1227 1115 quidem
1249 1060 1293 1103 in
1315 1060 1393 1103 hoc
1414 1060 1554 1104 mitior
1581 1061 1673 1116 fuit,
1706 1057 1947 1118 qui3'10apta

389 1136 543 1191 Roma,
584 1136 768 1179 ecclesiis
807 1136 908 1180 Dei*
946 1137 1136 1193 pepercit
1186 1140 1227 1180 et
1266 1150 1291 1180 a
1328 1137 1427 1180 cede
1474 1137 1690 1181 hominum
1730 1134 1943 1182 abstinuit.

389 1213 530 1268 Nunc,
570 1213 699 1256 nichil
737 1217 934 1270 excepto,
973 1214 1201 1257 inmittitur
1238 1214 1479 1268 R(6bertus)
1519 1215 1571 1259 ab
1610 1214 1872 1272 apostolico:
1898 1219 1946 1258 ut

389 1303 473 1333 non
511 1290 644 1333 solum
686 1291 729 1333 in
761 1290 1084 1334 Cameracenses
1123 1295 1164 1334 et
1201 1305 1278 1334 nos
1309 1291 1585 1336 Leodicenses
1625 1292 1710 1335 sed*
1729 1295 1855 1337 totus*
1880 1292 1945 1336 fe·-

389 1371 507 1411 ratur
537 1368 590 1410 ad
621 1368 920 1424 dispergendos
951 1381 1107 1410 omnes.

508 1444 608 1495 Quis
647 1444 868 1488 clamabitb
907 1445 1029 1487 modo
1069 1458 1162 1488 cum
1200 1444 1346 1488 Ysaia:
1398 1446 1535 1500 Quam
1576 1446 1749 1504 pulchri
1791 1453 1944 1505 cupra⁰

389 1531 545 1565 montes
573 1524 698 1579 pedes
723 1524 1014 1579 praedicantia
1046 1531 1084 1565 et
1112 1525 1407 1566 annunciantis
1437 1538 1606 1580 pacem,
1649 1518 1944 1567 annunciantis

390 1600 562 1652 bonam,
596 1601 886 1656 praedicantis
917 1596 1142 1642 salutem²?
1190 1598 1320 1654 Eum,
1354 1600 1426 1655 qui
1457 1599 1626 1643 deberet
1657 1614 1748 1644 esse
1778 1600 1945 1657 praedi·

390 1679 506 1719 cator
535 1676 672 1732 pacis,
706 1676 820 1719 zelus
851 1676 931 1719 Dei
963 1676 1065 1719 adeo
1097 1676 1296 1731 comedit,
1333 1682 1380 1719 ut
1410 1677 1537 1720 etiam
1566 1678 1611 1720 in
1643 1677 1803 1720 amicos
1828 1678 1944 1735 pacis

390 1753 614 1807 distringat
643 1737 829 1807 gladium
860 1753 971 1796 beni.
1094 1752 1266 1804 Qualem
1307 1754 1418 1796 enim
1455 1754 1591 1797 zelum
1621 1754 1769 1798 habuit
1796 1753 1943 1798 Petrus
2005 1745 2007 1747 ’

389 1829 432 1872 in
454 1829 713 1886 amputanda
737 1830 923 1872 auricula
943 1827 1132 1885 Malchi³,
1166 1830 1236 1886 qui
1267 1846 1341 1874 rea·
1372 1831 1686 1887 interpretatur,
1718 1830 1846 1875 talem
1877 1844 1944 1874 ze-

389 1906 475 1948 lum
515 1906 641 1950 habet
676 1906 799 1950 modo
839 1907 1018 1951 vicarius
1055 1907 1169 1950 Petri
1205 1907 1249 1950 in
1289 1908 1545 1964 amputanda
1582 1908 1769 1952 auricula
1805 1911 1943 1966 reqie

390 1980 646 2037 heretici⁴‚
687 1984 731 2026 in
770 1998 893 2040 quem
933 1984 1184 2027 omnimodis
1222 1985 1445 2028 invehitur.
1503 1985 1614 2028 Dum
1652 1986 1763 2028 enim
1800 1969 1943 2029 heffe-

390 2063 610 2103 tieorum
641 2070 818 2118 caput,
860 2063 962 2104 Dei
989 2063 1255 2115 rebellem,
1298 2063 1652 2105 ecclesiastici
1681 2065 1942 2120 reynisst'n*

389 2153 643 2191 vagorem,
678 2141 968 2195 symoniaci
994 2138 1164 2196 ydola*¹
1197 2141 1549 2192 adoratorem,
1591 2140 1651 2182 ab
1683 2140 1942 2197 apostolis

391 2223 434 2257 et
464 2216 779 2271 apostolicis
811 2218 1303 2258 eoeeommanieatum
1323 2220 1456 2270 vocat,
1490 2216 1608 2271 quasi
1637 2220 1702 2260 tot
1721 2217 1830 2260 ictus
1850 2217 1943 2260 icti-

389 2291 466 2334 bus
497 2291 613 2334 addit
645 2295 686 2335 et
715 2295 778 2335 tot
805 2292 978 2335 vulnera
1009 2293 1171 2335 animae
1204 2293 1291 2335 eius
1323 2291 1486 2347 infligit,
1521 2297 1579 2348 ut,
1612 2293 1647 2336 si
1678 2294 1867 2338 infirmus
1897 2295 1943 2337 in

388 2367 470 2410 fide
492 2371 613 2423 esset,
646 2369 868 2426 desperare
900 2373 1053 2425 posset.
1178 2369 1257 2412 Sed
1281 2370 1351 2424 qui
1375 2369 1420 2411 in
1439 2369 1626 2413 feriendo
1646 2368 1817 2414 Petrum
1848 2372 1943 2414 imi-

389 2448 524 2500 tatur,
565 2446 690 2488 etiam
728 2447 773 2488 in
802 2446 1063 2489 recondendo
1095 2446 1233 2500 gladio
1264 2445 1434 2488 Petrum
1465 2445 1663 2491 imitetur.
1719 2447 1797 2499 Qui
1829 2448 1941 2491 enim

391 2522 554 2564 sanavit
586 2522 815 2565 auriculam
847 2521 1036 2577 Malchi⁵‚
1077 2526 1215 2579 potest
1254 2523 1379 2565 etiam
1412 2536 1560 2566 sanare
1592 2524 1820 2567 auriculam
1859 2540 1940 2568 re-

387 2602 467 2655 yz's
504 2600 757 2642 heretici&
814 2598 857 2641 Si
888 2599 986 2642 talis
1018 2603 1094 2654 est,
1127 2599 1236 2655 quod
1268 2599 1389 2653 absit,
1424 2603 1464 2642 et
1495 2613 1570 2655 pro
1601 2600 1721 2644 nobis
1753 2600 1940 2645 dolemus

391 2678 432 2718 et
460 2675 544 2731 ipsi
576 2676 743 2718 domino
774 2680 915 2718 nostro
947 2675 1226 2719 condolemus.

483 2814 509 2834 a.
541 2814 597 2834 om.
617 2805 646 2834 Γ.
750 2804 779 2834 b.
812 2805 920 2834 clamat
941 2805 978 2835 B.
1083 2815 1108 2836 c.
1141 2815 1231 2845 super
1253 2806 1290 2836 B.
1389 2806 1418 2835 d.
1450 2806 1524 2836 idoli
1545 2807 1583 2836 B.
1683 2818 1709 2837 e.
1742 2806 1809 2837 alia
1829 2816 1939 2838 manus

390 2856 505 2888 adiecit
524 2857 647 2887 Henrici
666 2856 700 2887 in
721 2857 862 2898 marqine
879 2859 910 2888 V.

486 2932 518 2967 1.
544 2932 588 2967 V.
609 2931 798 2967 Sozomeni
815 2932 899 2967 hist.
916 2933 1115 2969 ecclesiast.
1132 2934 1172 2968 L.
1185 2933 1236 2969 IX
1255 2943 1286 2968 c.
1297 2933 1353 2968 10.
1449 2935 1481 2969 2.
1508 2934 1589 2969 Isai.
1604 2934 1661 2979 52,
1675 2934 1708 2970 7.
1803 2935 1838 2970 3.
1862 2934 1938 2971 Ioh.

390 2991 446 3035 18,
466 2991 521 3026 10.
617 2990 651 3025 4.
679 2990 837 3026 Heinrici
855 2992 917 3028 IV.
1014 2992 1047 3026 5.
1072 2992 1159 3027 Luc.
1179 2993 1235 3037 22,
1253 2992 1309 3027 51.
