2028 3438
274 373 365 412 1059

255 423 326 461 Apr.
341 424 378 452 13

402 246 459 289 42
924 255 1145 287 nmmum
1175 254 1342 286 consx.
1389 252 1432 286 21

403 365 572 408 obeunte
602 364 724 407 liuius
757 364 975 406 Romanae
1004 362 1252 405 universalis
1284 362 1474 404 ecclesiae
1503 361 1722 418 pontifice,
1758 360 1956 416 inprimis

403 442 639 485 cardinales
660 441 980 498 diliqentissima
1009 440 1136 482 simul
1154 439 1485 482 consideratione
1503 442 1716 491 tractent·‚
1747 437 1865 481 calvo
1882 437 1957 483 de·

403 519 487 562 bito
509 519 663 561 honore
685 526 722 560 et
740 518 969 560 reverentia
988 516 1079 571 filii
1100 517 1235 558 nostri
1253 515 1460 568 Heinrici,
1489 516 1563 571 qui
1580 515 1956 571 inpraesentiarum

403 610 477 638 rem
507 595 679 638 habetur
712 603 749 637 et
765 594 946 650 futurus
968 595 1186 650 inperator
1205 592 1298 634 Deo
1322 593 1562 635 concedente
1581 599 1788 648 speratur.
1808 592 1821 600 ‘
1836 589 1958 634 sieut

402 675 490 716 iam
519 673 614 724 sibi,
646 672 852 714 mediante
872 673 958 713 eius
978 671 1124 713 nuntio
1145 669 1441 725 Lonqobardie
1470 668 1717 711 cancellario
1736 667 1914 712 Wiberto
1923 665 1954 720 ³,

404 751 690 802 concessimus,
724 756 761 791 et
780 753 1010 790 successor⁰
1031 746 1161 799 illius,
1195 748 1279 802 qui,
1299 746 1350 788 ab
1378 746 1456 788 hac
1476 745 1708 803 apostolica
1736 745 1831 788 sede
1856 757 1956 802 por-

404 827 603 869 sonaliter
633 826 710 868 hoc
739 823 830 868 ius*¹
860 824 1164 881 impetraverit,
1205 823 1262 866 ad
1298 837 1538 866 consensum
1567 837 1699 865 novae
1728 822 1956 866 electioni&

404 904 584 947 accedat.
634 902 686 945 Ut
713 899 932 944 nimirum‘
954 900 1190 943 venalitatis
1217 900 1383 943 morbus
1405 900 1587 956 qualibet
1608 900 1822 942 occasione
1848 903 1958 943 παπ*

404 979 639 1037 subrepath,
671 979 861 1035 reliqiosi
886 979 971 1021 viri
999 992 1092 1020 cum
1109 979 1370 1020 serenissimo
1391 977 1486 1032 filio
1517 985 1657 1020 nostro
1686 990 1782 1032 reye
1799 974 1955 1029 H(ein-

402 1056 528 1111 rico)i
553 1057 785 1114 praeduces
812 1057 897 1098 sint
925 1057 971 1098 in
998 1055 1275 1111 promovendi
1299 1052 1474 1097 summi!K
1502 1042 1712 1111 pontificis
1742 1053 1956 1104 electione,-

403 1135 560 1191 reliqui
587 1142 724 1177 autem
754 1147 959 1189 sequaces.
1071 1132 1251 1188 Eliqant
1280 1139 1415 1174 autem
1445 1132 1496 1174 de
1515 1133 1649 1188 ipsius
1671 1131 1834 1174 ecclesie
1859 1145 1956 1187 yre-

403 1213 501 1264 mio,
534 1213 574 1253 si
601 1212 807 1267 reperitur
827 1211 999 1252 idoneus
1008 1224 1023 1259 ;
1053 1209 1118 1251 vel
1147 1210 1187 1251 si
1215 1209 1266 1251 de
1295 1210 1392 1264 ipsa
1420 1223 1505 1251 non
1534 1210 1756 1265 reperitwr,
1789 1222 1840 1251 ex
1869 1207 1958 1250 alia

404 1296 653 1331 assumatur.
763 1286 926 1340 Quodsi
951 1300 1182 1342 pravorum
1203 1284 1340 1341 atque¹
1367 1286 1609 1341 iniquorum
1628 1285 1844 1328 hominum
1856 1299 1956 1341 per·

375 1362 378 1366 ’
403 1367 578 1410 versitas
608 1366 670 1407 ita
700 1364 937 1416 invaluerit,
970 1371 1017 1405 ut
1043 1377 1156 1419 pura
1186 1364 1349 1406 sincera
1379 1370 1502 1418 atque
1529 1364 1717 1419 qratuita
1742 1362 1880 1404 electio
1910 1363 1957 1404 in

403 1442 505 1485 urbe
524 1442 626 1496 fieri
653 1456 738 1483 non
765 1442 912 1497 possit,
946 1440 1039 1482 licet
1065 1442 1196 1496 pauci
1224 1441 1320 1492 sint,
1353 1441 1420 1482 ius
1452 1448 1588 1482 tamen
1616 1440 1831 1495 potestatis
1851 1438 1956 1482 obti-

403 1528 530 1562 neant
560 1518 741 1574 eliqerem
771 1517 995 1574 apostolice
1025 1517 1134 1559 sedis
1171 1516 1424 1573 pontificem,
1457 1516 1532 1558 ubi
1565 1530 1657 1559 cum
1686 1517 1956 1559 invictissimo

403 1610 498 1652 reqe
519 1597 809 1651 conqruentius
829 1595 1117 1637 iudicaverint.
1227 1588 1364 1636 Sanen
1388 1602 1614 1649 postquam
1631 1593 1772 1649 fuerit
1791 1593 1956 1636 electio⁰

393 1673 542 1728 facta,
582 1674 621 1715 si
658 1672 804 1714 bellica
841 1679 1056 1734 tempestas
1095 1670 1159 1712 vel
1197 1670 1498 1726 qualiscunque
1535 1670 1748 1713 hominum
1785 1678 1956 1714 conatus

403 1750 679 1806 maliqnitatis
710 1749 846 1792 studio
878 1736 1084 1801 restiterit,
1121 1755 1168 1790 ut
1196 1749 1248 1799 is,
1283 1749 1359 1803 qui
1388 1747 1532 1790 electus
1564 1755 1636 1800 est,
1677 1749 1724 1790 in
1754 1747 1956 1804 apostoli-

405 1842 496 1870 cam
527 1828 662 1869 sedem
691 1828 834 1869 iuxtap
866 1826 1198 1868 consuetudinem
1228 1826 1481 1868 intronizari
1508 1839 1594 1867 non
1623 1824 1772 1877 valeat,
1811 1824 1956 1868 electus

405 1913 562 1957 tamen,
603 1905 708 1946 sicut
744 1918 863 1960 papa
880 1904 1179 1945 *auctoritatem
1211 1902 1391 1945 obtineat
1419 1902 1591 1957 reqendi
1625 1906 1835 1944 sanctam⁰
1864 1901 1955 1944 Ro—

404 1996 574 2024 manam
595 1981 806 2023 ecclesiam
828 1988 864 2037 et
883 1981 1135 2036 disponendi
1154 1994 1291 2021 omnes
1309 1979 1539 2034 facultates
1561 1980 1694 2028 eius‘¹,·
1726 1979 1839 2034 quod
1859 1978 1955 2022 bea-

405 2067 507 2102 tum>
525 2056 775 2114 Greqorium
806 2065 901 2099 ante
930 2070 1049 2098 suam
1080 2058 1426 2099 consecrationem
1443 2056 1599 2112 fecisse
1629 2057 1924 2111 coqnoscimus.

525 2134 689 2188 Quodsi
718 2135 812 2190 quis
848 2141 992 2176 contra
1032 2133 1107 2175 hoc
1144 2142 1331 2176 nostrum
1361 2134 1590 2185 decretum,
1629 2132 1828 2189 synodali
1862 2146 1955 2174 sen-

405 2213 531 2255 tentia
571 2211 910 2268 promulqatum,
951 2225 1033 2266 per
1069 2211 1317 2253 sedicionem-
1355 2209 1420 2252 vel
1461 2211 1841 2266 praesumptionem
1884 2217 1957 2251 aut

407 2289 617 2346 quodlibet
646 2289 860 2345 inqenium
891 2287 1036 2330 electus
1076 2296 1150 2331 aut
1180 2289 1302 2330 etiam
1333 2287 1549 2329 ordinatus
1579 2301 1650 2329 seu
1678 2287 1955 2329 intronizatus

393 2367 546 2422 fuerit,
578 2381 662 2409 non
688 2381 810 2423 papa
840 2366 912 2407 sed
941 2373 1126 2416 satanas,
1158 2379 1242 2407 non
1263 2363 1514 2420 apostolicus
1537 2364 1610 2406 sed
1629 2364 1881 2420 apostaticus
1902 2362 1954 2404 ab

407 2443 595 2485 omnibus
627 2444 827 2485 habeatur
858 2451 895 2485 et
923 2450 1110 2485 teneatur
1118 2457 1132 2491 ,-
1164 2449 1200 2483 et
1220 2442 1462 2483 auctoritate
1483 2441 1628 2482 divina
1658 2449 1696 2483 et
1718 2447 1955 2482 sanctorum

406 2520 690 2576 apostolorum
709 2521 830 2562 Petri
850 2529 887 2562 et
906 2519 1040 2562 Pauli
1060 2526 1262 2575 perpetuo
1286 2518 1562 2560 anathemater
1593 2532 1684 2559 cum
1704 2518 1790 2559 suis
1811 2525 1953 2559 aucto-

405 2597 520 2639 ribus
539 2596 786 2651 fautoribus
818 2605 854 2639 et
883 2596 1139 2652 sequacibus,
1173 2611 1199 2637 a
1231 2595 1442 2637 liminibus
1473 2603 1640 2637 sanctae
1671 2594 1861 2636 ecclesiae
1890 2607 1952 2635 se-

404 2681 594 2730 paratus,
628 2673 856 2715 abiciatur⁸
876 2675 983 2716 sicut
1009 2672 1275 2715 antichristus
1308 2681 1345 2714 et
1374 2673 1544 2714 invasor
1565 2673 1704 2727 atquet
1726 2672 1955 2714 destructor

500 2793 527 2814 a.
558 2785 721 2814 tractantes
744 2784 781 2813 B.
885 2784 914 2813 b.
936 2783 1071 2822 Wiperto
1094 2784 1131 2813 B.
1236 2792 1262 2813 c.
1295 2783 1461 2813 successori
1482 2783 1520 2812 Β.
1614 2782 1644 2812 (1.
1676 2782 1734 2813 hoc
1754 2783 1801 2812 ius
1823 2791 1878 2812 om.
1896 2781 1953 2812 VZ.

407 2848 432 2868 ο.
465 2836 635 2867 dilectionis
658 2836 696 2866 B.
820 2836 840 2866 f.
873 2846 911 2866 ne
934 2835 1004 2866 add.
1020 2837 1058 2866 B.
1183 2844 1210 2874 g.
1242 2845 1298 2865 om.
1313 2835 1351 2865 B.
1474 2835 1504 2865 h.
1537 2836 1674 2874 surrepat
1696 2835 1727 2872 V,
1752 2834 1894 2873 surripiat
1914 2834 1953 2864 B.

405 2891 425 2920 i.
458 2890 495 2920 N.
513 2889 571 2926 VZ,
593 2889 630 2919 Η.
652 2889 690 2918 Β.
794 2889 823 2918 k.
856 2898 911 2919 om.
927 2889 966 2919 B.
1059 2889 1079 2918 1.
1114 2890 1202 2927 atque
1224 2889 1392 2927 iniquorum
1414 2897 1469 2918 om.
1485 2887 1523 2917 B.
1616 2897 1655 2918 m.
1687 2888 1734 2918 ius
1755 2888 1855 2917 tamen
1877 2886 1952 2916 obti-

405 2943 498 2973 neant
519 2941 650 2979 eligendi
670 2942 701 2971 B
717 2951 778 2980 pro
799 2942 847 2972 ius
868 2957 899 2962 —
919 2941 1038 2979 eligere.
1121 2951 1150 2971 n.
1182 2941 1273 2971 Plane
1292 2941 1331 2970 B.
1415 2950 1442 2970 ο.
1474 2950 1530 2970 om.
1545 2941 1583 2971 Β.
1665 2949 1695 2979 p.
1725 2940 1809 2970 iuxta
1828 2947 1952 2969 cousus-

407 2995 542 3025 tudinem
564 3004 619 3024 om.
636 2994 673 3024 B.
758 3003 786 3033 q.
818 2994 899 3024 illius
922 2995 961 3024 B.
1052 3004 1074 3024 r.
1108 2994 1289 3024 anathemati
1310 2993 1348 3023 B.
1437 3001 1460 3022 s·
1494 2993 1657 3023 subiciatur
1676 2993 1715 3023 B.
1803 2993 1826 3021 t.
1858 3000 1893 3021 ac
1913 2991 1951 3020 B.
