2028 3438
458 241 622 274 snmus
653 241 761 273 vrrA
792 241 1002 273 OTTONIS.
1048 241 1137 273 mn.
1158 242 1193 273 11
1227 240 1270 274 18
1558 230 1645 273 649

0 301 14 417 Ξ
162 348 281 401 <EQ
325 348 414 406 'pio
441 348 609 405 presule
653 349 699 392 in
735 348 826 393 his·
864 348 1058 406 partibus
1104 351 1193 392 toto
1233 348 1453 392 conamine
1490 349 1645 393 divinis
1668 359 1871 395 1125·1126

0 418 9 491 ζ
76 425 556 484 opoeihusainsudante,
593 426 791 482 antiquus
831 426 988 481 hostis,
1030 439 1192 470 veneno
1222 426 1381 470 invidie
1411 426 1644 482 tabescens,

0 493 10 550 ἕ
75 503 693 550 twaffimarnmcdetrimenta
723 504 804 547 sibi
839 504 884 547 in
913 503 1166 548 Pomerania
1196 516 1459 548 succrescere
1489 503 1644 558 doluit3

0 601 7 645 z¹
75 580 397 638 ideoquesshqno
426 581 584 626 semini
615 581 782 624 zizania
821 582 1159 639 superseminare
1198 581 1372 625 studuit.
1423 581 1532 625 Nam
1564 581 1646 625 due

77 659 284 717 precipue
311 657 403 703 illio
439 659 634 703 civitates
674 658 782 702 Iulin
821 662 863 702 et
904 658 1039 703 Stetin
1086 659 1290 702 instinctu
1336 658 1498 702 inimici
1545 672 1646 715 apo-

0 727 8 778 l*
77 736 254 781 atteiam
292 736 580 792 incurrerunt,
617 736 865 793 abiectoque
898 737 989 781 veri
1018 736 1100 780 Dei
1136 736 1274 791 cultu,
1314 736 1464 792 priscis
1504 736 1648 780 demo-

0 860 3 871 *
76 813 433 860 niornmfritibus
459 821 510 858 'se
534 814 782 871 'perdendos
814 814 1132 872 prostituerunt.
1187 843 1189 845 -
1270 813 1361 858 Hoc
1391 817 1532 857 autem
1565 828 1647 871 quo

0 886 5 963 ξ
78 891 227 936 ordine
259 891 327 936 esit
362 891 625 936 factumwvel
663 892 844 949 qualiter
882 892 1064 936 secundo
1104 892 1165 949 pii
1202 891 1368 935 Ottonis
1408 891 1649 949 apostolatu

0 976 12 1028 f⁴
77 979 155 1027 per
175 969 265 1015 Rei
283 969 476 1025 gratiam
506 969 683 1014 mirifice
714 971 771 1014 sit
800 974 1109 1028 recuperatum,
1141 969 1295 1014 tercius
1326 969 1434 1014 liber
1464 969 1647 1013 Domino

0 1059 3 1068 ἱ
78 1050 290 1092 annuente
318 1047 560 1105 explicabit.

123 1217 201 1248 w„
259 1221 262 1223 .
288 1225 289 1229 ,
319 1225 321 1228 ,

649 1260 815 1304 LIBER
855 1251 1104 1304 TERTIUS.

2 1410 6 1412 v
115 1378 119 1384 ·
201 1359 246 1402 1:
288 1356 394 1402 Cum
432 1356 739 1412 infatigabilem
770 1356 930 1400 domini
963 1370 1011 1401 ac
1048 1357 1181 1414 patris
1220 1357 1354 1401 nostri
1391 1356 1452 1413 pii
1484 1356 1651 1401 Ottonis

0 1470 3 1473 -
81 1435 271 1494 episcopi
299 1433 510 1490 affectum,
547 1447 628 1491 quo
661 1434 839 1489 gloriam
870 1438 913 1478 et
943 1434 1102 1478 cultum
1135 1434 1294 1478 Christi
1324 1448 1409 1478 non
1440 1435 1575 1479 solum
1607 1436 1652 1479 in

81 1512 321 1560 Teutoniois
360 1513 435 1556 sed
467 1516 510 1557 et
544 1512 590 1555 in
620 1512 794 1556 remotis
826 1513 1100 1557 barbarorum
1137 1512 1290 1556 finibus
1323 1513 1652 1568 euangelizando

79 1590 347 1649 propagavit,
377 1590 548 1635 assidua
572 1590 845 1634 meditatione
870 1590 1145 1645 revolverem,
1177 1590 1296 1634 nefas
1327 1591 1529 1634 iudicavi:
1564 1594 1654 1635 tam

79 1668 311 1715 laudabilia
340 1668 430 1712 eius
457 1671 580 1724 gesta
609 1669 868 1712 infructuoso
900 1669 985 1724 tegi
1016 1668 1202 1712 silencio.
1255 1668 1396 1724 Unde,
1436 1682 1519 1712 non
1558 1682 1654 1726 pre-

82 1746 336 1805 sumptionis
366 1746 441 1791 sed
471 1746 618 1804 pocius
647 1747 796 1790 intime
817 1747 1006 1790 caritatis
1028 1747 1182 1803 spiritu
1203 1746 1366 1802 ductus,
1399 1746 1451 1791 de
1472 1747 1654 1790 secundo

83 1825 173 1871 eius
209 1823 448 1882 apostolatu
493 1824 539 1867 in
577 1823 847 1879 Pomerania,
895 1825 1005 1868 sicut
1048 1823 1184 1868 fidelis
1232 1828 1479 1881 cooperator
1522 1825 1655 1881 ipsius

82 1902 304 1949 Udalricus
337 1901 544 1959 presbiter
566 1901 711 1946 Sancti
731 1902 874 1958 Egidii
895 1902 1048 1946 michib
1070 1902 1268 1957 innotuit,
1302 1903 1459 1959 scripto
1487 1902 1656 1946 tradere

83 1981 267 2035 curavi3.
288 1993 386 2024 nam
418 1979 470 2024 de
501 1980 639 2037 primo
672 1980 776 2023 alias
809 1980 1011 2037 scriptum
1046 1984 1122 2023 est.
1168 1979 1303 2035 Legat
1333 1993 1447 2035 erg0,
1480 1980 1553 2036 qui
1583 1994 1656 2023 vo-

82 2059 234 2113 luerit13
266 2058 444 2102 invitum
476 2061 520 2101 et
548 2057 834 2101 fastidientem
867 2071 991 2101 nemo
1022 2057 1162 2112 legere
1193 2057 1419 2114 compellit.

201 2136 455 2181 Beatissimo
488 2138 609 2192 patre
640 2139 785 2178 nostro
818 2135 972 2179 Ottone
1004 2139 1101 2192 post
1131 2136 1317 2192 primum
1349 2135 1485 2190 gentis
1507 2134 1656 2179 Pome-

84 2214 227 2261 mnino
262 2201 548 2271 apostolatum
587 2213 641 2256 ad
679 2213 822 2256 sedem
861 2213 1080 2270 propriam
1117 2213 1297 2257 feliciter
1337 2227 1537 2268 reversQ·
1576 2213 1656 2257 due

85 2306 139 2338 ex
168 2290 444 2336 nobilissimis
475 2290 740 2346 civitatibus,
781 2290 825 2333 id
857 2294 921 2335 est
951 2290 1059 2334 Iulin
1099 2295 1141 2335 et
1174 2291 1332 2346 Stetin,
1373 2291 1534 2334 invidia
1566 2290 1656 2334 dia-
1680 2306 1883 2342 1125—1126

2 2423 3 2426 Ἰ
86 2370 172 2415 boli
201 2369 450 2424 instigante,
483 2368 537 2412 ad
567 2368 770 2425 pristinas
801 2368 1009 2425 ydolatrie
1041 2369 1184 2412 sordes
1216 2369 1398 2422 rediere3
1431 2369 1511 2412 hac
1541 2368 1656 2412 vide-

84 2448 185 2493 licet
222 2447 452 2491 occasione.
575 2446 707 2501 Iulin,
747 2460 772 2489 a
802 2446 908 2490 Iulio
946 2446 1099 2490 Cesare
1138 2447 1307 2490 condita
1344 2451 1386 2490 et
1423 2447 1656 2502 nominata,

0 2543 4 2581 ᾗ
85 2526 131 2569 in
162 2538 246 2582 qua
275 2524 402 2568 etiam
434 2523 582 2567 lancea
611 2524 745 2581 ipsius
767 2524 990 2581 columpne
1022 2525 1127 2568 mire
1159 2524 1462 2579 magnitudinis
1485 2524 1537 2568 ob
1570 2538 1656 2568 me-

87 2603 267 2647 moriam
297 2602 387 2646 eius
418 2600 549 2644 infixa
580 2602 849 2657 servabatur,
893 2602 1111 2646 cuiusdam
1143 2602 1258 2659 ydoli
1289 2602 1577 2646 celebritatem
1611 2603 1658 2645 in

0 2685 2 2690 “
87 2680 214 2725 inicio
245 2680 390 2724 estatis
421 2679 606 2722 maximo
629 2693 834 2723 concursu
866 2684 907 2724 et
938 2680 1123 2737 tripudio
1154 2693 1279 2735 agere
1309 2680 1482 2724 solebat.
1531 2679 1657 2723 Cum—

88 2772 183 2815 que,
214 2757 342 2802 verbo
373 2756 471 2800 fidei
503 2760 545 2800 et
576 2757 777 2814 baptismi
807 2757 974 2802 lavacro
1006 2758 1108 2802 urbe
1139 2758 1356 2814 mundata,
1388 2772 1464 2816 per
1488 2758 1656 2802 beatum

89 2834 330 2894 pontificem
368 2834 494 2892 ydola
538 2835 702 2879 maiora
740 2839 782 2879 et
819 2836 1003 2891 minora,
1052 2850 1131 2892 que
1176 2837 1221 2880 in
1263 2836 1487 2894 propatulo
1524 2839 1657 2891 erant,

0 2926 8 2964 ξ
89 2913 257 2968 ignibus
289 2911 537 2967 conflagrari
569 2913 799 2969 cepissent,
838 2914 1009 2969 quidam
1041 2913 1265 2958 stultorum
1296 2915 1483 2959 modicas
1513 2914 1659 2971 ydolo-

184 3017 210 3038 α.
243 3017 299 3038 om.
319 3006 350 3037 C.
636 3008 664 3037 b.
697 3017 753 3038 om.
773 3007 804 3038 G.
