<?xml version="1.0" encoding="UTF-8"?>
<!DOCTYPE html PUBLIC "-//W3C//DTD XHTML 1.0 Transitional//EN"
    "http://www.w3.org/TR/xhtml1/DTD/xhtml1-transitional.dtd">
<html xmlns="http://www.w3.org/1999/xhtml" xml:lang="en" lang="en">
 <head>
  <title>
</title>
<meta http-equiv="Content-Type" content="text/html;charset=utf-8" />
  <meta name='ocr-system' content='tesseract 3.04.00' />
  <meta name='ocr-capabilities' content='ocr_page ocr_carea ocr_par ocr_line ocrx_word'/>
</head>
<body>
  <div class='ocr_page' id='page_1' title='image "bibliothecarerum05wattuoft_0731.png"; bbox 0 0 2028 3438; ppageno 0'>
   <div class='ocr_carea' id='block_1_1' title="bbox 465 244 1637 289">
    <p class='ocr_par' dir='ltr' id='par_1_1' title="bbox 465 244 1637 289">
     <span class='ocr_line' id='line_1_1' title="bbox 465 244 1637 289; baseline -0.002 0"><span class='ocrx_word' id='word_1_1' title='bbox 465 257 706 289; x_wconf 74' lang='lat' dir='ltr'><strong>nnnnonm</strong></span> <span class='ocrx_word' id='word_1_2' title='bbox 736 257 979 289; x_wconf 56' lang='lat' dir='ltr'><strong>manneus.</strong></span> <span class='ocrx_word' id='word_1_3' title='bbox 1028 258 1114 288; x_wconf 78' lang='lat' dir='ltr'><strong>Lm.</strong></span> <span class='ocrx_word' id='word_1_4' title='bbox 1138 258 1166 287; x_wconf 51' lang='lat'><strong>12</strong></span> <span class='ocrx_word' id='word_1_5' title='bbox 1188 254 1230 289; x_wconf 81' lang='lat'><strong>17</strong></span> <span class='ocrx_word' id='word_1_6' title='bbox 1549 244 1637 288; x_wconf 83' lang='lat'><strong>715</strong></span> 
     </span>
    </p>
   </div>
   <div class='ocr_carea' id='block_1_2' title="bbox 67 351 1646 2751">
    <p class='ocr_par' dir='ltr' id='par_1_2' title="bbox 67 351 1645 2598">
     <span class='ocr_line' id='line_1_2' title="bbox 68 351 1637 424; baseline -0.003 -14"><span class='ocrx_word' id='word_1_7' title='bbox 68 365 255 424; x_wconf 73' lang='lat' dir='ltr'><strong>eopiosa·</strong></span> <span class='ocrx_word' id='word_1_8' title='bbox 268 364 511 423; x_wconf 84' lang='lat' dir='ltr'><strong>prediorum</strong></span> <span class='ocrx_word' id='word_1_9' title='bbox 545 364 771 409; x_wconf 82' lang='lat' dir='ltr'><strong>donatione</strong></span> <span class='ocrx_word' id='word_1_10' title='bbox 809 351 861 409; x_wconf 84' lang='lat' dir='ltr'><strong>ab</strong></span> <span class='ocrx_word' id='word_1_11' title='bbox 897 364 991 422; x_wconf 89' lang='lat' dir='ltr'><strong>ipso</strong></span> <span class='ocrx_word' id='word_1_12' title='bbox 1021 364 1232 421; x_wconf 83' lang='lat' dir='ltr'><strong>primum,</strong></span> <span class='ocrx_word' id='word_1_13' title='bbox 1273 363 1425 407; x_wconf 89' lang='lat' dir='ltr'><strong>deinde</strong></span> <span class='ocrx_word' id='word_1_14' title='bbox 1457 363 1510 407; x_wconf 87' lang='lat' dir='ltr'><strong>ab</strong></span> <span class='ocrx_word' id='word_1_15' title='bbox 1542 363 1637 407; x_wconf 88' lang='lat' dir='ltr'><strong>aliis</strong></span> 
     </span>
     <span class='ocr_line' id='line_1_3' title="bbox 68 441 1637 496; baseline -0.002 -9"><span class='ocrx_word' id='word_1_16' title='bbox 68 441 261 487; x_wconf 86' lang='lat' dir='ltr'><strong>fidelibus</strong></span> <span class='ocrx_word' id='word_1_17' title='bbox 282 442 428 487; x_wconf 81' lang='lat' dir='ltr'><strong>ditata.</strong></span> <span class='ocrx_word' id='word_1_18' title='bbox 553 441 746 486; x_wconf 86' lang='lat' dir='ltr'><strong>Secunda</strong></span> <span class='ocrx_word' id='word_1_19' title='bbox 766 446 831 486; x_wconf 88' lang='lat' dir='ltr'><strong>est</strong></span> <span class='ocrx_word' id='word_1_20' title='bbox 851 443 895 485; x_wconf 91' lang='lat' dir='ltr'><strong>in</strong></span> <span class='ocrx_word' id='word_1_21' title='bbox 915 442 1006 485; x_wconf 86' lang='lat' dir='ltr'><strong>loco</strong></span> <span class='ocrx_word' id='word_1_22' title='bbox 1028 441 1381 496; x_wconf 78' lang='lat' dir='ltr'><strong>Babenbergensi‚</strong></span> <span class='ocrx_word' id='word_1_23' title='bbox 1403 441 1448 484; x_wconf 90' lang='lat' dir='ltr'><strong>in</strong></span> <span class='ocrx_word' id='word_1_24' title='bbox 1469 441 1637 485; x_wconf 86' lang='lat' dir='ltr'><strong>domate</strong></span> 
     </span>
     <span class='ocr_line' id='line_1_4' title="bbox 69 518 1638 577; baseline -0.001 -13"><span class='ocrx_word' id='word_1_25' title='bbox 69 518 482 564; x_wconf 47' lang='lat' dir='ltr'><strong>meti-*Michahelis</strong></span> <span class='ocrx_word' id='word_1_26' title='bbox 523 520 625 574; x_wconf 79' lang='lat' dir='ltr'><strong>sita,</strong></span> <span class='ocrx_word' id='word_1_27' title='bbox 666 519 744 563; x_wconf 92' lang='lat' dir='ltr'><strong>sub</strong></span> <span class='ocrx_word' id='word_1_28' title='bbox 782 520 1016 577; x_wconf 86' lang='lat' dir='ltr'><strong>patrocinio</strong></span> <span class='ocrx_word' id='word_1_29' title='bbox 1055 522 1199 563; x_wconf 85' lang='lat' dir='ltr'><strong>sancte</strong></span> <span class='ocrx_word' id='word_1_30' title='bbox 1229 518 1346 562; x_wconf 89' lang='lat' dir='ltr'><strong>Fidis</strong></span> <span class='ocrx_word' id='word_1_31' title='bbox 1378 518 1555 572; x_wconf 88' lang='lat' dir='ltr'><strong>virginis</strong></span> <span class='ocrx_word' id='word_1_32' title='bbox 1595 522 1638 562; x_wconf 91' lang='lat' dir='ltr'><strong>et</strong></span> 
     </span>
     <span class='ocr_line' id='line_1_5' title="bbox 67 595 1638 650; baseline -0.002 -8"><span class='ocrx_word' id='word_1_33' title='bbox 67 597 294 642; x_wconf 45' lang='lat' dir='ltr'><strong>munimen</strong></span> <span class='ocrx_word' id='word_1_34' title='bbox 329 596 475 641; x_wconf 85' lang='lat' dir='ltr'><strong>Primo</strong></span> <span class='ocrx_word' id='word_1_35' title='bbox 513 597 622 640; x_wconf 84' lang='lat' dir='ltr'><strong>hanc</strong></span> <span class='ocrx_word' id='word_1_36' title='bbox 660 597 1040 640; x_wconf 78' lang='lat' dir='ltr'><strong>sanctimonialium</strong></span> <span class='ocrx_word' id='word_1_37' title='bbox 1074 610 1165 640; x_wconf 88' lang='lat' dir='ltr'><strong>esse</strong></span> <span class='ocrx_word' id='word_1_38' title='bbox 1198 596 1350 650; x_wconf 82' lang='lat' dir='ltr'><strong>voluit3</strong></span> <span class='ocrx_word' id='word_1_39' title='bbox 1390 595 1464 639; x_wconf 90' lang='lat' dir='ltr'><strong>sed</strong></span> <span class='ocrx_word' id='word_1_40' title='bbox 1496 595 1638 639; x_wconf 85' lang='lat' dir='ltr'><strong>altiori</strong></span> 
     </span>
     <span class='ocr_line' id='line_1_6' title="bbox 69 674 1637 732; baseline -0.003 -12"><span class='ocrx_word' id='word_1_41' title='bbox 69 675 259 720; x_wconf 59' lang='lat' dir='ltr'><strong>oonsilio</strong></span> <span class='ocrx_word' id='word_1_42' title='bbox 282 678 445 732; x_wconf 78' lang='lat' dir='ltr'><strong>septem</strong></span> <span class='ocrx_word' id='word_1_43' title='bbox 483 674 701 718; x_wconf 81' lang='lat' dir='ltr'><strong>monachis</strong></span> <span class='ocrx_word' id='word_1_44' title='bbox 733 687 826 718; x_wconf 88' lang='lat' dir='ltr'><strong>eam</strong></span> <span class='ocrx_word' id='word_1_45' title='bbox 858 675 1042 718; x_wconf 90' lang='lat' dir='ltr'><strong>instituit</strong></span> <span class='ocrx_word' id='word_1_46' title='bbox 1075 678 1116 718; x_wconf 91' lang='lat' dir='ltr'><strong>et</strong></span> <span class='ocrx_word' id='word_1_47' title='bbox 1153 687 1248 717; x_wconf 84' lang='lat' dir='ltr'><strong>cum</strong></span> <span class='ocrx_word' id='word_1_48' title='bbox 1282 674 1475 717; x_wconf 90' lang='lat' dir='ltr'><strong>omnibus</strong></span> <span class='ocrx_word' id='word_1_49' title='bbox 1507 674 1637 731; x_wconf 90' lang='lat' dir='ltr'><strong>perti-</strong></span> 
     </span>
     <span class='ocr_line' id='line_1_7' title="bbox 67 749 1638 807; baseline -0.001 -10"><span class='ocrx_word' id='word_1_50' title='bbox 67 753 237 798; x_wconf 55' lang='lat' dir='ltr'><strong>nonnis&gt;</strong></span> <span class='ocrx_word' id='word_1_51' title='bbox 255 753 342 796; x_wconf 86' lang='lat' dir='ltr'><strong>suis</strong></span> <span class='ocrx_word' id='word_1_52' title='bbox 373 755 519 796; x_wconf 83' lang='lat' dir='ltr'><strong>saneto</strong></span> <span class='ocrx_word' id='word_1_53' title='bbox 550 751 774 796; x_wconf 83' lang='lat' dir='ltr'><strong>Michaheli</strong></span> <span class='ocrx_word' id='word_1_54' title='bbox 806 752 1082 807; x_wconf 81' lang='lat' dir='ltr'><strong>consignavit.</strong></span> <span class='ocrx_word' id='word_1_55' title='bbox 1204 752 1348 795; x_wconf 87' lang='lat' dir='ltr'><strong>Tertia</strong></span> <span class='ocrx_word' id='word_1_56' title='bbox 1384 755 1449 795; x_wconf 88' lang='lat' dir='ltr'><strong>est</strong></span> <span class='ocrx_word' id='word_1_57' title='bbox 1478 749 1638 795; x_wconf 88' lang='lat' dir='ltr'><strong>Rotha¹</strong></span> 
     </span>
     <span class='ocr_line' id='line_1_8' title="bbox 67 829 1637 889; baseline -0.002 -14"><span class='ocrx_word' id='word_1_58' title='bbox 67 830 149 875; x_wconf 76' lang='lat' dir='ltr'><strong>sub</strong></span> <span class='ocrx_word' id='word_1_59' title='bbox 175 830 413 889; x_wconf 79' lang='lat' dir='ltr'><strong>patrocinio</strong></span> <span class='ocrx_word' id='word_1_60' title='bbox 444 830 578 873; x_wconf 82' lang='lat' dir='ltr'><strong>sancti</strong></span> <span class='ocrx_word' id='word_1_61' title='bbox 601 829 769 884; x_wconf 84' lang='lat' dir='ltr'><strong>Georgii</strong></span> <span class='ocrx_word' id='word_1_62' title='bbox 791 830 979 872; x_wconf 86' lang='lat' dir='ltr'><strong>martiris</strong></span> <span class='ocrx_word' id='word_1_63' title='bbox 1011 830 1055 872; x_wconf 92' lang='lat' dir='ltr'><strong>in</strong></span> <span class='ocrx_word' id='word_1_64' title='bbox 1086 830 1299 886; x_wconf 84' lang='lat' dir='ltr'><strong>episcopio</strong></span> <span class='ocrx_word' id='word_1_65' title='bbox 1321 829 1637 886; x_wconf 88' lang='lat' dir='ltr'><strong>Herbipolensi;</strong></span> 
     </span>
     <span class='ocr_line' id='line_1_9' title="bbox 69 906 1639 965; baseline -0.002 -12"><span class='ocrx_word' id='word_1_66' title='bbox 69 912 222 965; x_wconf 76' lang='lat' dir='ltr'><strong>quarta.</strong></span> <span class='ocrx_word' id='word_1_67' title='bbox 251 911 317 952; x_wconf 78' lang='lat' dir='ltr'><strong>est</strong></span> <span class='ocrx_word' id='word_1_68' title='bbox 346 907 537 952; x_wconf 78' lang='lat' dir='ltr'><strong>Vezzera</strong></span> <span class='ocrx_word' id='word_1_69' title='bbox 575 908 618 950; x_wconf 92' lang='lat' dir='ltr'><strong>in</strong></span> <span class='ocrx_word' id='word_1_70' title='bbox 659 907 804 951; x_wconf 90' lang='lat' dir='ltr'><strong>eodem</strong></span> <span class='ocrx_word' id='word_1_71' title='bbox 838 908 1073 964; x_wconf 83' lang='lat' dir='ltr'><strong>episcopio,</strong></span> <span class='ocrx_word' id='word_1_72' title='bbox 1113 908 1155 950; x_wconf 90' lang='lat' dir='ltr'><strong>iu</strong></span> <span class='ocrx_word' id='word_1_73' title='bbox 1195 907 1352 950; x_wconf 87' lang='lat' dir='ltr'><strong>honore</strong></span> <span class='ocrx_word' id='word_1_74' title='bbox 1384 911 1528 951; x_wconf 86' lang='lat' dir='ltr'><strong>sancte</strong></span> <span class='ocrx_word' id='word_1_75' title='bbox 1558 906 1639 950; x_wconf 91' lang='lat' dir='ltr'><strong>Dei</strong></span> 
     </span>
     <span class='ocr_line' id='line_1_10' title="bbox 68 984 1638 1042; baseline -0.002 -12"><span class='ocrx_word' id='word_1_76' title='bbox 68 985 285 1042; x_wconf 76' lang='lat' dir='ltr'><strong>genitricis</strong></span> <span class='ocrx_word' id='word_1_77' title='bbox 315 985 463 1041; x_wconf 85' lang='lat' dir='ltr'><strong>Marie,</strong></span> <span class='ocrx_word' id='word_1_78' title='bbox 496 985 547 1028; x_wconf 89' lang='lat' dir='ltr'><strong>de</strong></span> <span class='ocrx_word' id='word_1_79' title='bbox 579 985 726 1028; x_wconf 88' lang='lat' dir='ltr'><strong>ordine</strong></span> <span class='ocrx_word' id='word_1_80' title='bbox 755 985 1120 1042; x_wconf 87' lang='lat' dir='ltr'><strong>Norpertinorum.</strong></span> <span class='ocrx_word' id='word_1_81' title='bbox 1177 984 1259 1028; x_wconf 89' lang='lat' dir='ltr'><strong>Sed</strong></span> <span class='ocrx_word' id='word_1_82' title='bbox 1291 985 1464 1028; x_wconf 86' lang='lat' dir='ltr'><strong>alterius</strong></span> <span class='ocrx_word' id='word_1_83' title='bbox 1496 985 1638 1028; x_wconf 85' lang='lat' dir='ltr'><strong>fecun-</strong></span> 
     </span>
     <span class='ocr_line' id='line_1_11' title="bbox 69 1062 1639 1119; baseline -0.002 -11"><span class='ocrx_word' id='word_1_84' title='bbox 69 1063 180 1108; x_wconf 74' lang='lat' dir='ltr'><strong>ditas</strong></span> <span class='ocrx_word' id='word_1_85' title='bbox 217 1063 342 1108; x_wconf 74' lang='lat' dir='ltr'><strong>alteri</strong></span> <span class='ocrx_word' id='word_1_86' title='bbox 370 1063 472 1107; x_wconf 86' lang='lat' dir='ltr'><strong>fecit</strong></span> <span class='ocrx_word' id='word_1_87' title='bbox 509 1062 790 1107; x_wconf 81' lang='lat' dir='ltr'><strong>sterilitatem.</strong></span> <span class='ocrx_word' id='word_1_88' title='bbox 845 1063 981 1106; x_wconf 87' lang='lat' dir='ltr'><strong>Rotha</strong></span> <span class='ocrx_word' id='word_1_89' title='bbox 1011 1063 1148 1119; x_wconf 86' lang='lat' dir='ltr'><strong>enim,</strong></span> <span class='ocrx_word' id='word_1_90' title='bbox 1187 1064 1232 1106; x_wconf 88' lang='lat' dir='ltr'><strong>in</strong></span> <span class='ocrx_word' id='word_1_91' title='bbox 1273 1077 1350 1106; x_wconf 88' lang='lat' dir='ltr'><strong>sua</strong></span> <span class='ocrx_word' id='word_1_92' title='bbox 1387 1076 1639 1119; x_wconf 86' lang='lat' dir='ltr'><strong>permanens</strong></span> 
     </span>
     <span class='ocr_line' id='line_1_12' title="bbox 67 1139 1640 1199; baseline -0.002 -13"><span class='ocrx_word' id='word_1_93' title='bbox 67 1142 294 1197; x_wconf 61' lang='lat' dir='ltr'><strong>tenuitate,</strong></span> <span class='ocrx_word' id='word_1_94' title='bbox 333 1140 570 1199; x_wconf 85' lang='lat' dir='ltr'><strong>proficienti</strong></span> <span class='ocrx_word' id='word_1_95' title='bbox 603 1140 787 1184; x_wconf 75' lang='lat' dir='ltr'><strong>Vezzere</strong></span> <span class='ocrx_word' id='word_1_96' title='bbox 827 1144 1047 1197; x_wconf 82' lang='lat' dir='ltr'><strong>tamquam</strong></span> <span class='ocrx_word' id='word_1_97' title='bbox 1082 1140 1247 1185; x_wconf 90' lang='lat' dir='ltr'><strong>meliori</strong></span> <span class='ocrx_word' id='word_1_98' title='bbox 1288 1140 1340 1183; x_wconf 86' lang='lat' dir='ltr'><strong>ad</strong></span> <span class='ocrx_word' id='word_1_99' title='bbox 1371 1139 1640 1184; x_wconf 89' lang='lat' dir='ltr'><strong>serviendum</strong></span> 
     </span>
     <span class='ocr_line' id='line_1_13' title="bbox 68 1217 1640 1275; baseline -0.001 -12"><span class='ocrx_word' id='word_1_100' title='bbox 68 1218 238 1263; x_wconf 81' lang='lat' dir='ltr'><strong>subdita</strong></span> <span class='ocrx_word' id='word_1_101' title='bbox 268 1222 344 1263; x_wconf 88' lang='lat' dir='ltr'><strong>est.</strong></span> <span class='ocrx_word' id='word_1_102' title='bbox 400 1218 491 1262; x_wconf 85' lang='lat' dir='ltr'><strong>Hoc</strong></span> <span class='ocrx_word' id='word_1_103' title='bbox 521 1222 664 1262; x_wconf 86' lang='lat' dir='ltr'><strong>tamen</strong></span> <span class='ocrx_word' id='word_1_104' title='bbox 695 1218 932 1274; x_wconf 84' lang='lat' dir='ltr'><strong>sciendum,</strong></span> <span class='ocrx_word' id='word_1_105' title='bbox 971 1219 1083 1274; x_wconf 90' lang='lat' dir='ltr'><strong>quod</strong></span> <span class='ocrx_word' id='word_1_106' title='bbox 1114 1219 1336 1275; x_wconf 84' lang='lat' dir='ltr'><strong>episeopus</strong></span> <span class='ocrx_word' id='word_1_107' title='bbox 1366 1218 1547 1262; x_wconf 88' lang='lat' dir='ltr'><strong>Rotham</strong></span> <span class='ocrx_word' id='word_1_108' title='bbox 1588 1217 1640 1262; x_wconf 85' lang='lat' dir='ltr'><strong>ab</strong></span> 
     </span>
     <span class='ocr_line' id='line_1_14' title="bbox 68 1296 1640 1354; baseline -0.001 -14"><span class='ocrx_word' id='word_1_109' title='bbox 68 1296 265 1352; x_wconf 81' lang='lat' dir='ltr'><strong>A&#39;gnethe·</strong></span> <span class='ocrx_word' id='word_1_110' title='bbox 291 1296 484 1354; x_wconf 84' lang='lat' dir='ltr'><strong>palatina</strong></span> <span class='ocrx_word' id='word_1_111' title='bbox 515 1301 558 1340; x_wconf 86' lang='lat' dir='ltr'><strong>et</strong></span> <span class='ocrx_word' id='word_1_112' title='bbox 589 1297 677 1340; x_wconf 90' lang='lat' dir='ltr'><strong>eius</strong></span> <span class='ocrx_word' id='word_1_113' title='bbox 709 1310 853 1340; x_wconf 90' lang='lat' dir='ltr'><strong>sorore</strong></span> <span class='ocrx_word' id='word_1_114' title='bbox 877 1296 1111 1340; x_wconf 87' lang='lat' dir='ltr'><strong>Adelheida</strong></span> <span class='ocrx_word' id='word_1_115' title='bbox 1142 1310 1237 1340; x_wconf 88' lang='lat' dir='ltr'><strong>eum</strong></span> <span class='ocrx_word' id='word_1_116' title='bbox 1269 1297 1490 1352; x_wconf 77' lang='lat' dir='ltr'><strong>sexaginta</strong></span> <span class='ocrx_word' id='word_1_117' title='bbox 1520 1309 1640 1339; x_wconf 91' lang='lat' dir='ltr'><strong>man-</strong></span> 
     </span>
     <span class='ocr_line' id='line_1_15' title="bbox 69 1373 1640 1431; baseline -0.001 -13"><span class='ocrx_word' id='word_1_118' title='bbox 69 1374 128 1418; x_wconf 87' lang='lat' dir='ltr'><strong>sis</strong></span> <span class='ocrx_word' id='word_1_119' title='bbox 159 1373 333 1418; x_wconf 77' lang='lat' dir='ltr'><strong>ecclesie</strong></span> <span class='ocrx_word' id='word_1_120' title='bbox 354 1373 693 1429; x_wconf 87' lang='lat' dir='ltr'><strong>Babenbergensi</strong></span> <span class='ocrx_word' id='word_1_121' title='bbox 716 1374 913 1417; x_wconf 88' lang='lat' dir='ltr'><strong>donatam</strong></span> <span class='ocrx_word' id='word_1_122' title='bbox 938 1375 1142 1431; x_wconf 84' lang='lat' dir='ltr'><strong>suscepit3</strong></span> <span class='ocrx_word' id='word_1_123' title='bbox 1175 1374 1518 1418; x_wconf 82' lang='lat' dir='ltr'><strong>circumiacentia</strong></span> <span class='ocrx_word' id='word_1_124' title='bbox 1542 1387 1640 1417; x_wconf 91' lang='lat' dir='ltr'><strong>vero</strong></span> 
     </span>
     <span class='ocr_line' id='line_1_16' title="bbox 70 1452 1641 1508; baseline -0.001 -12"><span class='ocrx_word' id='word_1_125' title='bbox 70 1452 205 1496; x_wconf 84' lang='lat' dir='ltr'><strong>eidem</strong></span> <span class='ocrx_word' id='word_1_126' title='bbox 237 1452 341 1496; x_wconf 76' lang='lat' dir='ltr'><strong>celle</strong></span> <span class='ocrx_word' id='word_1_127' title='bbox 379 1452 490 1496; x_wconf 87' lang='lat' dir='ltr'><strong>bona</strong></span> <span class='ocrx_word' id='word_1_128' title='bbox 519 1453 624 1496; x_wconf 89' lang='lat' dir='ltr'><strong>emit</strong></span> <span class='ocrx_word' id='word_1_129' title='bbox 654 1452 845 1495; x_wconf 87' lang='lat' dir='ltr'><strong>ducentis</strong></span> <span class='ocrx_word' id='word_1_130' title='bbox 876 1452 1098 1507; x_wconf 81' lang='lat' dir='ltr'><strong>sexaginta</strong></span> <span class='ocrx_word' id='word_1_131' title='bbox 1128 1452 1312 1508; x_wconf 87' lang='lat' dir='ltr'><strong>quinque</strong></span> <span class='ocrx_word' id='word_1_132' title='bbox 1345 1453 1512 1508; x_wconf 77' lang='lat' dir='ltr'><strong>mareis,</strong></span> <span class='ocrx_word' id='word_1_133' title='bbox 1546 1465 1641 1495; x_wconf 87' lang='lat' dir='ltr'><strong>cum</strong></span> 
     </span>
     <span class='ocr_line' id='line_1_17' title="bbox 69 1520 1642 1587; baseline -0.001 -14"><span class='ocrx_word' id='word_1_134' title='bbox 69 1529 418 1574; x_wconf 83' lang='lat' dir='ltr'><strong>ministerialibus</strong></span> <span class='ocrx_word' id='word_1_135' title='bbox 448 1520 611 1574; x_wconf 86' lang='lat' dir='ltr'><strong>scilicet</strong></span> <span class='ocrx_word' id='word_1_136' title='bbox 641 1533 682 1574; x_wconf 92' lang='lat' dir='ltr'><strong>et</strong></span> <span class='ocrx_word' id='word_1_137' title='bbox 714 1530 841 1585; x_wconf 77' lang='lat' dir='ltr'><strong>agri8‚</strong></span> <span class='ocrx_word' id='word_1_138' title='bbox 874 1530 992 1573; x_wconf 87' lang='lat' dir='ltr'><strong>silvis</strong></span> <span class='ocrx_word' id='word_1_139' title='bbox 1025 1533 1066 1573; x_wconf 91' lang='lat' dir='ltr'><strong>et</strong></span> <span class='ocrx_word' id='word_1_140' title='bbox 1099 1531 1244 1586; x_wconf 81' lang='lat' dir='ltr'><strong>pratis,</strong></span> <span class='ocrx_word' id='word_1_141' title='bbox 1277 1531 1445 1587; x_wconf 83' lang='lat' dir='ltr'><strong>pascuis</strong></span> <span class='ocrx_word' id='word_1_142' title='bbox 1477 1543 1527 1573; x_wconf 88' lang='lat' dir='ltr'><strong>ac</strong></span> <span class='ocrx_word' id='word_1_143' title='bbox 1552 1543 1642 1572; x_wconf 91' lang='lat' dir='ltr'><strong>mo-</strong></span> 
     </span>
     <span class='ocr_line' id='line_1_18' title="bbox 68 1607 1641 1664; baseline -0.001 -12"><span class='ocrx_word' id='word_1_144' title='bbox 68 1607 275 1664; x_wconf 71' lang='lat' dir='ltr'><strong>lendinis,</strong></span> <span class='ocrx_word' id='word_1_145' title='bbox 313 1611 356 1652; x_wconf 90' lang='lat' dir='ltr'><strong>et</strong></span> <span class='ocrx_word' id='word_1_146' title='bbox 386 1620 481 1652; x_wconf 83' lang='lat' dir='ltr'><strong>oum</strong></span> <span class='ocrx_word' id='word_1_147' title='bbox 514 1608 630 1651; x_wconf 91' lang='lat' dir='ltr'><strong>omni</strong></span> <span class='ocrx_word' id='word_1_148' title='bbox 669 1607 853 1651; x_wconf 88' lang='lat' dir='ltr'><strong>utilitate</strong></span> <span class='ocrx_word' id='word_1_149' title='bbox 885 1621 933 1650; x_wconf 87' lang='lat' dir='ltr'><strong>ac</strong></span> <span class='ocrx_word' id='word_1_150' title='bbox 964 1608 1075 1663; x_wconf 77' lang='lat' dir='ltr'><strong>iure,</strong></span> <span class='ocrx_word' id='word_1_151' title='bbox 1117 1621 1198 1663; x_wconf 89' lang='lat' dir='ltr'><strong>quo</strong></span> <span class='ocrx_word' id='word_1_152' title='bbox 1231 1607 1378 1651; x_wconf 89' lang='lat' dir='ltr'><strong>Chuno</strong></span> <span class='ocrx_word' id='word_1_153' title='bbox 1411 1608 1497 1651; x_wconf 84' lang='lat' dir='ltr'><strong>dux</strong></span> <span class='ocrx_word' id='word_1_154' title='bbox 1527 1607 1641 1651; x_wconf 90' lang='lat' dir='ltr'><strong>idem</strong></span> 
     </span>
     <span class='ocr_line' id='line_1_19' title="bbox 69 1669 1642 1743; baseline 0 -14"><span class='ocrx_word' id='word_1_155' title='bbox 69 1685 263 1743; x_wconf 76' lang='lat' dir='ltr'><strong>predium</strong></span> <span class='ocrx_word' id='word_1_156' title='bbox 294 1686 483 1729; x_wconf 88' lang='lat' dir='ltr'><strong>noscitur</strong></span> <span class='ocrx_word' id='word_1_157' title='bbox 514 1685 723 1728; x_wconf 87' lang='lat' dir='ltr'><strong>habuisse.</strong></span> <span class='ocrx_word' id='word_1_158' title='bbox 772 1685 1000 1728; x_wconf 87' lang='lat' dir='ltr'><strong>Vezzeram</strong></span> <span class='ocrx_word' id='word_1_159' title='bbox 1034 1690 1174 1729; x_wconf 84' lang='lat' dir='ltr'><strong>autem</strong></span> <span class='ocrx_word' id='word_1_160' title='bbox 1208 1669 1471 1729; x_wconf 51' lang='lat' dir='ltr'><strong>Goth&#39;boldus</strong></span> <span class='ocrx_word' id='word_1_161' title='bbox 1503 1698 1642 1729; x_wconf 84' lang='lat' dir='ltr'><strong>comes</strong></span> 
     </span>
     <span class='ocr_line' id='line_1_20' title="bbox 70 1763 1643 1820; baseline 0 -13"><span class='ocrx_word' id='word_1_162' title='bbox 70 1763 265 1808; x_wconf 85' lang='lat' dir='ltr'><strong>edificare</strong></span> <span class='ocrx_word' id='word_1_163' title='bbox 294 1763 585 1816; x_wconf 83' lang='lat' dir='ltr'><strong>inchoaverat3</strong></span> <span class='ocrx_word' id='word_1_164' title='bbox 631 1776 758 1818; x_wconf 83' lang='lat' dir='ltr'><strong>quam</strong></span> <span class='ocrx_word' id='word_1_165' title='bbox 797 1763 1018 1820; x_wconf 83' lang='lat' dir='ltr'><strong>episeopus</strong></span> <span class='ocrx_word' id='word_1_166' title='bbox 1051 1764 1102 1806; x_wconf 87' lang='lat' dir='ltr'><strong>ab</strong></span> <span class='ocrx_word' id='word_1_167' title='bbox 1136 1777 1184 1806; x_wconf 90' lang='lat' dir='ltr'><strong>eo</strong></span> <span class='ocrx_word' id='word_1_168' title='bbox 1223 1764 1304 1807; x_wconf 88' lang='lat' dir='ltr'><strong>sibi</strong></span> <span class='ocrx_word' id='word_1_169' title='bbox 1337 1764 1479 1807; x_wconf 88' lang='lat' dir='ltr'><strong>datam</strong></span> <span class='ocrx_word' id='word_1_170' title='bbox 1512 1764 1643 1807; x_wconf 88' lang='lat' dir='ltr'><strong>susci-</strong></span> 
     </span>
     <span class='ocr_line' id='line_1_21' title="bbox 69 1841 1643 1899; baseline 0 -15"><span class='ocrx_word' id='word_1_171' title='bbox 69 1842 217 1899; x_wconf 83' lang='lat' dir='ltr'><strong>piens,</strong></span> <span class='ocrx_word' id='word_1_172' title='bbox 257 1841 345 1884; x_wconf 87' lang='lat' dir='ltr'><strong>suis</strong></span> <span class='ocrx_word' id='word_1_173' title='bbox 377 1854 470 1885; x_wconf 84' lang='lat' dir='ltr'><strong>eam</strong></span> <span class='ocrx_word' id='word_1_174' title='bbox 509 1841 722 1898; x_wconf 87' lang='lat' dir='ltr'><strong>promovit</strong></span> <span class='ocrx_word' id='word_1_175' title='bbox 761 1841 963 1897; x_wconf 88' lang='lat' dir='ltr'><strong>inpensis.</strong></span> <span class='ocrx_word' id='word_1_176' title='bbox 1096 1841 1252 1893; x_wconf 84' lang='lat' dir='ltr'><strong>Quinta</strong></span> <span class='ocrx_word' id='word_1_177' title='bbox 1283 1842 1320 1885; x_wconf 91' lang='lat' dir='ltr'><strong>ei</strong></span> <span class='ocrx_word' id='word_1_178' title='bbox 1352 1842 1458 1886; x_wconf 85' lang='lat' dir='ltr'><strong>eella</strong></span> <span class='ocrx_word' id='word_1_179' title='bbox 1487 1842 1569 1885; x_wconf 90' lang='lat' dir='ltr'><strong>fuit</strong></span> <span class='ocrx_word' id='word_1_180' title='bbox 1598 1842 1643 1884; x_wconf 89' lang='lat' dir='ltr'><strong>in</strong></span> 
     </span>
     <span class='ocr_line' id='line_1_22' title="bbox 72 1917 1644 1977; baseline -0.001 -14"><span class='ocrx_word' id='word_1_181' title='bbox 72 1920 285 1977; x_wconf 79' lang='lat' dir='ltr'><strong>episcopio</strong></span> <span class='ocrx_word' id='word_1_182' title='bbox 306 1918 602 1976; x_wconf 86' lang='lat' dir='ltr'><strong>Herbipolensi</strong></span> <span class='ocrx_word' id='word_1_183' title='bbox 624 1917 1008 1962; x_wconf 85' lang='lat' dir='ltr'><strong>Nithardeshusen²</strong></span> <span class='ocrx_word' id='word_1_184' title='bbox 1033 1919 1078 1961; x_wconf 89' lang='lat' dir='ltr'><strong>in</strong></span> <span class='ocrx_word' id='word_1_185' title='bbox 1100 1932 1208 1976; x_wconf 87' lang='lat' dir='ltr'><strong>pago</strong></span> <span class='ocrx_word' id='word_1_186' title='bbox 1232 1919 1440 1963; x_wconf 86' lang='lat' dir='ltr'><strong>Tullefelt.</strong></span> <span class='ocrx_word' id='word_1_187' title='bbox 1565 1919 1644 1962; x_wconf 88' lang='lat' dir='ltr'><strong>At-</strong></span> 
     </span>
     <span class='ocr_line' id='line_1_23' title="bbox 73 1994 1644 2054; baseline -0.001 -13"><span class='ocrx_word' id='word_1_188' title='bbox 73 2010 155 2054; x_wconf 86' lang='lat' dir='ltr'><strong>que</strong></span> <span class='ocrx_word' id='word_1_189' title='bbox 183 1997 234 2052; x_wconf 85' lang='lat' dir='ltr'><strong>si,</strong></span> <span class='ocrx_word' id='word_1_190' title='bbox 266 1996 378 2053; x_wconf 87' lang='lat' dir='ltr'><strong>quod</strong></span> <span class='ocrx_word' id='word_1_191' title='bbox 399 2010 545 2040; x_wconf 88' lang='lat' dir='ltr'><strong>verum</strong></span> <span class='ocrx_word' id='word_1_192' title='bbox 578 1999 655 2051; x_wconf 78' lang='lat' dir='ltr'><strong>est,</strong></span> <span class='ocrx_word' id='word_1_193' title='bbox 686 1996 812 2039; x_wconf 86' lang='lat' dir='ltr'><strong>fateri</strong></span> <span class='ocrx_word' id='word_1_194' title='bbox 842 1996 981 2051; x_wconf 82' lang='lat' dir='ltr'><strong>liceat,</strong></span> <span class='ocrx_word' id='word_1_195' title='bbox 1013 1999 1176 2040; x_wconf 85' lang='lat' dir='ltr'><strong>sextam</strong></span> <span class='ocrx_word' id='word_1_196' title='bbox 1207 1997 1271 2040; x_wconf 91' lang='lat' dir='ltr'><strong>illi</strong></span> <span class='ocrx_word' id='word_1_197' title='bbox 1299 1994 1644 2041; x_wconf 76' lang='lat' dir='ltr'><strong>Tuckelnhusen3</strong></span> 
     </span>
     <span class='ocr_line' id='line_1_24' title="bbox 71 2074 1645 2131; baseline 0 -13"><span class='ocrx_word' id='word_1_198' title='bbox 71 2075 116 2118; x_wconf 90' lang='lat' dir='ltr'><strong>in</strong></span> <span class='ocrx_word' id='word_1_199' title='bbox 147 2074 319 2118; x_wconf 86' lang='lat' dir='ltr'><strong>eodem·</strong></span> <span class='ocrx_word' id='word_1_200' title='bbox 353 2074 568 2131; x_wconf 81' lang='lat' dir='ltr'><strong>episcopio</strong></span> <span class='ocrx_word' id='word_1_201' title='bbox 609 2087 889 2117; x_wconf 87' lang='lat' dir='ltr'><strong>annumerare</strong></span> <span class='ocrx_word' id='word_1_202' title='bbox 921 2074 1134 2117; x_wconf 77' lang='lat' dir='ltr'><strong>debemus,</strong></span> <span class='ocrx_word' id='word_1_203' title='bbox 1189 2074 1324 2117; x_wconf 91' lang='lat' dir='ltr'><strong>Huius</strong></span> <span class='ocrx_word' id='word_1_204' title='bbox 1365 2075 1476 2118; x_wconf 90' lang='lat' dir='ltr'><strong>enim</strong></span> <span class='ocrx_word' id='word_1_205' title='bbox 1509 2079 1645 2119; x_wconf 86' lang='lat' dir='ltr'><strong>struc-</strong></span> 
     </span>
     <span class='ocr_line' id='line_1_25' title="bbox 71 2151 1645 2210; baseline -0.001 -14"><span class='ocrx_word' id='word_1_206' title='bbox 71 2154 206 2207; x_wconf 84' lang='lat' dir='ltr'><strong>tores,</strong></span> <span class='ocrx_word' id='word_1_207' title='bbox 247 2152 348 2196; x_wconf 89' lang='lat' dir='ltr'><strong>dum</strong></span> <span class='ocrx_word' id='word_1_208' title='bbox 381 2152 472 2196; x_wconf 91' lang='lat' dir='ltr'><strong>eius</strong></span> <span class='ocrx_word' id='word_1_209' title='bbox 503 2152 759 2210; x_wconf 90' lang='lat' dir='ltr'><strong>promotioni</strong></span> <span class='ocrx_word' id='word_1_210' title='bbox 792 2152 931 2195; x_wconf 91' lang='lat' dir='ltr'><strong>minus</strong></span> <span class='ocrx_word' id='word_1_211' title='bbox 971 2151 1230 2207; x_wconf 80' lang='lat' dir='ltr'><strong>sufficerent,</strong></span> <span class='ocrx_word' id='word_1_212' title='bbox 1272 2153 1451 2196; x_wconf 85' lang='lat' dir='ltr'><strong>seientes</strong></span> <span class='ocrx_word' id='word_1_213' title='bbox 1484 2153 1645 2209; x_wconf 87' lang='lat' dir='ltr'><strong>episco-</strong></span> 
     </span>
     <span class='ocr_line' id='line_1_26' title="bbox 71 2229 1644 2288; baseline 0 -15"><span class='ocrx_word' id='word_1_214' title='bbox 71 2243 175 2288; x_wconf 91' lang='lat' dir='ltr'><strong>pum</strong></span> <span class='ocrx_word' id='word_1_215' title='bbox 210 2229 362 2274; x_wconf 88' lang='lat' dir='ltr'><strong>talium</strong></span> <span class='ocrx_word' id='word_1_216' title='bbox 403 2243 543 2273; x_wconf 89' lang='lat' dir='ltr'><strong>rerum</strong></span> <span class='ocrx_word' id='word_1_217' title='bbox 583 2229 962 2285; x_wconf 88' lang='lat' dir='ltr'><strong>studiosissimum,</strong></span> <span class='ocrx_word' id='word_1_218' title='bbox 1001 2233 1049 2273; x_wconf 94' lang='lat' dir='ltr'><strong>ut</strong></span> <span class='ocrx_word' id='word_1_219' title='bbox 1087 2230 1175 2273; x_wconf 90' lang='lat' dir='ltr'><strong>eius</strong></span> <span class='ocrx_word' id='word_1_220' title='bbox 1215 2230 1491 2286; x_wconf 87' lang='lat' dir='ltr'><strong>opitulatione</strong></span> <span class='ocrx_word' id='word_1_221' title='bbox 1528 2230 1644 2274; x_wconf 86' lang='lat' dir='ltr'><strong>loeus</strong></span> 
     </span>
     <span class='ocr_line' id='line_1_27' title="bbox 73 2307 1645 2365; baseline 0 -14"><span class='ocrx_word' id='word_1_222' title='bbox 73 2310 405 2365; x_wconf 84' lang='lat' dir='ltr'><strong>promoveretur,</strong></span> <span class='ocrx_word' id='word_1_223' title='bbox 448 2307 584 2364; x_wconf 90' lang='lat' dir='ltr'><strong>ipsius</strong></span> <span class='ocrx_word' id='word_1_224' title='bbox 630 2307 741 2350; x_wconf 89' lang='lat' dir='ltr'><strong>hunc</strong></span> <span class='ocrx_word' id='word_1_225' title='bbox 779 2307 902 2350; x_wconf 90' lang='lat' dir='ltr'><strong>titulo</strong></span> <span class='ocrx_word' id='word_1_226' title='bbox 941 2308 1228 2364; x_wconf 87' lang='lat' dir='ltr'><strong>ascripserunt</strong></span> <span class='ocrx_word' id='word_1_227' title='bbox 1268 2312 1414 2364; x_wconf 83' lang='lat' dir='ltr'><strong>atque,</strong></span> <span class='ocrx_word' id='word_1_228' title='bbox 1462 2312 1510 2351; x_wconf 92' lang='lat' dir='ltr'><strong>ut</strong></span> <span class='ocrx_word' id='word_1_229' title='bbox 1549 2321 1645 2351; x_wconf 92' lang='lat' dir='ltr'><strong>eum</strong></span> 
     </span>
     <span class='ocr_line' id='line_1_28' title="bbox 71 2384 1645 2441; baseline 0 -12"><span class='ocrx_word' id='word_1_230' title='bbox 71 2384 411 2441; x_wconf 85' lang='lat' dir='ltr'><strong>Babenbergensi</strong></span> <span class='ocrx_word' id='word_1_231' title='bbox 443 2385 616 2429; x_wconf 84' lang='lat' dir='ltr'><strong>ecclesie</strong></span> <span class='ocrx_word' id='word_1_232' title='bbox 649 2385 764 2428; x_wconf 91' lang='lat' dir='ltr'><strong>omni</strong></span> <span class='ocrx_word' id='word_1_233' title='bbox 795 2386 887 2430; x_wconf 88' lang='lat' dir='ltr'><strong>iure</strong></span> <span class='ocrx_word' id='word_1_234' title='bbox 918 2384 1148 2440; x_wconf 77' lang='lat' dir='ltr'><strong>firmarent,</strong></span> <span class='ocrx_word' id='word_1_235' title='bbox 1182 2396 1321 2429; x_wconf 82' lang='lat' dir='ltr'><strong>coram</strong></span> <span class='ocrx_word' id='word_1_236' title='bbox 1343 2386 1505 2429; x_wconf 92' lang='lat' dir='ltr'><strong>idoneis</strong></span> <span class='ocrx_word' id='word_1_237' title='bbox 1526 2387 1645 2429; x_wconf 89' lang='lat' dir='ltr'><strong>testi-</strong></span> 
     </span>
     <span class='ocr_line' id='line_1_29' title="bbox 72 2462 1645 2520; baseline 0.001 -14"><span class='ocrx_word' id='word_1_238' title='bbox 72 2462 151 2507; x_wconf 86' lang='lat' dir='ltr'><strong>bus</strong></span> <span class='ocrx_word' id='word_1_239' title='bbox 189 2463 488 2520; x_wconf 89' lang='lat' dir='ltr'><strong>promiserunt.</strong></span> <span class='ocrx_word' id='word_1_240' title='bbox 544 2463 635 2507; x_wconf 88' lang='lat' dir='ltr'><strong>Hac</strong></span> <span class='ocrx_word' id='word_1_241' title='bbox 671 2463 800 2518; x_wconf 89' lang='lat' dir='ltr'><strong>igitur</strong></span> <span class='ocrx_word' id='word_1_242' title='bbox 831 2462 1071 2506; x_wconf 84' lang='lat' dir='ltr'><strong>conditione</strong></span> <span class='ocrx_word' id='word_1_243' title='bbox 1111 2463 1246 2506; x_wconf 89' lang='lat' dir='ltr'><strong>multa</strong></span> <span class='ocrx_word' id='word_1_244' title='bbox 1277 2463 1410 2506; x_wconf 89' lang='lat' dir='ltr'><strong>eidem</strong></span> <span class='ocrx_word' id='word_1_245' title='bbox 1443 2463 1535 2507; x_wconf 88' lang='lat' dir='ltr'><strong>loco</strong></span> <span class='ocrx_word' id='word_1_246' title='bbox 1565 2465 1645 2507; x_wconf 92' lang='lat' dir='ltr'><strong>im-</strong></span> 
     </span>
     <span class='ocr_line' id='line_1_30' title="bbox 73 2540 1643 2598; baseline 0.001 -15"><span class='ocrx_word' id='word_1_247' title='bbox 73 2540 232 2598; x_wconf 85' lang='lat' dir='ltr'><strong>pendit.</strong></span> <span class='ocrx_word' id='word_1_248' title='bbox 354 2540 443 2584; x_wconf 86' lang='lat' dir='ltr'><strong>Hee</strong></span> <span class='ocrx_word' id='word_1_249' title='bbox 474 2541 526 2584; x_wconf 91' lang='lat' dir='ltr'><strong>de</strong></span> <span class='ocrx_word' id='word_1_250' title='bbox 557 2541 673 2584; x_wconf 88' lang='lat' dir='ltr'><strong>cellis</strong></span> <span class='ocrx_word' id='word_1_251' title='bbox 706 2545 748 2584; x_wconf 91' lang='lat' dir='ltr'><strong>et</strong></span> <span class='ocrx_word' id='word_1_252' title='bbox 777 2540 1046 2583; x_wconf 85' lang='lat' dir='ltr'><strong>monasteriis</strong></span> <span class='ocrx_word' id='word_1_253' title='bbox 1078 2540 1167 2584; x_wconf 91' lang='lat' dir='ltr'><strong>eius</strong></span> <span class='ocrx_word' id='word_1_254' title='bbox 1189 2541 1302 2584; x_wconf 86' lang='lat' dir='ltr'><strong>dicta</strong></span> <span class='ocrx_word' id='word_1_255' title='bbox 1322 2541 1398 2584; x_wconf 91' lang='lat' dir='ltr'><strong>tibi</strong></span> <span class='ocrx_word' id='word_1_256' title='bbox 1421 2540 1643 2585; x_wconf 81' lang='lat' dir='ltr'><strong>sufficiant.</strong></span> 
     </span>
    </p>

    <p class='ocr_par' dir='ltr' id='par_1_3' title="bbox 74 2617 1646 2751">
     <span class='ocr_line' id='line_1_31' title="bbox 194 2617 1645 2674; baseline 0.001 -13"><span class='ocrx_word' id='word_1_257' title='bbox 194 2617 315 2661; x_wconf 87' lang='lat' dir='ltr'><strong>Tum</strong></span> <span class='ocrx_word' id='word_1_258' title='bbox 347 2631 459 2673; x_wconf 88' lang='lat' dir='ltr'><strong>ego:</strong></span> <span class='ocrx_word' id='word_1_259' title='bbox 493 2618 701 2662; x_wconf 87' lang='lat' dir='ltr'><strong>Distincte</strong></span> <span class='ocrx_word' id='word_1_260' title='bbox 732 2618 943 2673; x_wconf 85' lang='lat' dir='ltr'><strong>inquam</strong></span> <span class='ocrx_word' id='word_1_261' title='bbox 977 2621 1104 2674; x_wconf 88' lang='lat' dir='ltr'><strong>atque</strong></span> <span class='ocrx_word' id='word_1_262' title='bbox 1136 2619 1345 2662; x_wconf 85' lang='lat' dir='ltr'><strong>succincte</strong></span> <span class='ocrx_word' id='word_1_263' title='bbox 1376 2619 1480 2663; x_wconf 89' lang='lat' dir='ltr'><strong>satis</strong></span> <span class='ocrx_word' id='word_1_264' title='bbox 1513 2633 1561 2662; x_wconf 86' lang='lat' dir='ltr'><strong>ea</strong></span> <span class='ocrx_word' id='word_1_265' title='bbox 1582 2619 1645 2662; x_wconf 92' lang='lat' dir='ltr'><strong>di-</strong></span> 
     </span>
     <span class='ocr_line' id='line_1_32' title="bbox 74 2695 1646 2751; baseline 0.001 -12"><span class='ocrx_word' id='word_1_266' title='bbox 74 2695 255 2750; x_wconf 87' lang='lat' dir='ltr'><strong>gessisti.</strong></span> <span class='ocrx_word' id='word_1_267' title='bbox 310 2695 367 2739; x_wconf 92' lang='lat' dir='ltr'><strong>Et</strong></span> <span class='ocrx_word' id='word_1_268' title='bbox 405 2709 481 2751; x_wconf 91' lang='lat' dir='ltr'><strong>ego</strong></span> <span class='ocrx_word' id='word_1_269' title='bbox 522 2696 559 2739; x_wconf 90' lang='lat' dir='ltr'><strong>si</strong></span> <span class='ocrx_word' id='word_1_270' title='bbox 596 2697 703 2740; x_wconf 87' lang='lat' dir='ltr'><strong>bene</strong></span> <span class='ocrx_word' id='word_1_271' title='bbox 734 2696 974 2750; x_wconf 79' lang='lat' dir='ltr'><strong>numeravi,</strong></span> <span class='ocrx_word' id='word_1_272' title='bbox 1014 2695 1164 2750; x_wconf 87' lang='lat' dir='ltr'><strong>viginti</strong></span> <span class='ocrx_word' id='word_1_273' title='bbox 1202 2709 1331 2739; x_wconf 91' lang='lat' dir='ltr'><strong>unum</strong></span> <span class='ocrx_word' id='word_1_274' title='bbox 1363 2696 1563 2740; x_wconf 83' lang='lat' dir='ltr'><strong>cellarum</strong></span> <span class='ocrx_word' id='word_1_275' title='bbox 1604 2700 1646 2740; x_wconf 90' lang='lat' dir='ltr'><strong>et</strong></span> 
     </span>
    </p>
   </div>
   <div class='ocr_carea' id='block_1_3' title="bbox 172 2826 601 2863">
    <p class='ocr_par' dir='ltr' id='par_1_4' title="bbox 172 2826 601 2863">
     <span class='ocr_line' id='line_1_33' title="bbox 172 2826 601 2863; baseline 0.002 -7"><span class='ocrx_word' id='word_1_276' title='bbox 172 2835 199 2856; x_wconf 74' lang='lat' dir='ltr'><strong>a.</strong></span> <span class='ocrx_word' id='word_1_277' title='bbox 233 2826 319 2856; x_wconf 86' lang='lat' dir='ltr'><strong>edem</strong></span> <span class='ocrx_word' id='word_1_278' title='bbox 343 2827 383 2863; x_wconf 88' lang='lat' dir='ltr'><strong>N,</strong></span> <span class='ocrx_word' id='word_1_279' title='bbox 408 2827 513 2857; x_wconf 86' lang='lat' dir='ltr'><strong>eodem</strong></span> <span class='ocrx_word' id='word_1_280' title='bbox 539 2826 601 2858; x_wconf 86' lang='lat' dir='ltr'><strong>CB.</strong></span> 
     </span>
    </p>
   </div>
   <div class='ocr_carea' id='block_1_4' title="bbox 76 2895 1647 3051">
    <p class='ocr_par' dir='ltr' id='par_1_5' title="bbox 76 2895 1647 3051">
     <span class='ocr_line' id='line_1_34' title="bbox 174 2895 1647 2942; baseline 0 -11"><span class='ocrx_word' id='word_1_281' title='bbox 174 2897 206 2931; x_wconf 94' lang='lat'><strong>1.</strong></span> <span class='ocrx_word' id='word_1_282' title='bbox 232 2895 434 2932; x_wconf 76' lang='lat' dir='ltr'><strong>Miinchrot.</strong></span> <span class='ocrx_word' id='word_1_283' title='bbox 543 2899 576 2933; x_wconf 87' lang='lat'><strong>2.</strong></span> <span class='ocrx_word' id='word_1_284' title='bbox 604 2895 948 2933; x_wconf 81' lang='lat' dir='ltr'><strong>Neidhardshausen</strong></span> <span class='ocrx_word' id='word_1_285' title='bbox 973 2905 1087 2942; x_wconf 87' lang='lat' dir='ltr'><strong>prope</strong></span> <span class='ocrx_word' id='word_1_286' title='bbox 1104 2896 1238 2932; x_wconf 84' lang='lat' dir='ltr'><strong>Kalten</strong></span> <span class='ocrx_word' id='word_1_287' title='bbox 1255 2896 1463 2942; x_wconf 88' lang='lat' dir='ltr'><strong>Nordheim,</strong></span> <span class='ocrx_word' id='word_1_288' title='bbox 1490 2908 1512 2931; x_wconf 86' lang='lat' dir='ltr'><strong>a</strong></span> <span class='ocrx_word' id='word_1_289' title='bbox 1529 2896 1647 2932; x_wconf 82' lang='lat' dir='ltr'><strong>Fulda</strong></span> 
     </span>
     <span class='ocr_line' id='line_1_35' title="bbox 76 2954 1646 3002; baseline -0.001 -11"><span class='ocrx_word' id='word_1_290' title='bbox 76 2955 171 2991; x_wconf 82' lang='lat' dir='ltr'><strong>inter</strong></span> <span class='ocrx_word' id='word_1_291' title='bbox 197 2957 464 3002; x_wconf 86' lang='lat' dir='ltr'><strong>septentriones</strong></span> <span class='ocrx_word' id='word_1_292' title='bbox 490 2959 527 2992; x_wconf 87' lang='lat' dir='ltr'><strong>et</strong></span> <span class='ocrx_word' id='word_1_293' title='bbox 553 2957 742 2992; x_wconf 88' lang='lat' dir='ltr'><strong>orientem.</strong></span> <span class='ocrx_word' id='word_1_294' title='bbox 886 2955 920 2991; x_wconf 89' lang='lat'><strong>3.</strong></span> <span class='ocrx_word' id='word_1_295' title='bbox 947 2954 1245 3001; x_wconf 78' lang='lat' dir='ltr'><strong>Tiiekelhausen,</strong></span> <span class='ocrx_word' id='word_1_296' title='bbox 1277 2955 1324 2992; x_wconf 80' lang='lat' dir='ltr'><strong>ab</strong></span> <span class='ocrx_word' id='word_1_297' title='bbox 1349 2955 1567 2992; x_wconf 81' lang='lat' dir='ltr'><strong>ochsenfurt</strong></span> <span class='ocrx_word' id='word_1_298' title='bbox 1598 2955 1646 2991; x_wconf 87' lang='lat' dir='ltr'><strong>ad</strong></span> 
     </span>
     <span class='ocr_line' id='line_1_36' title="bbox 79 3014 319 3051; baseline -0.004 0"><span class='ocrx_word' id='word_1_299' title='bbox 79 3014 319 3051; x_wconf 85' lang='lat' dir='ltr'><strong>occidentem.</strong></span> 
     </span>
    </p>
   </div>
  </div>
 </body>
</html>
