2028 3438
588 263 809 296 comum
840 263 1010 296 connx.
1062 260 1129 294 166
1559 250 1646 293 293

72 373 237 430 in--q'ua
264 377 411 417 servus
440 385 570 429 super
599 371 735 416 multa
765 369 1084 415 constituendus
1117 369 1294 423 dicitur,
1334 369 1405 424 qui
1435 369 1480 412 in
1512 381 1647 425 pauca
1692 377 1786 415 1114

72 448 370 495 fidelis-affuisse
395 447 654 507 probatur&
682 448 849 493 decrevi
879 461 957 505 pro
990 447 1151 491 viribus
1191 446 1400 502 corrigere
1430 446 1647 501 negligen-
1670 426 1746 465 Aug·
1761 427 1800 456 ¹3

72 526 202 583 tiam,
232 532 343 584 quae
371 527 416 571 in
448 527 582 571 divini
612 526 750 570 cultus
780 525 918 569 officio
950 538 1083 581 usque
1115 524 1168 568 ad
1204 537 1345 568 meum
1382 527 1550 580 tempus
1581 524 1647 566 in-

71 602 237 650 utiliter
263 604 394 648 immo
425 604 668 648 indecenter
698 603 933 648 inoleverat
961 603 1006 646 in
1037 602 1255 660 praedicta
1286 601 1475 645 ecclesia.
1524 600 1647 644 Solus

74 682 188 751 enim
216 681 427 740 presbiter
456 681 503 725 iu
532 681 721 738 qualibet
752 681 1067 738 sollempnitate
1098 679 1288 723 divinum
1315 678 1556 722 celebrabat
1586 674 1647 722 of—

71 758 216 812 ficium
243 759 405 816 absque
434 758 660 814 ministris3
693 759 784 802 sine
816 758 989 814 quibus,
1026 760 1074 800 ut
1105 756 1334 801 auctoritas
1365 756 1540 812 clamat,
1572 770 1648 800 no-

73 850 171 890 men
202 836 373 894 quidem
402 836 530 881 habet
558 836 633 880 sed
665 835 847 880 officium
881 849 967 879 non
995 834 1136 878 habet.
1190 834 1311 878 Hanc
1350 834 1522 890 inquam
1559 837 1648 878 tam

72 910 464 972 condempnabilem
495 913 796 969 negligentiam
829 927 881 956 ex
913 926 1120 956 consensu
1152 911 1312 955 domini
1336 912 1420 955 mei
1442 911 1646 964 O(ttonis)

73 991 303 1049 venerandi
332 991 695 1046 Babenbergensis
735 991 935 1035 ecclesiae
976 989 1178 1034 antistitis
1220 992 1262 1033 et
1291 986 1361 1032 N?
1393 989 1646 1033 venerabilis

71 1068 460 1125 wirzeburgensis·
491 1069 680 1126 episcopi
717 1082 796 1113 nec
832 1082 918 1111 non
958 1071 1001 1111 et
1037 1067 1303 1123 suggestione
1343 1080 1535 1110 sororum
1571 1079 1647 1110 no-

72 1151 261 1195 strarum-
296 1146 487 1193 unanimi
525 1147 748 1191 emendare
789 1146 1012 1204 proposui3
1058 1145 1137 1188 hoc
1174 1147 1320 1202 pacto⁷
1368 1148 1416 1188 ut
1461 1144 1647 1188 decimas

72 1225 271 1274 villarum
298 1224 351 1269 N.
384 1228 427 1269 et
456 1224 533 1281 N.,
564 1225 870 1282 pertinentium
901 1224 954 1267 ad
994 1222 1261 1280 parrochiam
1298 1222 1381 1266 loci
1410 1222 1548 1265 nostri
1578 1222 1646 1278 N„

73 1302 249 1349 adiectis
279 1316 332 1347 ex
362 1305 511 1347 nostra
539 1306 662 1360 parte
692 1302 866 1346 decimis
893 1300 1087 1345 villarum
1108 1300 1160 1343 N.
1185 1303 1227 1343 et
1246 1300 1314 1354 N.,
1347 1300 1647 1343 constituerem

73 1381 250 1433 diacono
270 1383 314 1425 et
333 1379 612 1435 subdiacono3
642 1394 822 1438 quorum
844 1381 1098 1436 cooperante
1119 1377 1355 1421 ministerio
1373 1377 1647 1421 ecclesiastici

73 1458 234 1504 ordinis
265 1458 391 1503 decor
421 1457 548 1502 officii
569 1458 793 1515 sollempni
815 1457 1037 1500 devotione
1062 1455 1265 1499 celebrari
1296 1455 1515 1512 potuisset.
1560 1455 1648 1499 Nec

72 1536 140 1581 his
170 1539 381 1592 contenta,
413 1536 518 1580 duas
550 1537 611 1580 eis
643 1534 904 1593 praebendas
936 1534 1056 1577 iuxta
1086 1547 1246 1577 morem
1270 1546 1460 1576 sororum
1482 1536 1647 1576 nostra-

74 1627 169 1658 rum
201 1613 442 1658 adiciendas
473 1613 624 1667 statui3
664 1617 711 1656 ut
741 1617 830 1656 tam
861 1612 946 1669 ipsi
978 1625 1103 1667 quam
1139 1611 1334 1655 sacerdos
1366 1611 1526 1654 nullam
1557 1614 1647 1654 tam

73 1691 210 1738 victus
241 1705 369 1748 quam
400 1691 528 1736 etiam
560 1691 737 1735 vestitus
768 1690 990 1748 penuriam
1024 1689 1260 1732 sustineant
1291 1689 1377 1744 sed,
1411 1689 1598 1745 expediti
1623 1702 1648 1732 a

73 1770 225 1816 ceteris
247 1769 607 1827 occupationibus,
630 1769 817 1812 divinum
836 1767 1020 1811 officium
1043 1767 1191 1811 devote
1212 1780 1413 1824 peragere
1435 1767 1645 1810 studeant.

73 1847 143 1892 Ad
182 1847 537 1891 corroborandam
577 1859 676 1890 vero
715 1846 825 1890 hanc
865 1846 1100 1889 devotionis
1139 1858 1258 1888 meae
1303 1845 1646 1888 constitutionem

74 1923 305 1983 episcopali
336 1938 429 1969 eam
461 1924 600 1968 banno
632 1922 874 1967 confirmari
906 1927 948 1967 et
969 1923 1107 1978 sigillo
1137 1922 1333 1977 insigniri
1359 1921 1541 1966 fideliter
1570 1936 1646 1980 po-

73 2003 193 2060 posci
223 2007 266 2046 et
297 2016 376 2060 ope
407 2002 576 2046 divinae
605 2002 778 2059 pietatis
810 2001 982 2045 emerui.
1038 2000 1197 2052 Quodsi
1227 1999 1314 2043 ulla
1344 2014 1518 2057 prorsus
1550 2014 1646 2057 per-

74 2093 180 2126 sona
209 2083 298 2125 tam
329 2079 489 2124 salubri
519 2079 617 2124 huic
644 2083 741 2123 voto
769 2080 837 2124 vel
865 2080 908 2123 vi
929 2078 997 2122 vel
1028 2078 1214 2134 quolibet
1243 2078 1404 2121 fraudis
1430 2078 1646 2121 machina-

73 2161 216 2203 mento
255 2157 427 2202 obviare
457 2158 740 2213 contenderit,
779 2156 854 2201 fiat
890 2157 929 2200 ei
960 2156 1070 2200 sicut
1098 2155 1222 2210 Agag
1251 2155 1563 2211 Amalechitae‚
1605 2159 1647 2199 et

75 2236 185 2281 sicut
213 2235 356 2280 Aman
385 2235 605 2292 Agagytae
637 2250 662 2279 a
692 2238 787 2279 cetu
819 2237 1058 2278 sanctorum
1093 2233 1253 2276 alienus
1284 2233 1510 2288 habeatur,
1550 2247 1644 2276 cum

75 2313 180 2358 Iuda
209 2313 424 2371 proditore
454 2313 597 2357 debita
627 2313 874 2357 criminibus
907 2313 994 2355 suis
1026 2311 1235 2354 sententia
1266 2310 1485 2367 plectatur.
1533 2310 1646 2354 Data

75 2391 218 2436 Idibus
245 2390 428 2447 Augusti
459 2404 568 2434 anno
599 2391 835 2435 dominicae
864 2388 1167 2433 incarnationis
1193 2389 1320 2443 1114,
1351 2388 1581 2431 indictione
1603 2389 1644 2444 7,

75 2472 278 2525 regnante
301 2471 450 2525 quarto
471 2468 704 2523 H(einrico)
727 2469 909 2524 glorioso
932 2470 974 2511 et
994 2466 1338 2510 victoriosissimo
1359 2465 1645 2510 Romanorum

75 2546 334 2605 imperatore
364 2550 553 2602 augusto.

172 2697 200 2719 a.
231 2688 473 2726 wirzburgensis
495 2688 530 2718 Z.

177 2789 208 2824 1.
235 2782 362 2824 Mattb.
380 2788 438 2834 25,
463 2788 521 2823 23.
736 2788 770 2822 2.
796 2785 959 2830 Erlungi.
