2028 3438
408 236 574 269 nnoms
603 237 711 268 vri-A
741 236 952 269 o'rroms.
998 237 1087 268 Lm.
1110 237 1162 268 111
1191 236 1225 270 4.
1244 236 1266 269 5
1536 223 1620 268 657

0 342 5 393 ᾗ.
49 346 143 388 totav
167 342 740 401 hieme‘superhabundaret.
789 343 947 395 Quibus
980 343 1108 388 etiam
1128 342 1375 387 condiendis
1407 356 1491 386 non
1523 356 1622 400 par·
1673 353 1764 389 1127

49 415 157 465 vani]
176 419 280 467 salis
309 421 587 477 quantitatem
619 435 644 464 a
675 421 783 465 bono
808 421 1078 479 predicatore
1109 421 1275 464 coemit.
1644 401 1800 442 Apama.

0 494 3 497 ’
63 493 456 543 -vw-mJBvatsotiam,
477 497 566 542 illic
606 498 882 542 barbarorum
921 499 1059 553 natio,
1101 512 1181 554 que
1212 497 1346 541 Moriz
1377 497 1619 541 vocabatur.

47 573 156 634 Hec3
192 570 343 622 andita
364 574 490 620 ¹beati
527 576 708 633 presulis
740 576 958 633 opinione,
995 576 1106 620 ultro
1140 589 1184 619 se
1215 574 1314 618 fidei
1345 574 1622 618 sacramentis

48 648 114 714 abs
131 661 188 696 0⁴0³
209 649 344 698 imbui
375 651 612 711 expetebat.
662 652 746 696 Sed
777 654 882 710 ipse,
914 657 963 697 ut
982 653 1047 696 vir
1078 652 1263 710 prudens
1293 655 1336 695 et
1358 651 1622 707 sagacissimi

46 726 237 787 ingenii,
266 730 322 775 ad
351 730 624 788 Noripertum
657 730 984 788 archipresulem
1025 744 1146 773 suum
1184 742 1254 773 eos
1286 729 1517 784 dirigebat3
1559 729 1622 772 di-

47 820 167 853 cens:
206 807 399 853 illicitum
440 820 531 852 esse
569 822 698 866 super
736 808 919 852 alienum
956 793 1278 851 fundamentum
1318 805 1533 860 edificare3
1576 819 1621 849 se

46 885 188 943 potius
219 886 274 931 ad
302 882 551 951 remotiores
581 889 727 941 gentes
759 886 895 930 edicto
928 886 1071 928 domni
1108 898 1219 942 pape
1249 887 1292 928 et
1321 884 1476 927 litteris
1498 883 1621 928 Wor-

45 961 167 1007 tib-lai
187 961 309 1007 ducis
324 962 574 1007 Pomeranie
596 967 827 1007 evocatum.
875 963 935 1006 At
958 963 1034 1018 illi,
1066 962 1494 1018 Magdeburgensem’
1516 975 1622 1018 pon-

45 1039 202 1086 tificem
238 1053 297 1100 se·
321 1040 434 1085 nolle
463 1041 589 1098 ‘sequi
628 1043 934 1098 protestantes,
975 1040 1075 1097 quia
1113 1040 1363 1095 gravissimo
1404 1038 1620 1082 servitutis

46 1118 145 1174 iugc
172 1119 520 1176 eosiopprimere
550 1119 770 1172 niteretur,
805 1119 857 1174 ei,
890 1121 1105 1174 tamquam
1137 1117 1219 1161 Dei
1250 1117 1321 1174 pio
1355 1130 1490 1172 servo,
1531 1130 1621 1160 cer-

45 1195 180 1253 vicem
212 1196 352 1240 cordis
381 1196 598 1240 humiliter
629 1195 877 1239 submittere
909 1198 952 1239 et
983 1195 1106 1238 dictis
1139 1196 1226 1238 eius
1266 1208 1343 1251 per
1375 1194 1516 1238 omnia
1547 1194 1622 1238 ob-

47 1273 193 1321 audire
223 1273 488 1332 pollicentur.
537 1273 722 1326 Quorum
745 1273 1008 1317 devotionem
1031 1273 1213 1327 intuens,
1246 1272 1425 1327 benigne
1446 1285 1621 1328 respon-

46 1350 129 1395 dit:
169 1364 217 1396 se
246 1351 414 1408 quidem
447 1351 617 1395 interim
657 1351 711 1394 ad
743 1354 888 1406 gentes
921 1351 1002 1394 sibi
1034 1349 1281 1394 commissas
1313 1349 1506 1403 tendere3
1547 1349 1620 1392 sed

45 1429 143 1486 post
173 1440 319 1476 earum
349 1429 680 1483 conversionem,
714 1429 750 1471 si
779 1429 825 1471 in
853 1428 932 1472 hac
952 1428 1169 1472 voluntate
1200 1427 1489 1484 persisterent,
1523 1439 1621 1471 auc-

45 1506 219 1551 toritate
248 1510 293 1550 et
321 1507 531 1564 permissu
553 1506 696 1550 domni
728 1519 838 1563 pape
870 1509 995 1562 atque
1017 1519 1223 1550 consensu
1243 1505 1461 1562 Noriperti
1483 1504 1620 1548 archi-

46 1584 236 1642 episcopi
267 1597 337 1628 eos
367 1584 535 1641 inpigre
566 1584 848 1627 visitaturum.

166 1660 209 1704 5.
255 1661 388 1717 Igitur
406 1661 580 1705 veniens
611 1661 666 1705 ad
693 1661 840 1705 urbem
863 1657 1137 1715 Timinamffl,
1170 1673 1370 1714 magnum
1401 1658 1489 1702 illic
1520 1657 1620 1702 belli

46 1742 307 1797 apparatum
330 1738 610 1795 hostilemque
640 1738 929 1782 Luticensium
961 1738 1243 1781 incursionem
1281 1736 1452 1793 reperit.
1510 1735 1618 1779 Nam

45 1815 323 1872 Luticensesr
353 1829 530 1872 quorum
563 1816 712 1860 civitas
752 1829 846 1859 cum
883 1815 982 1859 fano
1022 1829 1096 1858 suo
1130 1829 1155 1858 a
1185 1814 1490 1870 gloriosissimo
1522 1827 1620 1868 rege

44 1892 246 1938 Lothario
277 1894 368 1938 zelo
398 1894 564 1938 iusticie
594 1907 730 1950 nuper
760 1894 847 1948 igni
887 1897 979 1937 erat
1009 1893 1188 1947 tradita,
1229 1892 1375 1935 urbem
1409 1890 1619 1934 Timinam

45 1974 214 2016 vastare
245 1972 440 2028 civesque
477 1972 566 2015 eius
598 1972 813 2029 captivare
849 1971 1105 2014 nitebantur.
1162 1969 1245 2012 Sed
1281 1969 1384 2026 ipsi,
1426 1969 1486 2012 eis
1518 1968 1620 2011 viri-

44 2047 144 2095 liter
162 2049 422 2104 resistenteS,
442 2048 663 2093 Wortizlai
684 2049 802 2093 ducis
835 2048 1041 2091 auxilium
1066 2046 1350 2102 requirebant.
1399 2046 1498 2089 Dux
1520 2059 1619 2089 vero

46 2125 170 2171 beato
200 2127 313 2184 patri
343 2130 502 2182 nostro,
535 2127 759 2170 adventum
783 2139 906 2170 suum
932 2125 1019 2169 illic
1050 2123 1289 2181 prestolari,
1321 2124 1618 2177 mandaverat3

47 2215 171 2260 quem
203 2204 438 2262 etiamper
459 2204 632 2248 biduum
664 2218 749 2247 non
782 2203 872 2246 sine
903 2202 1090 2260 periculo
1123 2201 1273 2258 capitis
1307 2201 1373 2244 sui
1404 2201 1515 2244 inter
1545 2201 1621 2244 ho-

47 2280 164 2326 stiles
196 2281 409 2336 discursus
441 2281 725 2338 exspectabat.
847 2280 945 2337 Ipsa
969 2293 1068 2324 vero
1101 2279 1169 2322 die
1200 2279 1406 2322 adventus
1439 2277 1619 2340 presulis

48 2358 194 2403 eximii
231 2359 343 2402 cives
374 2359 638 2403 Timinenses
679 2361 776 2402 ante
812 2361 979 2415 portam
1022 2359 1252 2400 conventus
1292 2356 1482 2399 forenses
1522 2368 1619 2409 age-

46 2435 174 2480 bant..
218 2435 301 2480 Sed
333 2436 433 2492 quia
463 2437 612 2480 civitas
652 2437 697 2479 in
727 2435 837 2479 valle
875 2435 1013 2492 posita
1044 2438 1154 2489 erat,
1197 2433 1290 2490 ipso
1323 2433 1374 2476 de
1405 2425 1618 2475 montibus

47 2526 142 2558 cum
187 2516 274 2557 tam
315 2514 485 2570 copioso
523 2505 700 2568 triginta
744 2513 1030 2570 plaustrorum
1067 2513 1285 2567 apparatu
1327 2509 1618 2565 descendente,

46 2589 166 2647 plebs
187 2590 337 2646 omnis,
369 2590 628 2634 tumultuoso
659 2591 738 2634 hoc
768 2590 994 2647 perterrita
1015 2588 1155 2632 sonitu
1176 2587 1443 2643 hostiumque
1464 2600 1619 2630 cuneos

48 2681 176 2725 super
206 2681 251 2712 se
281 2667 487 2711 arbitrata
516 2668 699 2723 irruere,
738 2667 886 2711 urbem
919 2666 1166 2723 quantocius
1205 2665 1371 2720 ingredi
1405 2677 1533 2721 seque
1565 2664 1620 2707 ad

46 2744 326 2789 resistendum
349 2758 578 2802 preparare
599 2745 784 2788 molitur.
826 2744 1209 2801 Appropinquante
1231 2755 1351 2786 servo
1373 2741 1467 2796 Dei,
1490 2741 1620 2784 nichil

49 2835 261 2866 armorum
291 2822 338 2865 in
368 2822 546 2866 circuitu
577 2822 666 2866 eius
703 2822 776 2865 sed
815 2822 955 2878 potius
987 2820 1187 2864 vexillum
1221 2820 1356 2863 crucis
1388 2818 1621 2876 deprehen-

145 2932 173 2954 ε..
204 2922 513 2961 Megcdeburgensem
538 2922 569 2953 0.
736 2922 766 2952 b.
798 2922 946 2961 Timynan
972 2921 1003 2959 0,
1027 2921 1174 2960 Tyminan
1195 2921 1235 2951 Β.

144 2986 177 3022 1.
202 2986 385 3022 Demmin.

106 3049 214 3085 Jnn'.
234 3051 429 3081 Bibliotheca
441 3051 479 3079 V.
1287 3042 1334 3077 42
