2028 3438
261 369 354 405 1119

248 417 313 449 Oct.
328 419 365 448 21

246 1749 310 1780 Oct.
326 1751 365 1780 22

245 1831 309 1862 Oct.
325 1834 364 1862 23

244 1979 307 2010 Oct.
324 1981 363 2010 24

392 238 477 282 358
840 286 842 288 ,
902 252 1122 283 nmmum
1147 251 1320 283 ⁴comm.
1372 250 1437 283 199

391 358 453 401 sic
481 362 728 415 prosecutus
759 361 842 401 est:
882 359 1046 401 Domni
1071 367 1213 416 patres
1245 368 1283 401 et
1307 359 1500 414 fratres!
1538 358 1680 415 Scitis,
1713 359 1853 415 quam
1869 359 1944 402 dia

390 444 523 479 mater
542 444 686 479 nostra
706 441 874 478 sancta‘
897 436 1066 478 ecclesia
1087 444 1230 479 contra
1251 437 1537 492 symoniacam
1555 436 1743 489 heresim,-
1763 434 1945 479 modim

391 526 498 569 quae
533 528 614 569 per
649 514 914 554 investituras
943 513 1018 567 fit,
1057 515 1103 555 in
1137 511 1358 570 patribus⁵
1388 514 1541 555 nostris
1573 510 1851 574 laborassent.-
1886 513 1945 557 Et

391 591 493 645 quia
511 590 674 645 placuit
698 589 971 645 omnipotenti
989 588 1096 640 Deo,
1128 591 1281 631 nostris
1303 590 1446 631 diebus
1471 586 1944 647 ecclesiae-suaesspizcm

391 665 551 721 offerre,
585 674 623 709 et
651 667 737 708 iam
766 668 964 722 prowima
993 666 1081 707 dies
1112 666 1312 721 colloquii
1340 667 1399 707 ad
1427 668 1567 722 ipsum
1597 666 1943 712 locumcravtina

390 743 459 784 die
493 738 588 790 nos'
615 743 823 799 compellit
861 743 1071 794 accedere,
1117 756 1374 799 summopere
1417 757 1654 799 roqamust·
1681 743 1740 786 π’
1763 744 1943 787 reditum

388 827 577 862 nostrum
612 821 826 876 pacienter
863 820 1100 861 sustineatis
1131 827 1189 870 et,
1232 820 1272 860 si
1299 819 1417 861 Deus
1445 834 1592 875 pacem
1619 819 1739 862 nobis
1769 820 1940 873 dederit,

390 910 604 939 commune
630 897 836 951 qaudium
855 896 1048 937 universo
1070 897 1225 938 mundo
1253 898 1519 939 annuntietis0
1567 896 1623 940 'Si
1647 898 1944 953 autemyq'uod

389 972 507 1015 Deus
538 981 717 1025 avertat,
751 974 1018 1014 adversarius
1047 972 1261 1014 nobiscum
1290 974 1337 1014 in
1367 973 1486 1015 dolo⁰
1518 987 1640 1029 aqere
1669 975 1940 1030 temptavcvib,

376 1049 633 1104 festinanter
662 1050 720 1091 ad
748 1064 820 1091 vos
850 1057 1110 1091 revertemur.
1167 1049 1225 1091 Et
1253 1051 1361 1092 sicut
1390 1051 1697 1093 conventionem
1723 1052 1879 1108 pacis,-
1903 1053 1946 1094 si

378 1126 481 1180 fiat,
520 1126 731 1168 vobiscum
762 1135 799 1168 et
825 1141 902 1182 per
931 1140 1004 1168 vos
1035 1126 1278 1180 confirmare
1308 1135 1522 1182 optamu83
1559 1129 1621 1169 sic
1655 1129 1702 1170 in
1732 1127 1941 1170 'commcn-

390 1211 518 1244 torem
543 1202 746 1257 fraudis,
786 1205 827 1244 si
860 1203 1039 1257 infidelis
1080 1205 1274 1256 evaserit,
1313 1205 1470 1246 iudicio
1507 1203 1696 1260 Spiritus
1733 1206 1870 1247 sancti
1905 1213 1943 1248 et

387 1287 520 1321 vestro
548 1279 740 1335 ylaclium
769 1282 905 1322 sancti
912 1278 928 1302 ⁴¹
948 1280 1070 1322 Petri
1097 1280 1263 1322 vibrare
1293 1280 1595 1336 temptabimus.
1706 1279 1825 1331 Quod
1846 1292 1941 1324 eum

389 1354 465 1398 sub
498 1358 672 1411 optentu
703 1355 963 1399 obedientiae
995 1356 1321 1412 archiepiscopis
1344 1356 1552 1413 episcopis
1573 1359 1615 1400 et
1638 1356 1859 1401 abbatibus
1875 1358 1941 1402 in-

387 1431 606 1487 iunxisset,
637 1433 854 1489 praecepit
881 1433 1027 1476 etiam:
1059 1436 1107 1475 ut
1132 1433 1315 1488 interim,
1349 1436 1391 1476 et
1418 1434 1600 1476 maxime
1622 1432 1939 1491 die·colloquii¹‚

387 1508 572 1564 psalmos
611 1510 820 1553 orationes
859 1514 901 1552 et
939 1509 1142 1552 sacrificia
1179 1510 1415 1566 spiritualia
1451 1495 1540 1554 Deo
1579 1510 1794 1567 offerrent,
1834 1515 1877 1555 et
1915 1525 1941 1556 a

388 1586 538 1628 maiori
569 1585 764 1629 Remensi
795 1586 971 1630 ecclesia
1000 1599 1131 1641 usquc
1163 1587 1215 1629 ad
1251 1587 1464 1630 ecclesiam
1497 1587 1608 1631 beati
1637 1587 1816 1644 Remigii
1845 1601 1938 1633 cum

388 1663 654 1718 processione
685 1663 808 1706 nudis
838 1663 1035 1719 pedibus‘·
1067 1664 1241 1706 exirent.

509 1738 579 1782 Sic
601 1763 654 1769 -—-
677 1740 847 1783 interim
868 1740 1039 1783 dimisso
1060 1741 1234 1784 concilio
1259 1765 1309 1770 -
1334 1741 1441 1784 feria
1461 1745 1611 1797 quarta
1631 1742 1809 1786 domnus
1829 1756 1940 1800 papa

388 1815 442 1859 ad
474 1815 612 1859 locum
651 1816 846 1872 colloquii
882 1818 985 1860 exiit
1021 1821 1062 1861 et
1101 1818 1207 1861 feria
1245 1818 1391 1873 quinta
1427 1830 1520 1860 cum
1557 1818 1700 1862 multis
1735 1819 1807 1863 vix
1843 1822 1938 1863 cum

386 1893 570 1935 maximo
601 1893 744 1937 labore
774 1895 977 1950 pervenit.

504 1969 537 2013 F
541 1970 628 2013 eria
648 1960 796 2026 serta,
835 1971 993 2014 vocatis
1029 1971 1074 2014 in
1105 1985 1311 2015 cameram
1351 1971 1674 2030 archiepiscopis
1713 1972 1940 2031 episcopis‘

387 2046 607 2090 abbatibus
639 2051 681 2091 et
711 2048 858 2091 ceteris
891 2048 1149 2104 sapientibus
1174 2049 1287 2104 viris,
1319 2062 1422 2104 quos
1453 2049 1606 2093 multos
1638 2063 1776 2094 secum
1809 2051 1938 2095 duxe-

385 2127 464 2180 rat,
502 2128 643 2167 coram
682 2125 873 2168 omnibus
903 2125 1006 2168 fecit
1031 2125 1115 2180 legi
1144 2129 1366 2182 utrumque
1397 2126 1599 2183 scriptum
1630 2128 1886 2172 concordiae.

503 2200 691 2257 Cumque
721 2201 874 2245 lectum
905 2203 1054 2246 fuisset
1081 2203 1283 2259 scriptum
1314 2204 1439 2258 regis,
1471 2203 1710 2258 diligentius
1739 2209 1939 2262 ceperunt

386 2278 571 2335 episcopi
602 2282 831 2322 retractare
861 2280 1045 2322 maxime
1074 2279 1180 2322 illud
1209 2279 1452 2336 capitulum,
1484 2280 1555 2323 ubi
1586 2281 1820 2326 dicebatur:
1851 2284 1936 2326 Di-

384 2358 501 2398 mitto
524 2370 683 2398 omnem
704 2359 993 2400 investituram
1015 2360 1198 2400 omnium
1219 2358 1504 2407 ecclesiarum3
1537 2357 1742 2402 dicentes:
1768 2359 1822 2404 Si
1842 2363 1935 2417 qui-

385 2434 477 2474 dem
507 2447 582 2475 rem
612 2434 857 2490 simpliciter
887 2437 996 2491 ayit,
1037 2435 1160 2477 verba
1196 2437 1278 2477 ista
1316 2436 1539 2491 sufficiunt.
1599 2436 1653 2480 Si
1688 2445 1822 2479 autem
1860 2438 1934 2480 sub

384 2510 460 2552 hoc
492 2511 674 2566 capitulo
707 2511 874 2567 aliquid
904 2512 1103 2554 cavillare
1135 2520 1320 2564 conatur,
1355 2514 1694 2556 determinatione
1721 2514 1841 2556 nobis
1871 2516 1934 2557 vi-

385 2587 532 2629 dentur
561 2589 770 2644 indiqere‚·
808 2603 860 2630 ne
886 2589 1006 2643 forte
1037 2598 1111 2631 aut
1133 2591 1412 2644 possessiones
1444 2591 1641 2646 antiquas
1672 2591 1936 2634 eccles-iarum

384 2664 468 2706 sibi
496 2672 664 2706 conetur
684 2667 915 2718 vendicare,
950 2674 1024 2708 aut
1052 2667 1201 2708 iterum
1231 2667 1281 2708 cle
1312 2668 1461 2709 eisdem
1486 2669 1700 2724 episcopos
1729 2670 1933 2710 investire.

503 2738 683 2782 Rursum
716 2741 759 2783 in
790 2742 945 2798 scripto
968 2741 1110 2784 domni
1140 2749 1300 2798 papae&
1330 2742 1433 2785 illud
1464 2743 1703 2797 diligentius
1733 2747 1934 2787 retracta-

478 2866 504 2887 a.
536 2866 592 2887 om.
607 2858 664 2888 VZ.
757 2859 786 2888 b.
815 2859 950 2898 partibus
970 2859 1027 2890 VZ.
1121 2868 1146 2889 c.
1174 2860 1205 2889 in
1228 2859 1297 2889 dolo
1319 2869 1374 2890 om.
1390 2860 1447 2890 VZ.
1541 2861 1569 2890 d.
1599 2861 1680 2891 beati
1694 2861 1732 2892 E.
1826 2871 1852 2891 e.
1880 2870 1934 2892 nu—

385 2909 473 2940 dibus
496 2910 525 2940 Z
542 2920 606 2950 pro
627 2910 716 2940 nudis
737 2911 875 2950 pedibus.
999 2912 1022 2943 f.
1053 2913 1084 2942 et
1105 2911 1175 2942 add.
1191 2912 1229 2944 E.
1354 2921 1381 2950 g.
1412 2913 1535 2953 propter
1556 2913 1591 2944 Z.

480 2981 511 3017 1.
538 2979 597 3015 die
621 2980 668 3017 24
692 2979 769 3018 Oet.
