2028 3438
469 224 711 256 naamam
740 225 983 257 Dunocns.
1033 227 1119 257 ma.
1143 227 1194 257 111
1224 225 1246 258 2
1558 217 1641 259 791

12 346 15 350 ·
74 334 256 389 poetata.
310 330 435 377 Circa
471 332 691 376 meridiem
724 346 822 377 vero
853 331 1086 376 Leuticiam
1119 346 1288 389 quaqua
1320 347 1487 378 versum
1519 335 1645 378 fumi-

73 422 174 465 gare
194 409 452 467 aspeximus,
481 410 648 466 signum
670 410 814 454 omnia
833 410 1039 454 vastantis
1062 411 1284 454 exercitus.
1332 411 1401 455 Ad
1422 422 1645 470 vesperum

74 489 216 534 antem
246 499 344 532 ecce
374 487 481 543 dux,
517 488 606 532 voti
636 501 830 545 compos,
868 487 1001 532 multa
1032 492 1206 532 onustus
1237 489 1393 545 preda,
1431 503 1525 533 cum
1557 492 1644 535 suis

74 563 269 611 omnibus
289 564 400 610 letus
421 568 464 609 et
487 565 708 610 incolomis
729 566 956 610 revertitur
969 563 991 610 ¹.
1035 566 1166 610 Nobis
1187 580 1286 621 ergo
1306 566 1645 624 inspicientibus,

74 641 321 687 dividebant
348 642 506 700 spolia,
546 647 685 688 vestes
716 644 937 700 pecuniam
971 657 1124 701 pecora
1155 647 1198 688 et
1228 644 1355 688 aliam
1387 645 1544 689 diversi
1574 660 1645 701 ge-

72 720 189 765 neris
209 720 504 765 substantiam.
609 720 813 765 Homines
834 734 1012 778 quoque,
1046 735 1149 777 quos
1171 722 1504 779 captivaverant,
1534 724 1645 768 inter

73 810 120 843 se
149 797 471 843 distribuebant.
518 798 581 843 Ibi
603 787 702 843 vero
733 798 855 843 fletus
888 803 930 843 et
956 799 1137 854 gemitus
1159 802 1202 843 61
1221 800 1386 844 dolores
1418 801 1643 858 innumeri,

72 887 170 920 cum
201 875 255 920 ad
285 875 474 930 diversos
506 877 698 920 dominos
729 891 807 934 pro
839 877 1008 921 racione
1039 877 1259 921 divisionis
1281 879 1346 922 vir
1367 879 1419 922 ab
1441 892 1573 923 uxore
1603 882 1645 923 61

73 964 181 997 uxor
211 966 238 997 a
257 953 349 998 viro
379 957 423 998 et
450 953 528 998 filii
559 968 585 998 a
616 954 862 1012 parentibus
894 959 937 999 et
965 959 1160 1012 parentes
1182 970 1208 1000 a
1228 955 1325 1000 filiis
1357 957 1641 1000 discedebant.

71 1029 131 1075 Et
165 1031 358 1088 quamvis
395 1033 552 1089 pagani
591 1036 733 1077 essent
764 1047 930 1088 omnes,
970 1046 1074 1088 quos
1105 1033 1344 1078 huiusmodi
1376 1034 1550 1078 miseria
1579 1035 1645 1078 in-

72 1107 276 1165 volverat,
306 1109 530 1167 episcopus
560 1114 717 1166 tamen,
749 1111 845 1167 pius
877 1115 1044 1167 semper
1075 1114 1118 1154 et
1147 1111 1402 1168 misericors,
1434 1112 1644 1156 condicio-

72 1197 173 1231 nem·
200 1187 425 1232 miseratus
446 1187 690 1244 humanam,
722 1188 919 1232 lacrimas
942 1192 1084 1233 tenere
1106 1203 1190 1232 11011
1212 1190 1363 1246 potuit.
1410 1190 1509 1234 Dux
1529 1204 1644 1246 vero,

73 1267 117 1308 61
146 1277 343 1309 successu
361 1279 504 1310 rerum
527 1269 570 1310 et
589 1266 640 1310 de
663 1267 846 1310 adventu
867 1267 1053 1324 episcopi
1074 1266 1318 1323 letissimus,
1351 1268 1512 1324 videns,
1546 1268 1646 1324 quia

72 1342 152 1386 hoc
181 1343 272 1387 eius
301 1346 399 1388 voto
430 1343 603 1401 placuit,
635 1345 866 1388 teneriores
898 1348 941 1388 et
969 1343 1222 1389 infirmiores
1254 1347 1460 1402 quosdam
1485 1346 1645 1391 absolvi

72 1419 218 1476 iussit;
251 1425 294 1466 61
323 1421 474 1478 quibus
506 1423 723 1479 separacio
755 1422 890 1466 dolori
922 1426 1025 1479 erat,
1058 1437 1230 1467 manere
1252 1423 1379 1468 simul
1401 1424 1491 1468 eius
1512 1424 1644 1468 inter-

71 1502 203 1543 ventu
232 1498 468 1544 ordinabat.
514 1500 755 1556 Auditoque
787 1514 835 1544 eo
867 1485 1000 1544 nfulta
1030 1500 1232 1555 faciebat3
1266 1505 1309 1545 et
1338 1501 1519 1546 libenter
1547 1516 1644 1546 eum

73 1576 284 1621 audiebat.
344 1567 582 1636 Episcopus
629 1578 757 1622 etiam
796 1578 951 1622 multos
989 1579 1130 1635 precio
1171 1572 1373 1634 absolvit3
1421 1593 1525 1636 quos
1562 1580 1645 1624 fide

71 1654 257 1699 imbutos
295 1655 590 1713 baptismoque
628 1656 746 1700 novit
783 1660 1072 1712 regeneratos,
1111 1656 1264 1700 liberos
1297 1657 1413 1701 abire
1445 1658 1642 1701 dimisit⁶.

71 1731 184 1777 Dein
214 1746 310 1778 cum
340 1734 500 1777 mutuis
531 1748 576 1778 se
604 1733 824 1790 colloquiis
852 1738 1115 1778 recreassent
1136 1738 1178 1777 et
1197 1735 1375 1778 invicem
1399 1736 1644 1780 muneribus

71 1809 363 1867 honorassent,
395 1811 500 1856 duce
531 1812 584 1856 ad
616 1826 693 1856 sua
723 1813 898 1867 negocia
927 1812 1129 1868 digreSSO,
1160 1826 1237 1856 nos
1260 1826 1426 1856 omnem
1448 1813 1644 1857 substan-

72 1888 177 1932 tiam
213 1891 404 1933 nostram
446 1889 611 1933 Timine
647 1890 827 1933 navibus
865 1890 1151 1947 imponentes,
1194 1904 1270 1947 per
1309 1890 1422 1935 Pene
1459 1890 1644 1935 fluminis

72 1965 228 2010 undam
268 1966 406 2010 tribus
437 1967 583 2011 diebus
615 1967 881 2011 Uznoimiam
915 1968 1024 2011 vecti
1057 1982 1223 2022 sumus;
1265 1969 1462 2025 episcopo
1493 1969 1644 2013 itinere

72 2045 265 2090 terrestri
295 2057 392 2088 cum
430 2045 578 2102 paucis
609 2045 840 2100 gradiente.
902 2045 990 2089 Nec
1020 2059 1159 2100 mora,
1201 2046 1443 2101 euangelico
1475 2060 1645 2091 vomere

73 2135 222 2178 agrum
252 2122 428 2167 Domini
459 2124 524 2166 sui
555 2123 845 2180 proscindens,
877 2137 1020 2167 semen
1052 2123 1215 2180 spargit
1246 2123 1355 2167 fidei.
1408 2123 1554 2180 Neque
1585 2125 1644 2168 ibi

41 2249 44 2250 ⁷
73 2199 298 2245 difficultas
338 2205 431 2244 erat
466 2201 511 2244 in
551 2214 699 2258 opere3
740 2201 840 2258 quia
878 2201 1027 2245 civitas
1065 2200 1140 2244 illa
1177 2201 1469 2258 precompluta
1507 2202 1646 2246 fuerat

72 2278 208 2323 imbre
239 2279 428 2322 doctrine
460 2278 671 2323 salutaris.
727 2278 974 2323 Sacerdotes
1006 2279 1176 2334 etenim,
1209 2293 1313 2335 quos
1344 2283 1465 2336 pater
1496 2280 1644 2323 beatus

74 2357 215 2414 operis
245 2357 312 2400 sui
331 2356 512 2401 vicarios
542 2357 587 2400 111
616 2360 740 2412 gente
761 2357 835 2400 illa
855 2357 1096 2413 reliquerat,
1128 2356 1394 2400 Uznoimiam
1417 2371 1469 2401 ex
1490 2371 1646 2413 magna

73 2437 195 2492 parte
233 2437 546 2488 converterant3
586 2434 748 2491 reliqua
781 2448 879 2478 vero
919 2449 1018 2492 pars
1058 2449 1134 2492 per
1165 2435 1409 2491 episcopum
1435 2433 1645 2492 'apposita

74 2515 140 2557 est
170 2512 222 2556 ad
254 2512 496 2556 Dominum.

193 2589 389 2633 Tiem0:
432 2589 494 2633 Ne
533 2589 727 2645 festines,
767 2590 959 2644 obsecre,
999 2589 1071 2633 sed
1111 2590 1233 2633 huius
1266 2604 1431 2647 quoque
1463 2590 1643 2634 secunde

74 2667 347 2724 profectionis
388 2668 477 2711 eius
509 2668 699 2724 operatio
739 2681 821 2723 qua
859 2668 998 2723 specie
1035 2667 1158 2709 modo
1194 2667 1257 2710 vel
1290 2668 1437 2711 ordine
1476 2681 1643 2724 proces-

75 2745 200 2800 serit,
233 2745 474 2800 diligentius
508 2759 726 2802 exequere.
775 2745 1040 2800 Memineris,
1073 2748 1263 2788 nostrum
1297 2759 1402 2801 esse,
1435 2747 1546 2801 quod
1577 2760 1644 2789 1·6-

73 2822 179 2876 fers3
212 2822 323 2866 unde
354 2826 396 2866 et
425 2823 470 2866 in
501 2823 720 2867 referendo
754 2823 875 2866 nobis
907 2837 1066 2867 morem
1099 2837 1244 2878 gerere
1268 2827 1385 2868 tuum
1409 2828 1484 2879 est,
1519 2837 1641 2880 quem

76 2902 221 2944 sancte
251 2899 488 2944 obedientie
518 2900 609 2944 lora
640 2900 945 2955 constringunt.

168 3003 196 3025 a.
230 2992 278 3034 Cf.
299 2993 390 3034 infra
411 3005 437 3026 c.
454 2996 513 3026 24.-
540 2995 682 3033 „Iulinam
704 2995 747 3026 ire
770 2994 963 3026 dimittituff.
1123 2989 1155 3025 1.
1182 2987 1237 3025 Cf.
1254 2987 1335 3025 Ebo
1351 2988 1404 3024 III
1429 2989 1464 3024 5.

1708 347 1799 382 1127

1668 396 1741 435 Apr.
1763 395 1834 426 Mai.
