2028 3438
407 257 494 300 544
945 269 1009 301 nx
1038 269 1259 301 minumus
1289 268 1427 301 mano

291 383 384 419 1135
406 388 482 417 nos
503 373 766 429 christianos,
795 374 869 418 sed
888 374 966 418 XV
982 375 1101 418 iuxta
1121 374 1321 429 Hebreos,
1346 374 1389 417 in
1411 374 1478 418 die
1499 373 1730 417 dominicae
1750 372 1957 430 passionis

405 451 511 495 feria
548 455 668 495 sexta
707 451 815 495 sicut
850 454 1059 495 testantur
1097 451 1333 506 euangelia,
1372 451 1415 493 in
1456 451 1481 492 8
1519 450 1611 493 Kal.
1641 449 1818 506 Aprilis}
1838 449 1958 493 iuxta

407 531 644 571 sanctorum
676 532 844 585 patrum
874 529 1163 581 traditionem3
1204 527 1549 571 concordantibus
1580 526 1660 570 sibi
1691 526 1805 570 omni
1833 525 1956 570 modo

407 608 448 649 et
488 618 692 648 annorum
731 604 858 648 seculi
898 619 974 661 per
1006 605 1031 648 6
1065 607 1221 647 aetates
1260 605 1406 647 mundi
1443 604 1609 648 cronica
1646 606 1699 647 et.
1725 602 1958 647 auctentica

405 682 700 738 supputatione
731 684 774 725 et
803 681 1028 738 cyclorum,
1062 694 1140 737 que
1171 694 1341 738 prorsus
1372 681 1415 724 in
1445 681 1602 738 epactis
1638 683 1680 724 et
1709 693 1956 724 concurren-

404 758 515 802 tibus
545 748 757 812 fundatur,
789 759 963 800 ratione.

522 835 691 878 Utilitas
714 837 794 878 est:
828 837 874 877 ut
899 834 1084 889 legentes
1117 837 1158 877 et
1182 837 1475 889 cognoscentes
1508 833 1772 878 concordiam
1793 833 1956 885 cronice

405 912 712 968 supputationis
744 911 873 954 seculi
911 914 952 954 et
981 911 1155 954 rationis
1188 911 1419 967 cyclorum,
1462 914 1634 955 caveant
1665 910 1744 954 sibi
1776 924 1801 954 a
1829 910 1955 954 falso-

402 1003 496 1032 rum
529 989 870 1045 compotistarum
904 991 946 1031 et
977 987 1359 1044 cronographorum
1391 1002 1550 1042 errore3
1590 1001 1665 1045 per
1697 1001 1819 1043 quem
1849 987 1954 1044 ipsis

403 1079 488 1109 non
519 1065 944 1108 animadvertentibus
977 1078 1024 1108 ac
1055 1065 1181 1120 etiam
1211 1065 1447 1108 nolentibus
1479 1065 1637 1109 heresis
1666 1067 1810 1108 contra
1829 1063 1954 1108 fidem

403 1142 649 1186 catholicam
673 1142 852 1185 suboriri
874 1145 915 1185 et
936 1155 1154 1198 surrepere
1175 1142 1348 1185 curiosis
1372 1145 1413 1185 et
1432 1141 1609 1185 infirmis
1640 1141 1826 1199 poterit3>
1848 1141 1956 1185 sicut

403 1220 447 1262 in
477 1220 569 1276 ipso
601 1221 798 1262 contextu
829 1218 966 1275 operis
997 1218 1120 1262 huius
1151 1219 1396 1275 planissime
1426 1218 1657 1275 apparebit.
1693 1223 1696 1224 ’

522 1295 709 1347 Qualitas
748 1309 845 1339 vero
884 1298 1086 1339 tractatus
1124 1296 1246 1339 istius
1283 1295 1380 1339 talis
1420 1299 1501 1339 est:
1549 1295 1770 1338 distinctus
1809 1297 1874 1339 est
1908 1295 1954 1338 in

404 1376 563 1429 septem
595 1376 750 1429 partes.
796 1372 853 1415 Et
883 1373 1023 1429 prima
1049 1386 1147 1429 pars
1180 1373 1407 1416 secundum
1428 1372 1614 1415 divinum
1636 1382 1836 1416 canonem
1858 1385 1954 1416 con-

402 1450 532 1493 tinet*
565 1463 694 1493 annos
727 1450 908 1505 quinque
940 1452 1124 1492 aetatum
1157 1450 1207 1493 ab
1239 1450 1358 1493 initio
1391 1449 1518 1493 seculi
1549 1462 1679 1505 usque
1711 1449 1764 1492 ad
1793 1449 1953 1506 passio-

402 1541 500 1571 nem
524 1526 680 1570 Christi
709 1527 754 1569 in
788 1527 842 1569 16
870 1526 1089 1582 capitibus.
1205 1526 1396 1570 Secunda
1425 1526 1584 1581 colligit
1613 1529 1803 1583 tempora
1834 1526 1952 1582 quin-

404 1618 483 1660 que
513 1617 736 1658 regnorum
768 1603 847 1646 sibi
879 1604 1210 1646 concurrentium
1243 1603 1309 1647 vel
1340 1604 1661 1658 succedentium,
1693 1603 1851 1647 scilicet
1871 1602 1953 1646 As-

403 1681 599 1724 siriorum
632 1680 908 1723 sicioniorum
940 1680 1244 1736 Aegyptiorum
1282 1680 1564 1723 Romanorum
1602 1680 1862 1724 Albanorum
1901 1680 1952 1724 ab

401 1758 538 1800 iniciis
583 1758 771 1814 ipsorum
817 1770 946 1811 usque
993 1757 1045 1799 ad
1091 1757 1327 1813 passionem
1375 1757 1531 1800 Christi
1575 1757 1619 1800 in
1666 1758 1689 1799 7
1730 1758 1949 1814 capitibus.

403 1835 549 1878 Tercia
587 1835 631 1877 in
678 1834 931 1890 propheticis
976 1834 1274 1877 ebdomadibus
1312 1834 1499 1878 Danielis
1548 1835 1720 1891 exponit
1758 1848 1888 1878 annos
1927 1848 1952 1878 a

401 1912 607 1968 principio
638 1911 757 1965 regni
776 1910 998 1953 Persarum
1030 1924 1161 1966 usque
1193 1911 1245 1954 ad
1275 1912 1512 1968 passionem
1534 1911 1690 1955 Christi
1718 1915 1760 1956 et
1778 1912 1951 1955 nichilo-

401 1989 539 2031 minus
571 1988 621 2032 ab
652 1988 771 2031 initio
804 1988 931 2031 seculi
962 2001 1093 2042 usque
1125 1988 1176 2030 ad
1207 1988 1490 2032 fundationem
1515 1988 1724 2032 Romanae
1755 1988 1950 2043 ecclesiae

400 2066 445 2108 in
485 2066 538 2108 13
579 2065 797 2121 capitibus.
927 2064 1084 2116 Quarta
1122 2065 1435 2121 comprehendit
1473 2079 1602 2108 annos
1644 2069 1761 2109 sexte
1801 2066 1949 2109 aetatis

400 2156 476 2199 per
505 2146 697 2198 tempora
727 2142 1026 2198 imperatorum
1048 2141 1328 2185 Romanorum
1355 2156 1379 2185 a
1407 2143 1599 2198 passione
1619 2142 1789 2186 Domini
1817 2155 1950 2198 usque

401 2220 453 2262 ad
491 2233 568 2262 nos
605 2219 649 2261 in
687 2218 714 2260 5
747 2218 965 2274 capitibus.
1095 2218 1249 2269 Quinta
1286 2219 1444 2273 colligit
1481 2222 1522 2262 et
1560 2220 1783 2263 concordat
1820 2233 1949 2262 annos

399 2296 681 2339 Romanorum
720 2294 963 2351 pontificum
1002 2298 1043 2338 et
1073 2295 1356 2338 Romanorum
1394 2296 1630 2352 principum
1669 2296 1713 2339 in
1751 2297 1803 2338 11
1837 2296 1950 2352 capi-

400 2372 523 2415 tibus.
651 2372 779 2415 Sexta
815 2372 967 2427 digerit
1002 2374 1298 2416 testamentum
1336 2372 1516 2415 humane
1553 2372 1764 2415 servitutis
1799 2375 1841 2416 et
1870 2373 1950 2415 mi—

400 2449 554 2504 seriae,
593 2442 851 2492 co'ntractum
886 2462 961 2505 per
992 2449 1315 2492 inobedientiam
1354 2448 1709 2505 protoplastorum
1739 2449 1875 2492 Adam
1909 2453 1950 2492 et

399 2525 526 2569 Evae.
650 2525 837 2582 Septima
875 2520 1072 2582 proponit
1108 2529 1404 2569 testamentum
1441 2526 1691 2569 christianae
1728 2526 1947 2581 libertatiS,

400 2603 683 2658 conscriptum
719 2603 941 2645 victorioso
988 2603 1190 2657 sanguine
1236 2602 1391 2646 Christi
1434 2603 1527 2646 Iesu
1572 2606 1614 2646 et
1659 2602 1947 2646 confirmatum

399 2678 580 2733 gloriosa
611 2680 698 2722 eius
729 2680 1044 2723 resurrectione.

518 2754 632 2798 Haec
662 2755 842 2799 breviter
872 2756 964 2799 ideo
1004 2756 1237 2812 praelibare
1274 2755 1451 2812 placuit,
1490 2758 1537 2797 ut
1567 2755 1603 2797 si
1634 2755 1723 2810 cui,
1765 2755 1815 2799 ab
1854 2755 1946 2798 aliis

376 2830 627 2874 'maioribus
666 2832 854 2887 ferianti,
895 2833 1008 2875 istud
1047 2846 1209 2888 quoque
1247 2845 1349 2888 opus
1391 2831 1674 2886 qualecunque
1711 2832 1947 2887 perspicere

399 2907 645 2963 collibuerit,
676 2909 720 2950 in
750 2908 922 2965 prologo
953 2909 1202 2966 praediscat,
1235 2909 1333 2964 quid
1365 2908 1403 2951 ei
1433 2908 1477 2950 in
1510 2908 1776 2962 sequentibus
1799 2921 1947 2964 expec-

492 3011 518 3031 a.
550 3001 704 3035 continent
725 3002 762 3031 E.
