2028 3438
404 323 490 365 744
662 336 899 367 Hannonm
929 335 1170 367 DIALOGUS.
1219 336 1372 366 L113.11.
1420 334 1694 366 Pnoonmtm

285 451 377 486 1158
403 441 586 484 muneris
617 439 696 484 tibi
726 442 991 498 potissimum
1023 444 1233 485 servatum
1267 444 1330 484 est
1351 465 1406 470 —
1433 441 1595 484 edicito.
1649 440 1755 484 Nam
1785 440 1952 485 univer-

292 499 375 528 ¹¹¹¹'1
403 530 542 559 sorum
575 531 746 573 operum
779 518 888 573 eius,
926 518 1024 561 licet
1054 531 1206 572 magna
1244 517 1329 560 sint
1359 517 1519 572 omnia,
1557 517 1686 560 nichil
1721 520 1804 572 est,
1843 517 1953 574 quod

403 593 497 636 huic
527 593 664 636 valeat
702 595 932 650 conparari.
991 594 1125 637 Unam
1164 594 1318 650 quippe
1356 594 1535 636 animam
1568 593 1658 638 Deo
1696 593 1952 649 lucrifacere,

402 669 573 712 maioris
605 669 717 726 apud
738 669 874 713 Deum
897 670 1090 725 arbitror,
1124 683 1247 725 quam
1273 669 1393 712 mille
1423 670 1514 713 auri
1544 670 1703 730 talenta
1732 670 1776 713 in
1800 669 1953 714 elemo-

402 745 515 788 sinas
547 746 809 802 expendere„
1251 747 1255 751 ’
1540 798 1543 802 ,

522 822 719 865 Tiemo:
761 822 902 876 Magni
934 823 1098 878 quidem
1132 822 1271 864 meriti
1303 825 1378 877 est,
1411 823 1592 866 animam
1625 826 1831 867 errantem
1862 822 1951 866 Deo

402 897 555 941 lucrari
593 912 667 954 per
697 898 840 952 fidem3
884 899 955 942 sed
995 898 1235 955 hiperbolen
1267 898 1431 954 fugere,
1472 912 1607 943 sermo
1639 899 1799 956 expetit
1823 899 1952 943 'casti-

402 974 554 1027 gacior.

520 1050 671 1101 Quem
713 1050 950 1094 Sefridus
991 1051 1224 1094 intuens:
1267 1050 1311 1093 Si
1342 1064 1524 1106 congrua
1561 1052 1736 1107 inquit
1774 1051 1951 1095 auctori-

401 1128 488 1169 tate
518 1139 601 1169 non
631 1126 865 1182 firmavero,
898 1127 1007 1183 quod
1030 1127 1185 1170 dictum
1208 1130 1283 1182 est,
1316 1128 1591 1171 assercionem
1617 1129 1705 1172 eius
1725 1127 1848 1171 fidem
1880 1141 1952 1171 ex-

402 1201 547 1245 cedere
578 1204 726 1246 merito
757 1203 995 1258 redargues.
1044 1202 1207 1246 Scimus
1231 1204 1413 1259 quidem,
1446 1204 1669 1248 elemosine
1700 1205 1952 1248 substantia-

401 1292 494 1320 rum
527 1292 629 1333 quas
659 1279 804 1323 laudes
835 1281 878 1322 in
911 1280 1128 1335 scripturis
1159 1280 1351 1323 habeant.
1406 1279 1568 1323 Scimus
1599 1282 1822 1338 scriptum,
1855 1281 1953 1337 quia

402 1354 509 1398 sicut
540 1368 647 1410 aqua
678 1356 885 1411 extinguit
917 1357 1078 1411 ignem,
1115 1357 1176 1399 ita
1207 1356 1432 1399 elemosina
1463 1357 1670 1412 extinguit
1698 1360 1915 1414 peccatum
1928 1355 1951 1412 ¹,

403 1435 462 1474 et:
494 1433 608 1475 Date
639 1433 901 1475 elemosinam
933 1442 970 1476 et
1001 1436 1141 1476 omnia
1161 1435 1318 1476 munda
1339 1442 1434 1477 sunt
1455 1431 1617 1485 vobis²,·
1649 1437 1711 1478 et:
1745 1435 1951 1492 Redemp-

402 1510 458 1551 tio
491 1511 627 1551 anime
656 1512 742 1552 viri
772 1512 952 1566 proprie
983 1506 1175 1559 divicie³;
1215 1513 1256 1552 et
1292 1509 1414 1565 plura.
1451 1510 1496 1552 in
1526 1510 1635 1554 hunc
1664 1511 1833 1554 modum
1869 1510 1951 1554 elo-

402 1584 607 1627 mosinam
639 1585 984 1628 commendantia.
1042 1585 1124 1628 Sed
1155 1585 1307 1628 bonum
1342 1585 1480 1629 differt
1511 1600 1535 1629 a
1565 1586 1671 1630 bono
1706 1588 1751 1630 in
1783 1587 1951 1630 estima-

401 1660 532 1715 cione,
565 1661 672 1704 sicut
703 1661 825 1704 stella
854 1661 993 1704 differt
1015 1675 1038 1704 a
1059 1661 1179 1704 stella
1209 1663 1253 1704 in
1275 1662 1475 1705 claritate.
1523 1663 1636 1707 Audi
1667 1663 1949 1719 euangelium:

402 1738 538 1779 Amen
578 1737 716 1792 inquit
755 1740 847 1781 dico
885 1739 1021 1790 vobis,
1060 1740 1264 1795 ,qaudium
1305 1748 1361 1782 est
1399 1741 1558 1796 anyelic
1589 1741 1677 1783 Dei
1713 1755 1839 1798 cuper
1868 1756 1950 1783 uno

399 1823 614 1869 peccatore
641 1817 916 1870 penitenciam
949 1813 1123 1871 aqente⁴.
1178 1814 1300 1869 Ecce,
1333 1828 1386 1857 ne
1417 1815 1567 1858 sobriis
1599 1816 1858 1859 sermonibus
1889 1815 1951 1858 hi—

402 1889 600 1945 perbolen
623 1890 841 1946 irrepsisse
863 1891 1064 1946 queraris,
1096 1891 1294 1945 gaudium
1325 1891 1369 1933 in
1401 1892 1513 1934 omni
1537 1892 1624 1935 celo
1647 1891 1743 1941 fieri.¹
1756 1906 1808 1936 ex
1831 1892 1951 1936 unius

402 1966 540 2009 anime
560 1966 843 2021 conversione,
876 1981 959 2009 non
980 1967 1119 2021 michi,
1153 1968 1225 2010 sed
1251 1968 1465 2022 euangelio
1488 1969 1629 2022 crede3
1662 1982 1711 2012 ac
1740 1969 1948 2026 proinde·,

402 2043 524 2084 unius
557 2043 694 2085 anime
726 2043 901 2086 salutem
934 2043 1047 2086 mille
1080 2044 1169 2086 auri
1191 2044 1358 2086 talentis
1386 2045 1430 2087 in
1451 2044 1718 2088 elemosinam
1741 2046 1948 2101 expensis,

402 2118 633 2161 certissime
665 2118 825 2173 collige,
858 2132 995 2162 coram
1018 2119 1106 2162 Deo
1139 2133 1228 2162 esse
1257 2121 1439 2163 maioris.
1487 2121 1580 2164 Non
1611 2135 1807 2178 umquam
1839 2122 1948 2165 enim

402 2195 645 2248 dignaretur
676 2196 829 2238 veritas
860 2196 1057 2250 gaudium
1094 2197 1308 2252 predicare
1340 2197 1580 2252 angelorum
1611 2212 1735 2254 super
1767 2211 1950 2254 expensa

402 2271 516 2314 mille
547 2272 639 2314 auri
669 2271 942 2324 talentorum3
983 2273 1090 2326 quod
1131 2276 1270 2315 tamen
1306 2287 1389 2316 non
1420 2274 1667 2328 dedignatur
1697 2275 1748 2318 de
1779 2288 1948 2318 conver-

402 2347 518 2390 sione
539 2348 660 2390 unius
691 2348 932 2404 peccatoris.
980 2348 1122 2402 Neque
1145 2349 1336 2391 dominus
1357 2349 1470 2392 Iesus
1502 2363 1577 2406 pro
1598 2350 1766 2394 talentis
1788 2352 1948 2406 argenti

403 2423 468 2466 vel
508 2424 598 2466 auri
636 2423 846 2467 lucrandis
879 2424 945 2467 vel
983 2425 1201 2478 erogandis
1241 2425 1313 2468 sed
1354 2439 1428 2481 pro
1462 2426 1698 2469 hominibus
1737 2427 1947 2471 salvandis

403 2500 647 2553 sanguinem
678 2500 799 2554 fudit,
833 2501 1018 2555 precium
1049 2501 1360 2556 redemptionis.
1408 2502 1532 2545 Absit
1551 2502 1693 2556 igitur,
1725 2507 1772 2546 ut
1792 2504 1948 2559 aliquid

403 2575 458 2617 sit
487 2575 530 2617 in
560 2576 683 2618 rebus
715 2577 886 2631 creatis,
925 2577 1034 2632 quod
1066 2577 1244 2620 humane
1277 2579 1413 2621 anime
1451 2578 1740 2634 preferendum
1780 2583 1945 2636 putem3

403 2664 524 2705 quam
558 2651 648 2707 ipse
679 2656 839 2695 creator
870 2653 976 2695 tanti
1008 2653 1139 2696 voluit
1170 2653 1383 2709 estimare,
1421 2658 1467 2696 ut
1498 2668 1572 2710 pro
1604 2654 1677 2697 illa
1707 2655 1947 2699 redimenda

403 2730 534 2769 semet
563 2727 700 2783 ipsum
732 2742 863 2783 usque
894 2729 947 2771 ad
977 2730 1123 2772 mortis
1155 2730 1349 2773 iniuriam
1380 2730 1610 2773 inclinaret,

521 2803 641 2845 Tum
673 2818 782 2858 ego:
817 2804 927 2848 Satis
958 2806 1164 2861 inquam
1198 2819 1274 2862 pro
1297 2819 1433 2849 causa.
1481 2806 1588 2848 Nam
1610 2810 1651 2849 et
1670 2807 1785 2862 prior
1805 2810 1946 2850 noster

401 2882 487 2921 tam
518 2879 720 2922 indomite
750 2882 1030 2924 contencionis
1067 2895 1147 2924 non
1181 2887 1262 2937 est,
1300 2886 1365 2937 ut,
1407 2882 1548 2925 audita
1585 2883 1770 2937 racione,
1809 2883 1946 2926 sedari

497 2986 523 3007 a.
555 2977 680 3016 perinde
702 2978 742 3009 N.

497 3040 529 3075 1.
555 3039 666 3075 Eccli.
680 3041 713 3086 3,
732 3041 788 3076 33.
886 3043 919 3077 2.
945 3042 1032 3078 Luc.
1048 3043 1102 3087 11,
1119 3042 1177 3078 41.
1271 3043 1306 3077 3.
1331 3043 1435 3079 Prov.
1452 3043 1507 3088 13,
1523 3044 1557 3078 8.
1652 3044 1686 3079 4.
1712 3044 1800 3079 Luc.
1815 3044 1868 3089 15,
1887 3044 1942 3079 10.
