2028 3438
389 281 477 324 334
899 294 1119 326 nmmum
1149 294 1317 326 oonnx.
1367 292 1434 327 190

294 412 364 448 590
388 399 517 455 beret,
549 399 586 443 si
616 399 805 443 veritatis
838 400 1134 444 conscientiam
1164 413 1250 443 non
1279 400 1465 455 haberet,
1498 413 1605 456 cum,
1642 388 1850 457 propheta
1879 403 1941 444 at-

300 461 364 492 Oct.

298 2636 365 2671 687

386 480 580 532 testante,
603 476 866 520 mendacium
887 480 1065 520 mortem
1086 478 1252 520 animae
1274 474 1385 521 6886Ι
1406 491 1490 520 non
1511 465 1769 521 dubitaret.»·²
1785 471 1942 529 *Qua-¹

388 546 574 610 propter,
607 567 700 598 cum
732 553 998 610 pontificatus
1028 554 1309 598 ministerium
1339 568 1424 597 non
1448 542 1943 611 solum>iussi01iess¹prinss

389 631 493 687 cipis
525 630 730 674 committi
761 631 841 674 sibi
870 644 955 674 non
984 632 1194 675 recusavit
1224 632 1297 675 sed
1330 631 1380 675 ab
1411 621 1503 688 ipso
1528 631 1655 675 etiam
1675 630 1942 674 commissum

389 707 469 750 sibi
500 720 591 750 esse
622 707 814 762 asseruit,
850 707 1008 750 iustum
1039 711 1080 750 et
1110 708 1360 752 conveniens
1391 721 1482 751 esse
1512 697 1671 763 liquido
1701 703 1942 752 manifesta-

388 784 450 827 vit
480 787 522 827 et
552 783 730 840 posteris
749 784 794 826 in
816 784 1054 840 exemplum
1075 785 1326 828 servandum
1347 785 1536 840 reliquit:
1568 797 1624 828 ne
1643 784 1818 840 quilibet
1848 774 1942 828 alis-

389 874 468 916 que
504 860 683 904 Romani
721 860 925 917 principis
964 861 1071 904 dono
1116 865 1157 905 et
1201 862 1408 906 iussione·
1446 853 1726 905 ministerium
1765 850 1944 905 Romani

388 937 654 994 pontificatus
692 940 935 994 praesumat
977 950 1200 981 assumere.
1322 939 1466 994 Inique
1498 952 1596 994 ergo
1636 941 1679 982 et
1709 937 1943 982 scismatice

390 1015 595 1069 ascendit,
636 1015 707 1070 qui
743 1013 934 1069 Gregorii
972 1014 1163 1071 exemplo
1204 1020 1245 1059 et
1282 1016 1458 1060 aliorum
1497 1019 1737 1060 sanctorum
1774 1005 1943 1072 pontifi-

389 1090 507 1134 cumb
537 1091 785 1134 intronizari
814 1104 899 1134 non
930 1090 1177 1134 studuerit“.

510 1168 651 1223 „Idem
684 1172 726 1211 et
755 1168 883 1211 ceteri
912 1167 1089 1211 Romani
1124 1168 1340 1225 pontifices
1372 1173 1468 1212 ante
1499 1171 1540 1212 et
1570 1172 1666 1226 post
1695 1167 1943 1224 Gregorium

388 1258 519 1301 usque
556 1245 611 1288 ad
641 1245 915 1288 Hildebrandi
944 1248 1135 1301 tempora
1167 1259 1406 1300 servavere3
1447 1250 1489 1290 et
1526 1259 1610 1289 non
1650 1245 1770 1302 prius
1797 1254 1942 1289 conse·-

390 1322 619 1366 crationem
650 1322 861 1378 suscipere
902 1326 1293 1378 praesumpserunt,
1334 1337 1458 1379 quam
1495 1337 1538 1366 se
1577 1313 1824 1380 principum
1846 1327 1944 1366 con-

390 1413 559 1442 sensum
589 1402 631 1442 et
660 1399 888 1442 iussionem
918 1399 1072 1442 habere
1102 1399 1410 1443 intellexerunt.
1458 1400 1538 1451 Qui
1557 1413 1656 1443 vero
1681 1391 1802 1443 aliter
1820 1406 1944 1456 prae-

390 1480 677 1532 sumpserunt,
719 1479 791 1519 aut
821 1476 990 1519 omnino
1022 1479 1120 1519 sunt
1151 1477 1317 1533 expulsi
1347 1480 1420 1520 aut
1449 1478 1521 1520 vix
1551 1477 1789 1520 interventu
1816 1476 1944 1520 mise-

389 1553 606 1608 ricordiae,
639 1552 871 1609 praemissa
900 1556 1040 1596 tamen
1072 1554 1368 1608 satisfactione,
1400 1554 1531 1610 recipi
1561 1551 1845 1598 meruerunt“.

510 1630 631 1686 „Nec
670 1629 753 1672 alia
782 1629 834 1672 de
865 1642 989 1672 causa
1021 1628 1245 1684 Gregorius
1284 1633 1326 1673 ct
1364 1631 1491 1673 ceteri
1521 1630 1698 1674 Romani
1728 1629 1943 1687 pontifices

389 1707 743 1751 consecrationem
774 1719 892 1749 suam
923 1719 1054 1761 usque
1086 1706 1138 1749 ad
1169 1720 1417 1750 consensum
1456 1710 1498 1750 ct
1531 1697 1944 1764 iussionem'princi·-⁴

390 1798 491 1841 pum
522 1784 734 1838 distulisse
764 1783 959 1826 credendi
991 1786 1100 1838 sunt,
1133 1783 1215 1826 nisi
1247 1783 1345 1838 quia
1376 1796 1528 1839 equum
1559 1787 1602 1827 et
1627 1778 1871 1828 canonicum
1903 1788 1944 1827 et

391 1861 588 1905 ecclesiae
618 1860 898 1904 necessarium
930 1860 1008 1903 hoc
1039 1873 1130 1903 esse
1159 1860 1477 1904 intellexerunt:
1515 1864 1576 1916 ut,
1608 1873 1784 1917 quorum
1815 1861 1943 1904 dona-

389 1938 464 1980 riis
495 1951 544 1980 ac
573 1926 818 1980 tuitionibus
848 1937 1038 1980 Romana
1069 1938 1243 1980 ecclesia
1273 1938 1407 1980 ditata
1437 1941 1479 1980 et
1509 1937 1733 1982 sublimata
1762 1938 1941 1994 vigebat,

391 2028 534 2058 eorum
566 2015 693 2057 etiam
729 2013 993 2070 providentia
1033 2018 1075 2057 et
1103 2014 1287 2058 iussione
1316 2015 1387 2057 ille
1419 2018 1940 2070 tantumconsecraretur,

391 2092 463 2147 qui
499 2090 623 2134 rebus
665 2094 706 2133 et
741 2090 978 2133 hominibus
1013 2091 1205 2145 regendis
1237 2091 1410 2135 idoneus
1442 2092 1501 2134 eis
1532 2092 1873 2147 comprobaretur
1903 2094 1944 2134 et

392 2168 511 2223 argui
540 2181 663 2224 posse
694 2167 959 2224 postmodum
981 2181 1065 2210 non
1086 2168 1310 2211 videretur.
1354 2168 1477 2223 Nam,
1510 2168 1545 2211 si
1575 2168 1652 2211 hoc
1681 2169 1875 2224 iniquum
1902 2171 1944 2211 et

391 2246 615 2288 canonicae
645 2244 900 2287 institutioni
929 2245 1183 2287 contrarium
1217 2258 1307 2288 esse
1337 2244 1662 2299 intellexissent,
1692 2247 1779 2288 tam
1810 2244 1943 2288 sancti

391 2323 491 2377 viri,
530 2323 673 2365 favore
711 2325 783 2364 aut
819 2321 968 2364 timore
1007 2321 1144 2377 aliquo
1177 2322 1227 2364 de
1258 2321 1567 2364 consecratione
1602 2333 1679 2364 su‘a
1715 2312 1942 2364 iussionem

390 2399 628 2456 principum
651 2399 740 2441 sine
761 2398 886 2441 dubio
906 2411 991 2440 non
1011 2401 1322 2454 expectassent3
1356 2398 1454 2454 quia
1475 2398 1708 2454 expectatio
1729 2397 1803 2441 illa
1821 2397 1943 2441 valde

393 2489 462 2519 eos
494 2475 732 2518 ambitionis
765 2477 970 2530 argueret,
1003 2488 1122 2530 quae,
1153 2475 1246 2531 ipso
1268 2474 1467 2529 Gregorio
1498 2477 1735 2530 attestante,
1767 2474 1944 2518 severis-

392 2552 499 2595 sima
529 2565 694 2608 semper
724 2564 929 2594 canonum
961 2551 1218 2594 districtione
1249 2551 1516 2608 dampnanda
1546 2537 1650 2594 est‘.

513 2628 777 2684 „Antequam
800 2625 992 2682 Sergius²
1012 2641 1125 2683 papa
1155 2627 1387 2682 eligeretur,
1421 2627 1540 2670 electi
1561 2630 1659 2670 sunt
1679 2619 1920 2670 Theodorus
1928 2634 1942 2650 ⁰

393 2706 435 2747 et
453 2703 690 2747 Paschalis‘¹
709 2705 753 2747 in
774 2705 1037 2747 contentione
1057 2705 1403 2747 dissentientium.
1453 2703 1534 2746 Sed
1564 2704 1657 2746 istis
1688 2703 1848 2747 duobus
1877 2704 1943 2746 in-

392 2774 525 2823 vicem
547 2781 842 2824 altercantibus
864 2784 906 2823 et
924 2781 1094 2823 tandem
1116 2781 1270 2835 eiectis,
1302 2780 1491 2836 quamvis
1512 2779 1646 2822 clerus
1678 2784 1719 2823 et
1749 2780 1940 2836 populus,

393 2870 586 2913 proceres
619 2858 742 2900 etiam
781 2861 823 2900 et
852 2857 1063 2900 Romanae
1093 2858 1273 2900 miliciae
1311 2857 1516 2900 exercitus
1552 2857 1597 2898 in
1636 2856 1942 2912 praenominati

488 2965 516 2986 a.
546 2957 707 2995 praecepto
725 2957 756 2986 V.
859 2956 889 2986 b.
917 2957 1110 2995 pontificatus
1124 2956 1182 2987 VZ.
1288 2965 1314 2986 c.
1339 2956 1541 2986 Theodericus
1560 2956 1591 2986 V.
1695 2956 1725 2986 d.
1752 2955 1884 2985 Pascalis
1906 2954 1941 2985 Z.

489 3020 520 3054 1.
547 3018 631 3064 Sap.
651 3020 682 3064 1,
702 3020 763 3054 11:
791 3029 853 3064 „os
877 3022 1010 3065 autem,
1035 3019 1133 3064 quod
1159 3019 1340 3064 mentitur,
1366 3019 1499 3054 occidit
1524 3018 1715 3054 animam“.
1828 3018 1862 3053 2.
1887 3017 1916 3053 Ι.
