2028 3438
362 257 449 299 298
888 265 1109 298 nmmum
1139 265 1307 298 connx.
1358 263 1424 297 168

200 386 338 421 e.1115
363 374 480 426 Quod
514 373 637 418 facile
667 373 901 417 volentibus
939 373 1169 430 persuasit3
1211 372 1310 428 quia
1347 385 1396 415 ea
1433 374 1598 414 tantum
1634 369 1923 427 praedicabam

364 465 469 506 quae
514 450 580 494 vel
624 435 810 494 novitate
856 450 921 493 sui
957 450 1022 494 vel
1068 462 1220 504 magna
1260 448 1481 491 voluntate·
1520 447 1665 504 populi
1703 446 1921 504 'placitura

364 527 533 571 sciebat.
654 527 824 570 Talibus
859 528 1070 583 nequitiae
1110 526 1368 570 successibus
1405 525 1560 568 misero
1600 524 1760 567 homini
1781 525 1918 567 ‘tanta

364 604 532 648 sceleris
565 604 734 646 audatia
773 604 968 658 accessit,
1008 607 1055 647 ut
1086 603 1212 646 etiam
1244 615 1289 645 se
1319 601 1454 644 Deum
1495 601 1672 654 diceret3
1713 612 1919 656 asserens,-

365 681 463 736 quia
493 681 528 723 si
550 680 739 723 Christus
770 681 863 723 ideo
885 680 998 723 Deus
1021 683 1098 734 est,
1131 679 1229 734 quia
1251 678 1454 734 Spiritum
1475 681 1666 720 sanctum
1689 677 1924 732 habuisset,

365 771 410 800 se
439 770 525 800 non
555 757 728 800 inferius
759 770 836 800 nec
875 756 1120 799 dissimilius
1151 755 1312 810 Deum,
1354 755 1452 810 quia
1490 754 1794 811 plenitudinem
1823 753 1919 810 Spi-

364 834 470 877 ritus
502 834 635 876 sancti
675 834 914 890 accepisset.
970 833 1017 876 In
1051 846 1132 888 qua
1169 832 1509 888 praesumptione
1540 831 1642 874 adeo
1680 830 1832 886 illusit,
1855 833 1923 874 -ut

365 910 536 966 quidam
566 910 611 952 in
632 923 680 953 eo
702 910 963 953 divinitatem
986 911 1303 962 venerarentur3
1335 909 1379 951 in
1406 911 1584 962 tantum,
1615 910 1664 951 ut
1683 907 1823 951 balnei
1849 907 1920 951 'sui

366 1000 517 1042 aquam
546 987 775 1043 potandam
811 987 1058 1029 stultissimo
1090 986 1243 1043 populo
1275 999 1351 1041 pro
1383 985 1668 1028 benedictione
1699 983 1918 1038 divideret,

365 1064 480 1107 velut
510 1064 713 1106 sacratius
746 1066 788 1106 et
818 1063 1021 1107 efficatius
1054 1065 1362 1106 sacramentum
1393 1062 1656 1118 profuturum
1682 1060 1808 1105 saluti
1828 1073 1919 1104 cor-

365 1141 481 1197 poris
512 1143 554 1183 et
589 1140 767 1183 animae.

485 1217 674 1268 Quodam
703 1217 830 1260 etiam
862 1220 1071 1272 tempore,
1111 1216 1233 1258 dum¹¹
1263 1229 1415 1258 novum
1446 1228 1576 1270 genus
1613 1217 1782 1270 questus
1810 1221 1921 1258 nova

368 1294 661 1337 adinventione
691 1294 1020 1348 machinaretur,
1061 1293 1269 1349 quandam
1307 1292 1533 1346 imaginem
1563 1295 1732 1335 sanctae
1761 1290 1921 1335 Mariae

369 1394 422 1400 —
447 1373 587 1427 stupet
617 1371 779 1413 animus
802 1371 939 1413 dicere
960 1395 1014 1400 —
1037 1371 1082 1413 in
1103 1370 1286 1413 medium
1311 1354 1591 1412 multitudinis
1621 1369 1745 1412 iussit
1765 1367 1918 1411 afferri.

366 1447 424 1491 Et
454 1448 652 1490 accedens
690 1461 942 1502 manumque
979 1447 1175 1502 imaginis
1211 1446 1364 1490 manub
1396 1447 1661 1501 contingens,
1702 1445 1778 1488 sub
1807 1445 1919 1501 tipo⁶

367 1524 479 1567 illius
519 1528 703 1567 sanctam
743 1524 920 1567 Mariam
959 1524 1038 1567 sibi
1078 1524 1364 1579 desponsavit3
1412 1526 1719 1566 sacramentum
1759 1525 1801 1565 et
1837 1520 1920 1564 sol·-

366 1601 553 1657 lempnia
583 1601 657 1650 illa
687 1601 1020 1657 desponsationis
1051 1601 1192 1655 verba,
1224 1604 1271 1642 ut
1299 1600 1423 1655 vulgo
1452 1599 1545 1643 fieri
1575 1599 1693 1654 solet,
1723 1599 1922 1642 universa

369 1678 569 1732 sacrilego
610 1691 681 1721 ore
724 1678 951 1734 proferens.
1073 1670 1164 1731 Ea,
1204 1678 1359 1732 inquit,
1401 1679 1678 1730 dilectissimi,
1717 1678 1921 1732 virqinem

368 1757 557 1798 Mariam
587 1756 692 1798 milii
720 1752 991 1812 despo⁴nsavi3
1028 1770 1099 1798 vos
1135 1756 1351 1812 sponsalia
1382 1764 1420 1797 et
1449 1763 1635 1811 sumptus
1666 1755 1724 1796 ad
1750 1755 1920 1810 nuptias

369 1834 560 1876 exhibete.
604 1831 661 1874 Et
680 1817 839 1888 ponens
861 1832 963 1874 duos
984 1831 1155 1887 loculos,
1179 1845 1307 1874 unum
1331 1844 1355 1874 a
1376 1831 1533 1874 dextris
1556 1830 1756 1873 alterum‘¹
1774 1844 1800 1873 a
1819 1829 1920 1873 sini-

369 1910 467 1953 stris
496 1909 712 1963 imaginis:
747 1910 842 1951 Huc
872 1909 1008 1963 inquit
1040 1910 1215 1965 offerant
1243 1911 1347 1958 viri3
1379 1910 1480 1951 illuc
1512 1909 1686 1964 offerant
1715 1908 1918 1950 mulieres.

377 1987 562 2030 Viderim
592 2002 725 2039 nunc,
764 1989 898 2029 utrius
930 2002 1049 2028 semus
1080 1988 1217 2028 maior
1248 1987 1359 2027 circa
1389 2001 1454 2028 me
1488 1994 1526 2028 et
1561 2000 1759 2042 sponsam
1788 2000 1921 2027 meam

345 2123 349 2125 Α
356 2065 528 2119 ferveat
557 2066 724 2106 caritas,
846 2062 902 2105 Et
933 2075 1027 2105 ecce
1058 2063 1249 2105 certatim
1282 2075 1376 2104 cum
1403 2061 1644 2104 muneribus
1675 2065 1717 2105 et
1747 2060 1921 2104 oblatio-

369 2140 491 2183 nibus
521 2140 813 2182 insanissimus
844 2140 929 2182 ruit
951 2139 1141 2195 populus.
1190 2138 1386 2182 Mulieres
1416 2139 1584 2181 inaures
1615 2144 1733 2180 811118Θ
1764 2141 1806 2181 61
1829 2151 1920 2180 mo-

369 2218 473 2260 nilia
502 2217 721 2260 iaciebant.
769 2216 824 2259 Et
855 2217 914 2259 sic
944 2229 1028 2259 non
1048 2216 1137 2258 sine
1166 2216 1454 2258 inmanissimo
1477 2215 1694 2269 sacrilegio
1714 2198 1921 2258 infinitam

370 2295 579 2337 contraxit
609 2294 841 2350 pecuniam.

490 2371 572 2414 Sed
603 2375 644 2414 et
673 2371 790 2414 faber
828 2370 1029 2413 ferrarius
1070 2370 1237 2424 quidam
1275 2368 1443 2411 nomine
1474 2367 1688 2410 Manasses
1712 2391 1767 2397 —-
1798 2380 1921 2423 quem

371 2461 465 2491 cum
504 2448 703 2491 scelerato
745 2448 911 2490 homine
950 2447 1074 2489 etiam
1114 2460 1139 2488 a
1177 2445 1293 2488 vobis
1332 2445 1546 2487 detentum
1591 2444 1826 2487 audivimus
1864 2468 1919 2474 -—

371 2524 562 2580 exemplo
593 2525 838 2579 nequissimi
869 2524 1058 2578 magistri
1079 2523 1382 2565 fraternitatem
1408 2521 1628 2576 quandam,
1662 2533 1786 2576 quam
1808 2520 1922 2574 gilda

371 2601 494 2655 vulgo
528 2600 762 2656 appellant,
803 2601 1061 2654 instituerat,
1102 2599 1145 2641 in
1181 2612 1263 2654 qua
1303 2597 1517 2640 duodecim
1557 2597 1668 2639 viros
1704 2598 1750 2639 in
1788 2596 1923 2651 figura

372 2677 588 2719 duodecim
621 2678 903 2732 apostolorum
936 2681 978 2719 et
1007 2690 1131 2718 unam
1153 2679 1318 2718 tantum
1337 2674 1535 2717 feminam
1557 2674 1601 2715 in
1622 2673 1755 2728 figura
1775 2674 1922 2717 beatae

370 2754 529 2797 Mariae
560 2754 795 2807 constituit3
830 2768 921 2809 que,
953 2757 999 2795 ut
1028 2754 1180 2808 ferunt,
1213 2765 1287 2808 per
1309 2750 1493 2804 singulos
1513 2750 1680 2793 illorum
1705 2750 1920 2793 duodecim

372 2830 759 2874 circumducebatur
799 2833 840 2874 et
883 2831 935 2873 ad
974 2830 1170 2873 iniuriam
1219 2830 1506 2872 sacrosanctae
1544 2827 1717 2881 virginis
1762 2827 1922 2870 nefaria

464 2957 490 2977 a.
524 2948 561 2977 de
582 2948 621 2978 B.
874 2948 903 2976 b.
936 2957 993 2977 om.
1013 2948 1041 2977 V.
1283 2955 1307 2975 c.
1340 2947 1413 2984 typo
1434 2945 1474 2974 Β.
1707 2944 1736 2974 d.
1768 2944 1857 2974 alium
1880 2943 1924 2973 B.

373 3009 399 3030 e.
431 3009 486 3029 om.
502 3000 540 3030 B.
