2028 3438
356 216 416 258 40
879 226 1099 258 nmmum
1129 225 1297 258 conax.
1344 225 1390 258 20

242 343 331 379 1057
357 337 400 378 01
431 334 541 389 quod
570 334 637 377 his
668 334 836 389 gravius
869 336 933 377 est
964 336 1006 376 et
1035 332 1329 389 periculosius,
1360 347 1414 377 ne
1445 333 1631 377 divinam
1661 334 1740 379 tibi
1770 335 1911 392 parias

347 410 572 467 offensam,
605 425 809 455 veremur.
861 410 918 453 Et
947 413 996 453 ut
1025 413 1166 454 cetera
1186 410 1440 466 omittamus,
1474 411 1656 455 animam
1676 411 1796 456 illam
1814 412 1912 458 bene

358 488 565 532 tissimam
611 488 833 542 H(einrici)
858 472 860 474 Ι
881 487 1219 530 christianissimi
1259 487 1548 544 imperatoris,
1599 488 1827 532 conditoris
1868 492 1912 533 et

358 565 539 608 auctoris
570 565 718 620 nostri,
750 565 867 608 cuius
898 565 1145 608 memoriam
1177 564 1312 607 omnis
1343 567 1470 620 aetas,
1503 566 1644 609 omnia
1672 565 1814 610 secula
1840 565 1912 610 be-

358 642 565 697 nedicent,
596 642 713 685 illam
744 642 916 698 inquam
946 655 999 685 ne
1030 642 1074 684 in
1107 642 1412 685 accusationem
1443 644 1505 697 et,
1541 642 1652 698 quod
1681 642 1797 686 dictu
1823 642 1912 686 luc-

308 752 311 755 »
358 722 524 762 1110311111
559 723 636 774 031,
668 732 721 762 110
751 719 796 761 111
827 718 1170 775 dampnationem
1200 718 1262 761 tui
1293 731 1508 775 provoces,
1544 719 1665 763 valde
1694 720 1912 764 horremus

359 798 402 839 et
431 796 804 852 contremiscimus.
928 794 1136 839 Solacium
1170 795 1302 851 enim,
1344 809 1424 851 quo
1453 796 1525 840 ille
1555 797 1619 840 vir
1648 797 1913 842 beatissimus

359 873 543 929 reliquas
581 872 802 916 facultates
841 875 1008 916 nostras
1046 874 1092 916 in
1126 873 1363 916 libertatem
1403 873 1613 929 quandam
1653 887 1679 918 a
1714 887 1914 931 procura-

360 950 520 994 toribus
550 950 705 993 nostris
736 949 1065 1005 vendicaverat⁰,
1099 963 1178 1005 quo
1209 949 1280 993 ille
1311 949 1430 993 nobis
1462 953 1607 994 contra
1635 953 1915 1007 proventuum

361 1027 607 1070 varietatem
629 1026 907 1082 consuluerat,
942 1040 1022 1083 quo
1053 1027 1124 1070 ille
1153 1027 1274 1070 nobis
1304 1027 1574 1072 intercalares
1604 1014 1914 1072 benedictiones

359 1104 613 1160 instituerat,
647 1117 727 1159 quo
758 1103 830 1147 ille
861 1104 1037 1147 diversis
1058 1107 1294 1160 temporum
1326 1105 1633 1148 calamitatibus
1665 1107 1914 1160 occurrerat,

359 1181 466 1224 illud
486 1181 678 1236 denique,
703 1194 784 1236 quo
805 1181 876 1224 ille
897 1181 1018 1224 nobis
1041 1183 1083 1224 01
1102 1181 1411 1225 habundantiae
1432 1185 1600 1226 nostrae
1623 1185 1916 1226 ornamentum

362 1261 404 1302 et
433 1259 601 1320 inopiae
633 1258 844 1312 singulare
873 1258 1104 1301 remedium
1135 1259 1391 1315 providerat,
1423 1259 1499 1303 sub
1529 1262 1585 1315 te,
1615 1259 1814 1314 indigena
1842 1258 1916 1302 do-

360 1335 497 1390 mino,
537 1338 707 1391 pastore
745 1335 995 1390 domestico,
1035 1338 1179 1378 contra
1218 1349 1377 1380 morem
1415 1340 1561 1380 contra
1598 1336 1734 1392 legem
1771 1339 1917 1380 eontra

361 1412 502 1455 omnia
523 1413 666 1455 divina
693 1415 735 1455 et
754 1412 938 1455 humana
958 1413 1051 1455 iura
1072 1412 1301 1456 amisimus.
1393 1413 1549 1465 Quodsi
1573 1413 1673 1457 ordo
1694 1416 1917 1469 textusque

361 1503 511 1533 causae
548 1490 815 1546 prudentiam
853 1493 968 1532 tuam
1008 1489 1205 1544 fugisset,
1243 1490 1322 1533 hoc
1361 1493 1423 1533 est
1463 1491 1499 1534 31
1536 1492 1796 1546 ignorasses,
1837 1490 1918 1534 hoc

361 1567 502 1624 ipsum
538 1567 780 1623 praedium,
825 1579 916 1609 cum
958 1567 1168 1621 quondam
1205 1580 1281 1623 per
1319 1567 1544 1610 violentam
1591 1567 1917 1619 dominationem

361 1627 552 1700 ereptum
568 1643 753 1698 fuissetb,
776 1646 931 1699 quanto
953 1643 1103 1687 sudore
1119 1649 1244 1699 quam
1262 1644 1511 1688 examinatis
1527 1645 1918 1701 probatissimorum

362 1721 551 1770 fratrum,
573 1721 847 1764 sacramentis
880 1724 921 1764 et
941 1721 1193 1764 testimoniis
1213 1722 1258 1764 in
1278 1722 1342 1764 ius
1367 1722 1750 1778 proprietatemque
1774 1721 1919 1766 Sancti

362 1797 479 1841 Petri
497 1798 626 1841 fuerit
645 1801 898 1853 revocatum,
920 1798 1106 1854 profecto
1127 1812 1203 1855 per
1223 1799 1441 1842 obtentum
1455 1799 1716 1854 ignorantiae
1735 1802 1778 1842 10
1798 1799 1918 1843 nobis

364 1888 564 1918 excusare
595 1888 825 1931 possemus.
873 1874 1018 1931 Neque
1047 1889 1146 1919 vero
1176 1876 1394 1930 iacturam,
1427 1889 1552 1931 quam
1582 1877 1780 1933 patimur,
1810 1879 1918 1919 tam-

365 1952 444 1995 etsi
475 1951 547 1995 vix
578 1942 749 1995 tolerari
780 1965 903 2008 posse
933 1952 1144 2007 videatur,
1186 1955 1404 2009 tantopere
1441 1966 1685 2008 gravamur3
1722 1953 1919 1998 fiduciam

363 2028 475 2072 enim
506 2028 732 2085 plurimam
753 2043 830 2086 per
849 2029 1000 2072 merita
1030 2029 1143 2072 beati
1162 2029 1278 2072 Petri
1298 2030 1497 2073 habemus
1519 2030 1570 2074 de
1589 2031 1916 2088 recuperatione.

363 2105 519 2149 Verum
557 2109 695 2161 tuam,
727 2106 893 2150 domine
923 2107 1133 2163 piissime,
1174 2107 1306 2151 vicem
1347 2121 1423 2164 pro
1456 2107 1598 2151 debita
1626 2108 1705 2151 tibi
1743 2108 1919 2151 caritate

364 2182 644 2239 deploramus,
677 2184 713 2226 si
743 2184 827 2226 tuis
857 2184 902 2226 in
932 2197 1022 2238 nos,
1056 2183 1166 2239 quod
1196 2197 1248 2226 ne
1279 2183 1362 2226 dici
1391 2184 1454 2227 fas
1477 2187 1552 2239 est,
1583 2185 1750 2228 iniuriis
1779 2184 1918 2238 locum

365 2262 408 2303 et
437 2260 696 2303 occasionem
727 2260 875 2303 alienis
906 2261 1047 2317 parias
1079 2259 1303 2303 beneficiis.

483 2335 616 2388 Quam
648 2337 700 2380 ob
733 2351 821 2380 rem
852 2337 1028 2394 pedibus
1059 2337 1141 2380 tuis
1173 2351 1257 2380 una
1288 2337 1505 2381 devotione
1537 2337 1759 2394 provoluti,
1795 2338 1918 2381 unice

365 2414 695 2457 misericordiam
717 2417 834 2457 tuam
856 2414 1119 2458 obsecramus
1142 2417 1183 2457 et
1203 2414 1481 2459 obtestamur:
1504 2417 1550 2457 ut
1565 2428 1715 2458 causae
1734 2417 1916 2470 nostrae,

366 2490 433 2532 cui
463 2490 576 2533 Deus
613 2491 727 2534 favet
758 2495 799 2534 et
829 2491 1016 2547 iusticia,
1057 2491 1225 2548 pietatis
1257 2495 1353 2534 tuae
1384 2492 1503 2534 favor
1535 2478 1917 2546 adesse'dignetur,

364 2580 537 2622 remque
575 2571 761 2610 nostram
791 2569 836 2610 in
876 2569 1101 2625 pristinum
1139 2571 1295 2611 statum
1333 2569 1553 2612 restituere
1594 2582 1679 2612 non
1715 2569 1915 2623 graveris.

365 2644 453 2687 Hec
482 2644 667 2700 profecto
700 2645 768 2687 via
798 2649 873 2701 031,
906 2653 1009 2701 qua⁰
1042 2645 1094 2688 ad
1126 2646 1307 2688 divinam
1331 2646 1522 2702 proxime
1544 2646 1738 2689 accedere
1759 2646 1917 2703 poteris

364 2721 732 2778 propiciationem;
764 2722 840 2765 hec
870 2723 977 2766 ratio
1010 2726 1085 2778 est,
1119 2736 1199 2778 qua
1229 2723 1273 2765 in
1294 2723 1612 2777 congregatione
1633 2723 1930 2767 deditissimad·

366 2802 408 2841 et
438 2797 709 2841 devotissima
747 2802 788 2841 01
826 2800 990 2842 animae
1026 2803 1123 2842 tuae
1160 2803 1349 2843 eternum
1385 2798 1641 2856 praesidium
1681 2803 1723 2843 et
1757 2798 1937 2843 nomini'

365 2878 437 2917 tuo
468 2881 671 2931 1101011110Β
703 2876 964 2931 comparabis
995 2876 1309 2920 monimentum.

459 2977 484 2998 a.
517 2968 722 2999 vindicaverat
737 2969 770 2999 Z.
827 2969 856 2998 b.
885 2969 1056 3007 fugissetV.
1110 2980 1136 3000 c.
1165 2979 1222 3009 que
1238 2970 1271 3001 Z.
1325 2970 1355 3000 d.
1383 2971 1603 3001 deditssimaV.
1668 2981 1693 3001 e.
1720 2971 1915 3010 perhenneV.
