2028 3438
428 261 593 293 nnoms
625 262 732 292 VITA
764 261 974 292 orroms
1022 262 1109 292 mn.
1132 262 1166 292 11
1199 259 1291 292 5-7
1563 251 1649 293 629

0 264 8 295 ἰ

0 298 7 331 ι,

0 333 11 419 i*
73 367 516 413 mertare->solebant
535 391 590 398 —
615 372 658 412 et
688 381 764 425 pro
798 368 876 412 hoc
906 369 1064 413 scelere
1095 369 1291 426 specialis
1322 369 1558 426 penitentia
1589 369 1650 413 eis
1677 379 1770 416 1124

0 426 9 544 ἓ
73 446 372 491 iniuncta-cst.
496 445 777 501 Singulariter
808 460 906 501 ergo
930 446 1022 502 viri,
1056 447 1327 502 singulariter
1352 447 1507 490 femine
1530 460 1649 490 sacro

0 557 41 575 ‚⁷
75 523 354 569 abluebantur
373 523 529 579 ¹fonte,
571 523 791 581 obpansis,
830 529 878 568 ut
914 528 1168 581 oportunum
1207 528 1318 579 erat,
1359 525 1471 568 circa
1510 525 1650 581 bapti-

0 623 4 656 ;
73 602 262 646 sterium·
281 601 410 657 velis,
450 604 568 645 tanto
607 601 659 645 ab
691 602 871 646 invicem
917 603 1059 659 spacio
1092 603 1263 658 semoti,
1305 605 1351 646 ut
1381 602 1499 646 nulla
1529 615 1650 646 scan-

71 679 162 724 dali
192 679 368 724 alicuius
399 679 563 723 occasio
595 679 692 723 hinc
723 680 879 723 oboriri
911 684 1066 737 posset.

170 756 351 812 ἶιγ64νέΑεί
376 756 706 801 confirmandam
730 772 828 801 vero
861 758 921 815 pii
944 758 1110 802 Ottonis
1142 758 1472 815 predicationem
1497 756 1650 801 celeste

0 837 2 840 ’
72 835 315 893 prodigium
342 848 440 879 *non
472 835 629 891 defuit,
669 836 781 891 quod
813 838 1117 892 consequenter
1147 835 1215 879 hic
1246 835 1375 879 inseri
1407 835 1508 878 ordo
1540 834 1650 878 rela-

73 913 211 958 tionis.
232 913 376 969 exigit.
424 912 534 957 Nam
561 914 608 956 in
641 914 786 957 eodem
820 918 957 957 castro
980 913 1133 957 Gamin
1167 913 1318 956 mulier
1349 913 1542 969 quedam,
1576 926 1650 956 no·

73 990 318 1046 bilitatore‘t
355 991 514 1035 divitiis
553 991 793 1048 prepollens
839 992 913 1036 sed
949 992 1111 1035 inimici
1151 991 1418 1035 suasionibus
1463 991 1649 1047 seducta,

73 1069 257 1127 piissimi
288 1068 469 1127 apostoli
490 1069 556 1113 sui
576 1069 812 1113 doctrinam
846 1083 920 1126 pro
942 1069 1097 1113 nichilo
1125 1069 1307 1113 habebat
1337 1073 1379 1113 et
1393 1066 1528 1114 *verba
1560 1046 1674 1113 eius'

0 1157 2 1162 ’
74 1151 331 1204 postponens
360 1147 482 1203 sequi
512 1147 695 1191 nolebat.
741 1147 861 1191 Unde
892 1149 1003 1192 inter
1036 1147 1119 1191 alia
1140 1151 1405 1204 contemptus
1439 1151 1481 1191 et
1509 1152 1649 1191 trans-

73 1225 493 1282 gressionisindicia,
526 1225 736 1269 dominica
759 1226 826 1269 die
849 1226 1009 1269 cunctis
1031 1226 1296 1280 feriantibus,
1319 1226 1413 1282 ipsa
1435 1226 1478 1268 in
1500 1239 1648 1280 agrum

69 1312 245 1359 egressa
273 1302 460 1348 metebat
491 1307 554 1359 et,
594 1304 851 1348 reclamante
890 1317 938 1347 ac
977 1304 1226 1360 prohibente
1267 1303 1450 1359 familia,
1491 1304 1650 1347 irreve-

73 1382 184 1426 r'en‘ti
205 1385 248 1427 et
277 1381 480 1426 infronito
502 1382 644 1425 animo
665 1386 787 1439 cepto
810 1382 927 1438 operi
949 1382 1149 1425 instabat.
1195 1381 1276 1425 Sed
1309 1382 1404 1439 pius
1426 1381 1648 1437 Dominus,

72 1461 151 1518 qui
175 1460 520 1518 predicatoribus
561 1460 648 1503 suis
688 1460 879 1517 polliceri
911 1460 1108 1515 dignatus
1149 1462 1214 1503 est
1245 1459 1410 1503 dicens:
1454 1460 1542 1513 Qui
1577 1476 1649 1503 vos

73 1541 199 1583 audit·
223 1554 296 1582 'me
318 1540 461 1591 audit,
502 1547 539 1582 et
571 1541 647 1595 qui
675 1554 747 1581 vos
780 1541 942 1596 spernit
971 1554 1035 1581 me
1065 1541 1228 1596 spernit
1240 1534 1263 1591 ¹,
1306 1538 1490 1581 evidenti
1522 1538 1650 1581 mira-

71 1617 168 1661 culo
198 1617 257 1661 ad·
284 1617 587 1661 correctionem
621 1616 797 1659 aliorum
820 1616 1101 1673 despectionis
1133 1616 1257 1659 huius
1281 1616 1434 1660 vindex
1463 1619 1505 1659 et
1525 1616 1651 1660 casti-

74 1699 194 1752 gator
230 1695 367 1740 factus
406 1698 482 1739 est.
535 1693 646 1738 Nam
678 1694 778 1737 dum
815 1694 969 1738 mulier
999 1694 1147 1738 infelix
1184 1694 1458 1751 pertinaciter
1488 1694 1649 1738 nefario

74 1774 194 1832 operi
223 1772 486 1817 incumberet
517 1786 566 1816 ac
596 1772 756 1816 familie
789 1786 886 1828 sue,
926 1779 1022 1816 cura
1055 1786 1148 1815 eam
1178 1772 1379 1816 adiuvare
1404 1772 1649 1829 negligeret,

69 1852 238 1896 'tumida
280 1851 605 1895 comminatione
646 1852 943 1908 exprobraret,
992 1851 1130 1894 subito
1174 1850 1361 1907 collapsa
1402 1854 1648 1906 retrorsum,

74 1929 187 1974 dicto
208 1929 333 1974 citius
363 1929 597 1986 exspiravit
624 1942 908 1985 magnumque
941 1929 1176 1973 astantibus
1208 1929 1426 1972 horrorem
1457 1929 1647 1973 incussit.

0 2025 4 2028 ’
74 2007 258 2065 Moxque
296 2021 322 2052 a
358 2007 521 2051 familia
559 2007 785 2064 plangente
825 2011 866 2051 et
906 2007 1096 2051 ululante
1135 2006 1271 2050 loculo
1311 2007 1532 2064 imposita,
1574 2021 1650 2064 per

75 2099 241 2130 omnem
275 2085 458 2130 civitatis
500 2085 703 2130 ambitum
737 2099 831 2129 cum
862 2084 1125 2129 lamentabili
1158 2086 1431 2140 exequiarum
1464 2085 1649 2128 celebra-

74 2165 190 2208 tione
221 2163 604 2208 circumferebatur.
653 2162 908 2219 Cunctisque
939 2167 1026 2207 tam
1049 2164 1320 2207 manifestum
1345 2163 1425 2207 Dei
1446 2163 1648 2206 iudicium

75 2242 492 2300 pertimescentibus,
530 2242 716 2285 universi
757 2243 798 2284 in
833 2241 914 2285 fide
947 2245 988 2285 et
1019 2242 1220 2296 religione
1253 2242 1482 2285 christiana
1514 2241 1648 2296 magis

75 2333 126 2364 ac
155 2321 290 2375 magis
322 2319 691 2364 confirmabantur.

195 2399 235 2441 7.
283 2397 536 2453 Progressus
592 2398 734 2453 itaque
792 2397 1006 2454 apostolus
1050 2397 1380 2441 Pomeranorum
1430 2396 1545 2439 venit
1596 2395 1648 2439 ad

74 2476 229 2520 urbem·
260 2489 456 2531 magnam
497 2475 624 2530 Iulin,
674 2474 744 2518 ubi
784 2475 926 2518 Odora
970 2474 1122 2518 fluvius
1170 2474 1447 2532 preterfluens
1485 2471 1648 2517 lacum²

75 2557 194 2598 vaste
214 2553 488 2609 longitudinis
521 2567 570 2597 ac
599 2553 837 2596 latitudinis
868 2553 970 2596 facit
1000 2553 1169 2608 illicque
1193 2567 1309 2596 mare
1333 2552 1482 2595 influit.
1524 2551 1646 2595 Cives

77 2634 216 2676 autem
247 2631 330 2675 loci
367 2631 481 2674 illius
512 2631 702 2674 crudeles
735 2635 855 2674 erant
886 2634 927 2674 et
958 2631 1092 2687 impii.
1147 2630 1268 2674 Unde
1301 2635 1342 2674 et
1380 2631 1475 2687 pius
1509 2630 1646 2686 predi-

76 2712 206 2765 cator,
238 2723 391 2765 magno
417 2709 517 2753 illuc
548 2709 699 2766 capitis
733 2709 797 2751 sui
827 2708 1013 2765 periculo
1047 2709 1275 2764 ingressus,
1309 2712 1465 2752 certam
1499 2708 1646 2751 mortis

77 2787 433 2844 exspectationem
472 2800 566 2830 cum
606 2774 695 2830 'suis
727 2787 920 2829 omnibus
962 2786 1154 2830 habebat.
1278 2786 1369 2830 Mos
1410 2789 1550 2830 autem
1583 2789 1647 2829 est

0 2907 6 2919 ἓ
75 2865 259 2920 regionis
298 2864 435 2919 illius,
475 2869 523 2908 ut
560 2865 756 2922 princeps
795 2868 906 2908 terre
945 2864 989 2906 in
1029 2863 1206 2919 singulis
1238 2865 1388 2908 castris
1429 2863 1644 2920 propriam

174 2975 201 2995 a.
235 2966 314 2995 circa
340 2964 370 2996 0.

174 3030 205 3064 1.
231 3029 319 3065 Luc.
340 3029 395 3074 10,
424 3030 479 3065 16.
767 3029 800 3063 2.
834 3027 900 3063 das
925 3027 1022 3063 Haff.
