2028 3438
273 348 366 387 1125

392 225 447 267 18
898 225 1119 267 tmfflum
1148 234 1316 267 connx.
1364 233 1394 267 1.
1408 233 1431 268 2

509 340 590 384 Dic
619 341 761 396 igitur,
791 340 923 384 lector
953 340 1212 384 dulcissime:
1247 340 1336 394 Qui
1350 340 1446 396 fuit
1475 348 1621 382 auctor

459 416 462 418 ’
510 418 638 462 Istius
670 419 781 472 libri,
814 420 869 461 eit
896 420 1114 475 propicius
1143 418 1261 461 Deus
1291 417 1382 468 illi,-

512 494 729 552 scriptori
753 497 927 552 pariter.
977 493 1053 550 Sit,
1084 494 1228 549 lector,
1259 507 1344 554 pax
1374 493 1453 537 tibi
1484 505 1662 549 semper,

510 571 713 615 Omnibus
744 574 870 627 atque
900 571 1033 627 bonis,
1065 570 1246 614 Domino
1275 572 1531 636 praestante,
1561 568 1736 623 fruaris3

437 659 477 691 25
509 647 588 691 Cui
616 648 756 704 decus,
787 649 1026 706 imperium,
1057 648 1149 691 laus
1181 650 1258 703 est,
1288 647 1422 690 honor
1452 659 1574 690 omne
1602 659 1680 703 per
1710 657 1846 689 evum.

395 841 441 888 2.
482 842 811 900 Inscriptionum
841 843 1129 901 epistolarium
1160 842 1389 899 exempla&
1609 865 1612 869 ’
1759 839 1811 893 (Ε
1831 838 1852 884 Ι
1872 839 1946 894 22)

493 935 728 993 Incipiunt
759 947 1070 984 salutationes
1103 946 1417 993 epistolarum.
1465 943 1697 981 Salutatio
1726 954 1853 991 pape.

486 1022 554 1060 N.b
579 1024 772 1070 episcopus
796 1034 923 1061 servus
949 1034 1134 1060 servorum
1151 1023 1221 1059 Dei
1245 1021 1412 1059 omnibus
1435 1021 1622 1058 ortodoxis
1645 1019 1818 1057 fratribus
1835 1008 1948 1057 archi-

394 1086 575 1134 episcopis
605 1089 786 1134 episcopis
818 1088 1011 1125 abbatibus
1043 1092 1153 1134 atque
1185 1087 1366 1124 universis
1391 1089 1539 1123 sanctae
1563 1086 1739 1123 ecclesiae
1762 1084 1949 1122 ordinibus

394 1153 549 1189 salutem
573 1155 611 1189 et
635 1154 871 1200 apostolicam
895 1153 1198 1190 benedictionem.
1292 1151 1496 1197 Episcopus
1521 1161 1550 1187 s.
1569 1161 1599 1187 s.
1615 1151 1660 1187 D.
1677 1150 1721 1187 N.
1739 1151 1824 1188 olim
1851 1150 1949 1187 dicto

395 1218 567 1264 episcopo
599 1221 636 1253 et
660 1217 877 1263 sequacibus
903 1218 996 1263 suis,
1028 1228 1121 1263 quae
1146 1220 1340 1252 merentur.
1435 1216 1639 1263 Episcopus
1663 1226 1692 1252 s.
1714 1226 1743 1252 s.
1765 1216 1811 1252 D.
1836 1215 1950 1252 archi-

395 1283 576 1328 episcopis
608 1283 788 1328 episcopis
814 1282 1008 1319 abbatibus
1031 1283 1069 1318 in
1093 1281 1212 1318 Gallia
1235 1281 1459 1326 constitutis,
1493 1280 1555 1326 qui
1578 1279 1616 1316 in
1639 1277 1778 1327 gremio
1801 1283 1951 1317 sanctae

395 1347 582 1383 Romanae
613 1348 789 1383 ecclesiae
818 1357 1031 1393 permanere
1062 1347 1249 1391 videntur,
1282 1356 1310 1381 s.
1336 1347 1373 1381 et
1397 1355 1431 1381 a.
1447 1343 1485 1381 b.
1580 1342 1785 1392 Episcopus
1806 1356 1838 1382 s.
1857 1356 1886 1382 s.
1902 1345 1950 1381 D.

396 1411 564 1448 omnibus
605 1411 887 1458 archiepiscopis
926 1412 1128 1458 episcopis⁶
1162 1409 1358 1447 abbatibus
1395 1408 1550 1446 ducibus
1588 1410 1855 1448 marchionibus
1892 1420 1951 1447 co-

395 1476 545 1512 mitibus
573 1476 813 1522 omnibusque
845 1477 1077 1513 christianam
1107 1474 1240 1512 fidemd
1265 1478 1302 1511 et
1324 1474 1424 1510 beati
1447 1475 1546 1510 Petri
1575 1475 1748 1522 principis
1771 1475 1951 1525 apostolo-

395 1546 497 1576 rum⁰
522 1541 724 1577 doctrinam
755 1540 1034 1577 defendentibus
1065 1543 1103 1576 et
1132 1539 1412 1576 observantibus
1435 1540 1473 1575 in
1497 1540 1595 1575 omni
1619 1549 1732 1586 regno
1756 1539 1952 1577 Theutoni-

396 1615 520 1641 corum
552 1606 708 1641 salutem
739 1608 777 1641 et
801 1607 1045 1651 apostolorum
1070 1605 1260 1641 beatorum
1285 1604 1383 1640 Petri
1406 1606 1444 1639 et
1466 1604 1569 1640 Pauli
1592 1603 1883 1641 benedictionem
1915 1607 1953 1641 et

397 1670 558 1706 omnium
583 1673 815 1716 peccatorum
841 1670 1116 1707 absolutionem.
1211 1669 1414 1714 Episcopus
1439 1679 1468 1705 s.
1486 1680 1515 1705 s.
1533 1669 1579 1706 D.
1596 1669 1729 1706 dilecto
1752 1669 1790 1706 in
1804 1669 1952 1706 Christo

395 1733 469 1770 filio
496 1734 552 1770 .N.
577 1734 820 1770 Romanorum
845 1735 1053 1780 imperatori
1079 1736 1237 1780 augusto
1261 1744 1291 1770 s.
1308 1737 1347 1770 et
1370 1746 1403 1771 a.
1421 1734 1456 1771 b.

437 1845 670 1882 Salutatio
695 1845 820 1891 regis
845 1846 919 1882 vel
943 1846 1242 1891 imperatoris
1267 1845 1322 1881 ad
1345 1856 1505 1892 papam
1530 1850 1577 1883 et
1599 1846 1654 1882 ad
1676 1847 1914 1883 Romanos.

491 1928 635 1964 Domno
669 1928 724 1965 .N.
758 1938 898 1964 summo
935 1926 1098 1973 pontifici
1131 1928 1186 1964 .N.
1217 1929 1288 1964 Dei
1322 1930 1442 1975 gratia
1477 1930 1722 1966 Romanorum
1757 1928 1953 1975 imperator

398 1996 578 2039 augustus
609 1992 851 2029 obedientiam
884 1995 921 2028 et
951 1988 1181 2028 dilectionem
1206 1990 1251 2028 ¹in
1276 1993 1419 2030 Christo
1442 1994 1553 2030 velud
1583 1994 1678 2039 patri
1704 1992 1812 2030 filius.
1906 1993 1951 2030 N.

398 2058 468 2093 Dei
492 2057 610 2103 gratia
632 2057 877 2093 Romanorum
902 2056 1116 2103 imperatorf
1138 2057 1347 2094 consulibus
1370 2059 1511 2095 senatui
1527 2059 1661 2105 populo
1677 2058 1852 2104 Romano,
1877 2068 1952 2094 ma-

398 2121 535 2158 ioribus
560 2124 598 2158 et
621 2121 830 2167 minoribus,
854 2122 1010 2168 gratiam
1035 2132 1138 2158 suam
1163 2132 1245 2158 cum
1265 2122 1363 2159 bona
1385 2124 1586 2160 voluntate.
1680 2123 1724 2160 N.
1741 2122 1812 2160 Dei
1835 2123 1954 2169 gratia

398 2188 644 2223 Romanorum
675 2187 871 2233 imperator
902 2186 1105 2232 augustus&
1130 2187 1184 2222 .N.
1209 2187 1334 2232 regine
1358 2187 1560 2234 Anglorum
1592 2188 1746 2224 salutem
1779 2190 1818 2224 et
1846 2198 1953 2224 omne

399 2251 547 2287 bonum.
643 2252 686 2288 N.
711 2252 782 2287 Dei
805 2252 925 2297 gratia
948 2261 1011 2287 rex
1036 2252 1132 2288 clero
1156 2252 1363 2298 populoque
1386 2253 1569 2298 Romano,
1600 2252 1795 2289 maioribus
1827 2255 1865 2288 et
1889 2253 1952 2288 mi-

399 2315 560 2362 noribus,
584 2316 724 2362 gratiae
748 2327 836 2352 suae
861 2319 899 2352 et
922 2316 1057 2362 optime
1081 2317 1279 2353 voluntatis
1304 2317 1586 2354 sincerissimum
1610 2317 1792 2353 affectum.

967 2427 1200 2478 Salutatio
1228 2427 1388 2474 regish.

495 2508 539 2544 N.
556 2508 765 2554 imperatori
791 2510 846 2546 .N.
872 2509 942 2546 Dei
964 2511 1083 2556 gratia
1105 2520 1170 2546 rex
1194 2509 1395 2555 Anglorum
1419 2510 1546 2546 intimo
1570 2519 1637 2546 suo
1661 2510 1891 2547 dilectionem
1915 2514 1953 2547 et

400 2582 524 2608 veram
556 2573 763 2609 amicitiam.
870 2575 914 2610 N.
938 2575 1046 2610 matri
1075 2585 1140 2611 sue
1166 2575 1220 2611 .N.
1245 2575 1315 2610 Dei
1346 2575 1464 2620 gratia
1494 2584 1558 2610 rex
1588 2583 1634 2610 ex
1663 2577 1742 2611 toto
1765 2574 1876 2611 corde
1899 2574 1951 2610 di-

400 2637 592 2673 lectionem
625 2641 663 2673 et
695 2638 726 2673 si
756 2638 844 2683 quid
874 2641 930 2675 est
961 2640 1088 2675 melius
1121 2642 1158 2675 et
1185 2640 1290 2676 ultra.
1385 2639 1429 2676 N.
1455 2649 1528 2675 non
1552 2639 1764 2684 usurpative
1795 2639 1862 2675 sed
1891 2639 1954 2685 pia

401 2700 471 2736 Dei
494 2701 718 2738 ordinatione
742 2712 807 2739 rex
832 2703 886 2739 .N.
912 2714 985 2740 non
1009 2704 1081 2740 iam
1106 2704 1304 2750 apostolico
1329 2703 1395 2740 sed
1418 2702 1511 2740 falso
1535 2703 1724 2739 monacho.

494 2870 521 2891 a.
553 2871 590 2891 ex
609 2861 764 2898 V3-4v,
787 2863 816 2892 Z
831 2874 862 2902 p.
876 2864 992 2900 6—10,
1019 2863 1045 2894 C
1062 2865 1152 2894 1-3,
1235 2863 1264 2893 b.
1292 2863 1325 2893 Ε.
1348 2863 1379 2893 V.
1463 2872 1488 2893 c.
1515 2863 1656 2903 sequitur
1669 2862 1781 2894 iterum
1803 2872 1850 2902 ep.
1865 2862 1900 2893 in
1921 2863 1952 2894 V.

403 2913 432 2943 d.
463 2923 519 2943 om.
534 2913 569 2944 Z.
693 2924 719 2943 e.
750 2914 841 2944 fidem
863 2917 893 2945 et
914 2916 985 2946 add.
1001 2916 1035 2946 Z.
1149 2916 1170 2946 f.
1202 2925 1254 2945 rex
1275 2916 1310 2946 Z.
1423 2925 1451 2953 g.
1484 2925 1540 2946 om.
1558 2916 1589 2946 V.
1703 2916 1734 2946 h.
1765 2915 1821 2946 hoc
1843 2915 1952 2946 lemma

402 2974 459 2995 om.
474 2965 508 2996 Z.
