2028 3438
430 243 517 286 750
812 256 1049 288 HERBORDI
1078 256 1319 288 DIALOGUS.
1365 257 1454 287 LIB.
1476 258 1510 287 11
1539 255 1572 289 6.
1591 255 1612 291 7

311 370 401 405 1121
430 360 579 416 Sicque
609 374 685 418 per
705 361 928 405 triennium
963 362 1092 405 dilata
1122 365 1185 406 est
1215 362 1458 419 predicatio,
1491 362 1593 405 duce
1622 362 1716 419 ipso
1747 361 1849 406 satis
1881 376 1977 418 egre

426 437 585 481 ferente
616 437 871 482 dilationem.

258 531 288 556 c.
311 522 402 557 1123
547 515 585 557 6.
634 515 833 570 Tandem,
865 515 1067 558 instinctu
1098 515 1333 558 admonitus
1365 514 1519 569 divino,
1554 514 1606 557 ad
1635 514 1713 558 hoc
1733 528 1837 572 opus
1859 515 1977 559 Otto-

426 604 522 634 nem
543 590 930 646 Babenbergensem
964 591 1219 648 episcopum,
1252 592 1368 634 cuius
1398 595 1498 634 tunc
1527 585 1642 634 fama
1670 591 1754 635 late
1773 592 1818 635 in
1837 593 1977 648 regnis

428 667 608 711 effloruit
639 693 690 698 -
727 682 773 711 eo
813 668 923 723 quod
962 671 1003 711 et
1039 667 1169 723 hunc,
1209 668 1252 710 in
1293 667 1571 711 adolescentia
1609 668 1698 711 eius
1736 669 1849 725 patri
1878 666 1977 712 8110ι

426 744 631 801 capellani
661 758 776 787 more
809 745 1118 800 obsequentem,
1149 747 1293 787 notum
1326 748 1367 787 et
1397 757 1537 787 carum
1569 744 1762 788 habuerit
1781 769 1836 776 -—
1867 745 1976 788 invi-

425 825 515 864 tare
546 821 749 875 decrevit3
784 824 1035 877 oportunum
1066 822 1154 864 fore
1186 824 1421 875 autumans,
1453 834 1547 864 cum
1580 821 1654 864 tali
1674 821 1764 864 viro
1795 824 1838 865 et
1867 820 1975 864 anti-

426 910 528 952 quas
566 911 769 941 renovare
801 898 1006 941 amicitias
1039 901 1080 941 01
1109 901 1196 941 13111
1227 899 1360 941 8311011
1392 898 1528 954 operis
1560 898 1738 952 gratiam
1768 897 1880 941 illius
1910 899 1974 942 in-

425 974 594 1028 iungere
626 975 850 1017 sanctitati.
897 974 1068 1018 Mittens
1106 988 1203 1029 ergo
1233 974 1392 1029 legatos
1432 978 1473 1018 et
1503 988 1697 1031 munera,
1738 975 1906 1032 scripsit
1937 975 1974 1018 ei

426 1050 585 1093 litteras
618 1051 843 1093 secundum
875 1051 1002 1094 verba
1032 1051 1126 1094 hec:
1875 1055 1877 1057 ’

434 1117 437 1120 ’
544 1127 751 1182 „Domino
791 1141 865 1170 suo
908 1131 949 1170 et
985 1127 1096 1183 patri
1135 1127 1421 1170 amantissimo
1454 1127 1597 1170 Ottoni
1628 1126 1855 1170 venerabili
1885 1128 1972 1184 epi-

423 1216 547 1259 scopo
578 1203 796 1246 Bolezlaus
828 1204 912 1246 dux
943 1203 1193 1247 Polonorum
1226 1203 1364 1246 filialis
1396 1203 1583 1258 obsequii
1618 1203 1816 1247 humilem
1849 1204 1973 1247 devo-

421 1280 590 1322 tionem.
720 1280 826 1331 Quia
863 1281 906 1323 in
938 1281 1082 1324 diebus
1122 1280 1349 1324 iuventutis
1387 1284 1457 1323 tue
1489 1279 1599 1336 apud
1639 1283 1801 1336 patrem
1832 1294 1970 1324 meum

422 1357 717 1400 decentissima
753 1361 795 1400 te
826 1357 1043 1400 honestate
1075 1360 1361 1400 conversatum
1394 1356 1566 1399 memini
1598 1359 1639 1399 et
1669 1370 1779 1400 nunc
1809 1370 1972 1414 quoque

422 1433 626 1476 Dominus
666 1437 802 1477 tecum
844 1437 926 1488 081,
967 1433 1139 1477 firmans
1178 1438 1219 1477 te
1251 1437 1292 1477 et
1322 1433 1569 1476 benedicens
1600 1433 1677 1476 tibi
1706 1433 1751 1476 in
1782 1434 1971 1478 omnibus

420 1510 500 1552 viis
531 1511 628 1564 tuis,
666 1511 701 1553 si
732 1514 802 1553 tue
832 1524 916 1552 non
947 1510 1140 1566 displicet
1170 1510 1378 1565 dignitati,
1411 1512 1570 1552 veteres
1601 1512 1738 1553 tecum
1769 1524 1971 1554 renovare

422 1586 559 1628 animo
592 1587 729 1629 sedet‘¹
761 1587 965 1629 amicitias
997 1591 1149 1642 tuoque
1181 1586 1353 1629 consilio
1386 1585 1510 1628 simul
1541 1589 1583 1629 et
1613 1587 1768 1630 auxilio
1798 1588 1861 1631 uti
1893 1587 1970 1630 adh

420 1662 500 1705 Dei
545 1662 720 1717 gloriam
764 1663 1113 1719 promovendam,
1160 1663 1292 1719 ipsius
1331 1662 1466 1715 gratia
1503 1663 1788 1707 coadiuvante.
1849 1663 1970 1707 Nosti

421 1739 545 1793 enim,
577 1742 625 1782 ut
655 1739 847 1794 arbitror,
880 1740 1085 1794 quomodo
1113 1739 1437 1783 Pomeranorum
1471 1739 1598 1782 cruda
1630 1739 1854 1795 barbaries,
1887 1754 1969 1783 non

419 1829 514 1857 mea
553 1815 718 1870 quidem
758 1816 830 1858 sed
868 1816 948 1859 Dei
988 1817 1142 1858 virtute
1181 1816 1418 1871 humiliata,
1459 1817 1647 1860 societati
1686 1816 1858 1860 ecclesie
1894 1831 1970 1873 per

420 1891 617 1947 baptismi
653 1892 864 1935 lavacrum
898 1906 942 1935 se
980 1892 1146 1935 admitti
1182 1893 1342 1949 petivit.
1392 1893 1473 1936 Sed
1505 1907 1598 1936 ecce
1638 1907 1713 1950 per
1742 1893 1967 1937 triennium

418 1967 582 2023 laboro,
632 1969 742 2023 quod
788 1969 947 2011 nullum
995 1969 1284 2025 episcoporum
1323 1970 1389 2013 vel
1427 1970 1687 2012 sacerdotum
1725 1971 1966 2013 idoneorum

418 2044 596 2088 michive
627 2044 864 2088 coaffinium
897 2046 948 2088 ad
979 2045 1056 2088 hoc
1088 2059 1191 2101 opus
1222 2046 1417 2089 inducere
1448 2059 1564 2101 queo.
1612 2046 1744 2101 Unde,
1778 2047 1875 2102 quia
1894 2051 1968 2090 tua

419 2122 619 2164 sanctitas
652 2122 703 2164 ad
735 2135 855 2165 omne
887 2135 990 2178 opus
1023 2122 1173 2164 bonum
1207 2126 1403 2179 prompta
1424 2125 1465 2165 et
1484 2123 1694 2166 indefessa
1714 2124 1965 2179 predicatur,

418 2211 633 2252 rogamus,
673 2201 794 2253 pater
825 2199 1130 2242 amantissime:
1169 2213 1253 2241 non
1293 2203 1334 2242 te
1372 2199 1532 2255 pigeat,
1570 2202 1712 2242 nostro
1744 2201 1966 2244 comitante

419 2274 607 2329 servicio,
638 2288 714 2330 pro
735 2275 815 2317 Dei
840 2275 972 2329 gloria
993 2275 1434 2336 tuequehbeatitudinis
1455 2276 1708 2318 incremento
1739 2276 1783 2318 id
1811 2276 1965 2320 laboris

418 2364 641 2393 assumere.
690 2350 770 2393 Sed
804 2354 846 2394 et
876 2364 964 2405 ego,
996 2355 1066 2394 tue
1097 2351 1361 2407 paternitatis
1387 2351 1558 2394 devotus
1579 2352 1772 2407 famulus,
1804 2353 1965 2409 impen-

418 2441 485 2469 sas
517 2440 660 2470 omnes
692 2430 733 2470 et
764 2427 896 2470 socios
927 2428 1089 2470 itineris
1122 2431 1163 2470 et
1192 2427 1332 2481 lingue
1362 2427 1610 2483 interpretes
1640 2431 1682 2470 et
1703 2429 1964 2472 coadiutores

416 2503 682 2558 presbiteros,
716 2506 757 2546 et
788 2517 1029 2559 quecunque
1057 2504 1292 2546 necessaria
1321 2503 1488 2558 fuerint,
1519 2503 1692 2559 prebeo3
1725 2508 1770 2547 tu
1801 2508 1962 2548 tantum

415 2579 557 2622 venire
588 2578 801 2634 dignare“.

534 2656 573 2697 7.
621 2655 697 2698 His
730 2656 901 2710 auditis,
941 2656 1181 2712 episcopus,
1223 2656 1339 2711 quasi
1372 2656 1422 2698 de
1454 2655 1540 2698 celo
1573 2668 1714 2698 vocem
1755 2656 1962 2712 loquentis

415 2729 494 2772 Dei
526 2732 773 2787 accepisset,
811 2736 897 2774 toto
936 2735 1103 2788 pectore
1144 2732 1427 2775 habundantia
1462 2732 1594 2775 letitie
1624 2732 1827 2788 repletus,
1866 2747 1961 2788 gra-

414 2806 495 2848 tias
517 2806 601 2860 egit
619 2807 893 2863 omnipotenti
914 2808 1015 2871 Deo,
1050 2808 1159 2863 quod
1191 2808 1242 2850 ad
1273 2808 1356 2851 tale
1386 2808 1600 2862 negocium
1634 2821 1707 2851 suo
1733 2810 1795 2852 uti
1816 2810 1961 2863 digna—

509 2914 535 2934 a.
568 2905 648 2934 sedit
670 2906 770 2935 NBR.
934 2907 963 2936 b.
995 2907 1033 2937 ad
1053 2923 1082 2927 —
1100 2907 1332 2946 promovendam
1353 2916 1408 2937 om.
1424 2907 1472 2943 N‚·
1496 2907 1599 2946 recepi
1620 2917 1657 2937 ex
1679 2908 1748 2938 BR.

508 2967 540 3002 1.
564 2967 764 3003 Wladislao
789 2969 1007 3005 Hermanno.
