2028 3438
230 375 321 411 1076

198 432 224 455 c.
238 424 299 454 Ian.
313 424 353 454 24

379 242 464 290 104
898 259 1119 291 UDALRICI
1149 259 1316 291 connx.
1365 258 1411 292 48

375 348 562 409 caritatis
601 365 754 409 bonum
789 365 908 421 quasi
947 365 1201 420 singularem
1231 365 1421 410 fidelibus
1453 367 1539 410 suis
1571 368 1931 414 caracter-emh!-

376 439 599 499 presserit¹
630 466 685 472 —
718 442 835 486 cuius
868 442 952 486 rei³
982 443 1222 486 testimonia
1251 442 1375 499 plura
1405 447 1570 499 extant,
1609 452 1736 500 quam
1764 448 1813 492 ut
1841 445 1931 503 epi-

375 519 522 562 stolari
561 518 767 562 brevitate
805 519 1101 576 comprehendi
1141 519 1307 563 valeant
1336 544 1392 550 ——
1424 524 1472 564 tu
1508 535 1530 564 e
1561 522 1793 578 contrario,
1830 522 1930 567 dum

374 596 560 652 profanis
603 596 745 639 studes
775 596 1053 652 novitatibus,
1094 596 1193 639 dum
1223 597 1358 652 magis
1389 597 1529 653 amplo
1561 611 1687 653 quam
1715 598 1929 656 bonoim.)-

374 673 486 716 mine
518 672 750 728 delectaris,
781 673 880 716 dum
911 673 1100 717 inaudita
1121 673 1299 717 elatione
1330 673 1604 718 distenderis*
1625 674 1740 719 velut
1758 675 1930 732 quidam

375 749 547 804 signifer
568 750 790 806 scismatis,
824 750 964 793 omnia
984 750 1172 793 membra
1194 750 1408 806 ecclesiae,
1439 764 1545 807 quae
1571 751 1798 806 secundum
1824 765 1929 810 apo-

374 825 527 869 stolum
570 827 754 882 quietam
792 830 833 870 et
869 826 1138 882 tranquillam
1179 828 1333 871 vitam‘·
1373 830 1468 871 ante
1513 827 1591 871 hec
1626 831 1701 871 tua
1738 831 1930 887 tempora

375 900 588 958 agebant²,
611 903 791 959 superba
811 903 1057 947 crudelitate
1078 903 1317 960 crudelique
1347 904 1545 961 superbia
1573 904 1781 962 lacerasti,
1792 903 1928 957 ,flam-

373 987 567 1035 masque⁶
609 979 864 1023 discordiaed
899 980 942 1023 in
974 980 1162 1023 Romana
1193 981 1367 1024 ecclesia
1402 981 1505 1024 diris
1535 982 1786 1030 factionibus
1817 983 1928 1039 exci-

372 1056 493 1112 tasti,
534 1063 659 1112 quas⁰
689 1070 766 1113 per
796 1070 940 1101 omnes
977 1057 1170 1101 ecclesias
1195 1058 1358 1102 Ytaliae
1385 1046 1639 1102 Germaniae
1670 1057 1850 1107 Galliae‘
1876 1047 1929 1113 ,et

372 1132 614 1190 Hyspaniae
643 1133 785 1176 furiali
815 1133 1025 1177 dementia
1053 1135 1259 1191 sparsisti.
1642 1121 1646 1123 ‚

494 1209 668 1253 Sublata
698 1210 823 1266 enim,
855 1215 1057 1266 quantum
1087 1211 1131 1254 in
1162 1214 1227 1254 teg
1256 1211 1348 1267 fuit,
1381 1212 1494 1255 omni
1517 1200 1725 1269 potestate
1756 1211 1814 1257 ab,
1838 1213 1927 1273 epi-

372 1287 510 1343 scopis
543 1310 597 1316 —-
638 1301 718 1343 que
757 1287 816 1331 eis
857 1287 1057 1331 divinitus
1095 1301 1171 1345 per
1216 1288 1395 1343 gratiam
1435 1288 1616 1345 Spiritus
1654 1289 1809 1346 sancti,
1855 1290 1927 1346 qui

370 1364 555 1407 maxime
593 1364 638 1407 in
675 1364 1007 1408 ordinationibus
1049 1368 1265 1422 operatur,
1306 1365 1457 1409 collata
1487 1379 1578 1410 esse
1609 1366 1839 1413 dinoscitur
1869 1390 1925 1396 —

372 1441 567 1496 omnique
598 1455 738 1484 rerum
770 1442 1144 1485 ecclesiasticarum
1186 1442 1565 1498 amministracione
1603 1443 1765 1499 plebeio
1794 1443 1927 1487 furori

370 1531 447 1574 per
477 1521 520 1561 te
554 1518 774 1572 attributa3
815 1519 914 1562 dum
944 1532 1066 1562 nemo
1097 1519 1181 1562 iam
1215 1519 1339 1562 alicui
1370 1520 1589 1577 episcopus
1620 1523 1692 1565 aut
1720 1511 1927 1577 presbiter

372 1597 455 1650 est,
487 1595 569 1637 nisi
601 1595 672 1650 qui
702 1595 801 1638 hoch
832 1596 1125 1651 indignissima
1156 1597 1436 1640 assentatione
1467 1610 1489 1640 a
1520 1597 1633 1640 fastu
1661 1598 1750 1641 tuo¹
1785 1611 1925 1642 emen-

371 1671 546 1725 dicavit3
587 1685 751 1716 omnem
791 1673 1043 1729 apostolicae
1074 1673 1349 1717 institutionis
1380 1674 1566 1728 vigorem
1603 1674 1801 1731 illamque
1831 1674 1925 1732 pul-

371 1748 645 1792 cherrimamk
690 1750 971 1802 membrorum
1011 1749 1168 1793 Christi
1207 1750 1563 1806 distributionem,
1612 1765 1737 1807 quam
1783 1752 1927 1803 doctor

370 1826 557 1880 gentium
593 1826 747 1869 totiens
786 1827 1050 1870 commendat
1090 1831 1131 1871 et
1162 1824 1378 1883 inculcat³,
1418 1828 1648 1872 miserabili
1685 1829 1926 1873 confusione

369 1902 587 1946 miscuisti.
637 1902 788 1959 Sicque
823 1917 899 1960 per
935 1904 1011 1947 hec
1041 1907 1114 1947 tua
1154 1904 1335 1959 gloriosa
1366 1905 1554 1961 decreta,
1587 1905 1827 1962 quodsine
1864 1906 1925 1950 la-

370 1980 511 2023 crimis
543 1980 625 2023 dici
655 1994 740 2023 non
769 1983 920 2037 potest,
953 1980 1107 2024 Christi
1136 1981 1224 2024 fere
1244 1995 1396 2025 nomen
1418 1982 1555 2038 periit.
1662 1982 1762 2034 Quis
1785 1985 1924 2028 autam

369 2056 488 2099 illud·
527 2070 604 2113 pro
639 2057 887 2112 indignitate
918 2058 979 2101 rei
1009 2065 1127 2101 nonm
1159 2061 1346 2115 stupeat,
1388 2059 1497 2114 quod
1532 2060 1925 2116 novaquuandam

368 2133 680 2190 indebitamque
711 2135 941 2190 potentiam
972 2135 1048 2179 tibi
1081 2135 1319 2192 usurpando
1351 2149 1541 2192 arrogas,
1581 2139 1629 2179 ut
1662 2136 1803 2189 debita
1831 2137 1925 2180 uni-

369 2224 515 2254 versae
552 2211 808 2254 fraternitati
843 2212 937 2255 iura
981 2212 1197 2256 destruas?
1250 2212 1418 2256 Asseris
1465 2213 1596 2256 enim:
1644 2213 1924 2270 cuiuscunque

368 2291 559 2332 nostrum
590 2289 854 2344 parrochiani
886 2289 1055 2345 aliquod
1086 2289 1281 2332 delictum
1317 2289 1383 2332 vel
1413 2290 1503 2333 sola
1530 2290 1644 2334 fama
1673 2291 1727 2334 ad
1756 2294 1798 2334 te
1827 2305 1923 2348 per-

369 2365 523 2420 veniat,
555 2365 666 2408 ultra
696 2366 780 2409 iam
812 2380 896 2409 non
926 2366 1078 2410 habere
1110 2380 1360 2422 quemquam
1391 2370 1580 2410 nostrum
1617 2367 1799 2424 aliquam
1828 2371 1922 2425 pot-

370 2445 546 2485 estatem
587 2442 654 2485 vel
691 2443 851 2498 ligandi
890 2450 1009 2486 eum¹¹
1048 2443 1115 2487 vel
1161 2443 1348 2486 solvendi
1394 2447 1560 2500 praeter
1577 2448 1639 2488 'te
1677 2444 1812 2488 solum
1851 2449 1923 2489 aut

370 2531 478 2574 eum,
501 2533 624 2574 quem
646 2523 691 2562 tu
714 2520 974 2576 specialiter⁰
997 2520 1050 2563 ad
1069 2520 1148 2563 hoc
1169 2519 1382 2574 delegeris
1430 2520 1517 2571 Que
1547 2522 1754 2565 sententia
1773 2529 1921 2578 quamv

459 2657 487 2677 a.
519 2656 574 2678 om.
594 2648 623 2679 V.
748 2649 777 2678 b.
811 2650 980 2679 ostenderis
998 2650 1055 2679 VZ.
1174 2659 1200 2679 c.
1231 2650 1366 2679 flammas
1388 2649 1458 2687 quia
1485 2649 1519 2680 G.
1638 2651 1667 2680 d.
1699 2659 1773 2689 quas
1795 2650 1865 2682 add.
1884 2651 1920 2682 G.

369 2709 395 2730 e.
427 2709 484 2730 om.
502 2699 538 2730 G.
621 2700 641 2730 f.
675 2702 804 2731 om.VZ.
886 2711 915 2740 g.
946 2703 978 2733 in
998 2705 1029 2732 te
1051 2712 1107 2732 om.
1126 2702 1160 2732 G.
1249 2702 1280 2732 h.
1315 2702 1372 2732 hac
1400 2702 1434 2732 G.
1528 2703 1548 2732 i.
1580 2711 1635 2732 suo
1663 2703 1698 2733 G.
1791 2703 1821 2734 k.
1852 2704 1918 2743 pul-

368 2752 524 2783 cen-imam
542 2753 572 2783 V.
697 2753 717 2782 l.
751 2763 807 2783 om.
823 2755 852 2784 V.
977 2765 1016 2785 m.
1049 2764 1105 2785 om.
1124 2755 1158 2785 G.
1292 2764 1323 2784 n.
1355 2764 1411 2784 om.
1430 2754 1464 2784 G.
1600 2765 1628 2785 o.
1661 2756 1857 2795 spiritualiter
1883 2757 1918 2787 G.

367 2814 398 2844 p.
429 2805 510 2844 quod
538 2804 572 2834 G.

463 2868 496 2902 1.
521 2867 596 2902 Ioh.
617 2868 672 2912 13,
690 2868 753 2903 35:
782 2869 845 2914 „In
869 2869 937 2904 hoc
962 2873 1182 2914 cognoscent
1206 2880 1342 2915 omnes,
1368 2870 1453 2914 quia
1478 2870 1643 2916 discipuli
1667 2872 1738 2906 mei
1763 2872 1860 2918 estis,
1886 2873 1918 2908 si
1983 2892 1992 2898 -

368 2925 595 2971 dilectionem
613 2925 810 2962 habueritis
835 2928 881 2963 ad
903 2929 1093 2964 invicem“.
1190 2930 1223 2964 2.
1251 2931 1270 2964 1
1288 2929 1381 2964 Tim.
1395 2930 1428 2974 2,
1447 2930 1486 2964 2:
1515 2933 1577 2975 „ut
1593 2930 1751 2975 quietam
1768 2934 1805 2966 et
1820 2932 1916 2966 tran-

368 2984 515 3032 quillam
539 2985 652 3021 vitam
678 2985 864 3030 agamus“.
960 2987 994 3023 3.
1020 2986 1074 3022 Cf.
1100 2988 1119 3023 1
1139 2987 1297 3023 Corinth.
1316 2989 1371 3033 12,
1391 2988 1446 3023 12.
