2028 3438
617 257 838 289 nmmum
868 256 1038 289 connx.
1085 256 1131 289 83
1575 246 1660 289 165

85 361 235 410 suffla
256 358 510 410 'sanctiones
547 364 771 408 canonicas
810 367 853 408 et
883 364 1207 409 consuetudines
1244 364 1549 409 ecclesiasticas
1589 379 1661 409 ex-

85 427 317 487 turbatur.
342 442 508 500 Neque
538 435 651 487 enim
664 475 667 477 >
682 442 815 499 licuit,
838 445 1086 500 'susceptam
1108 442 1239 486 semel
1268 443 1378 487 iuste
1400 446 1442 486 et
1463 443 1662 487 canonice

85 519 166 579 prro
187 518 468 579 *apostolieae
495 520 628 565 'sedis
668 521 907 566 obedientia
951 520 1223 565 electionem*
1268 521 1359 565 sine
1406 521 1661 578 apostolicae

84 596 499 649 sedisvlieentiaevel
530 598 808 656 permissione
838 598 1044 643 deserere.
1087 601 1090 603 “
1168 599 1372 656 Respexit
1411 602 1555 643 tamen
1586 614 1661 643 vos

83 676 295 735 triponiae
325 676 610 726 miserationis
643 677 844 733 dignatio,
877 690 973 720 cum
1006 691 1101 721 eum
1133 677 1187 721 ad
1216 680 1459 721 sanctorum
1494 681 1661 735 aposto-

84 751 226 801 lorum‘
253 753 478 801 limina-set
496 755 563 799 'ad
592 755 878 812 praesentiam
909 759 1098 799 nostram
1123 755 1273 808 ⁴venire
1305 756 1524 800 concessit.

204 831 294 877 Nos
322 833 466 889 igitur,
500 833 651 890 quibus
681 833 781 877 licet
809 833 995 888 indignis
1027 847 1104 890 pro
1137 833 1424 891 apostolorum
1457 834 1660 892 principis

86 908 179 956 vi'e'e
217 907 282 955 ac'
303 910 396 956 loco
431 908 681 961 cunctarum
722 925 800 968 per
835 911 979 955 orbem
1018 911 1313 956 ecclesiarum⁰
1347 926 1448 956 cura
1486 926 1535 956 ac
1576 913 1661 957 dis-

86 987 264 1046 positio⁴
280 987 491 1034 cernitur*¹
527 988 748 1045 inminere,
787 989 922 1046 ipsius
961 989 1207 1034 electionem
1243 990 1398 1034 iustam
1436 994 1561 1048 atque
1593 1004 1661 1035 ca-

84 1066 284 1112 nonicam
303 1067 618 1124 cognoscentes
654 1092 710 1098 ——
750 1068 1069 1125 praesentisque
1107 1069 1313 1126 temporis
1349 1069 1660 1126 necessitatem,

83 1144 231 1202 quod-⁹·
260 1145 491 1191 a‘sancta‘
520 1145 776 1202 Moguntina
823 1146 922 1190 sede
970 1147 1184 1204 accipere⁸
1222 1148 1580 1192 consecrationem
1617 1149 1663 1191 in

84 1221 208 1268 tanta
251 1220 588 1269 scismatieorum
625 1227 877 1282 tempestate
914 1237 999 1268 non
1045 1229 1208 1282 posset,
1257 1226 1571 1270 considerantes
1606 1249 1660 1256 -—

83 1299 261 1350 eumin
294 1300 725 1360 prima'primorumh
758 1302 1043 1360 apostolorum
1083 1304 1288 1361 principis
1322 1304 1420 1348 sede
1451 1309 1662 1349 annuente

86 1379 272 1430 Domino
303 1381 654 1425 consecravimus.
710 1379 1010 1425 Consecratum
1052 1381 1104 1424 ad
1135 1395 1208 1425 vos
1241 1395 1336 1426 cum
1375 1383 1661 1439 praesentium

86 1457 326 1502 litterarum
357 1459 722 1503 commendatione
751 1460 1020 1511 remittimus.
1143 1459 1228 1504 Vos
1259 1461 1424 1517 itaque,
1466 1462 1664 1518 antiquae

87 1534 187 1580 fidei
223 1539 267 1580 et
302 1535 566 1581 obedientiae
603 1551 832 1593 memores,
871 1541 990 1581 tanto
1032 1552 1126 1582 eum
1159 1539 1350 1582 devotius
1384 1538 1663 1595 alacriusquei

88 1613 311 1673 suscipite,
358 1618 515 1671 quanto
556 1615 738 1673 amplius
778 1630 852 1659 vos
893 1619 1059 1661 vestrae
1099 1616 1247 1660 salutis
1287 1620 1329 1661 et
1365 1616 1463 1661 fidei
1501 1621 1665 1662 vestrae

87 1682 356 1750 apostolicae*
376 1689 600 1737 ecclesiae¹¹
632 1693 841 1738 debitores
874 1708 966 1739 esse
998 1695 1262 1751 cognoscitis.
1317 1694 1496 1739 Sanctae
1535 1696 1665 1752 siqui-

88 1759 444 1816 dem‘memoriae
475 1763 694 1815 noster'in
725 1772 824 1816 sede
846 1773 1078 1830 apostolica
1108 1774 1408 1831 praedecessor
1437 1772 1664 1828 Gregorius

89 1836 327 1906 secundus¹,
359 1849 542 1907 primum
565 1854 730 1894 vestrae
758 1851 895 1907 gentis
918 1851 1281 1909 archiepiscopum
1312 1852 1517 1896 beatumm
1536 1851 1665 1895 Boni-

84 1927 242 1972 facium
282 1927 412 1986 pallio
463 1928 624 1972 donans
664 1932 738 1972 et¹¹¹
777 1929 880 1973 vicis
929 1943 1030 1973 suae
1077 1930 1327 1974 auctoritate
1373 1930 1663 1986 corroborans,

83 2009 255 2051 'vestrae
285 2004 500 2062 religionis
538 2006 741 2050 instruxit
772 2007 982 2051 ecclesias.
1035 2006 1093 2051 Et
1122 2021 1198 2051 nos
1230 2008 1381 2064 igitur,
1422 2008 1665 2052 diuturnam

89 2083 256 2128 vestrae
286 2083 487 2128 ecclesiae
519 2084 821 2128 desolationem
853 2084 930 2142 pro
961 2086 1097 2129 nostri
1129 2085 1280 2130 officii¹¹
1312 2086 1453 2130 debito
1484 2100 1665 2144 perpen—

90 2161 259 2218 dentes,
306 2162 418 2206 hunc
465 2162 518 2206 ad
558 2177 631 2206 vos
680 2163 829 2207 salutis
872 2166 1039 2207 vestrae
1085 2164 1306 2219 dirigimus
1352 2165 1663 2208 instructorem.

90 2238 249 2292 Quem⁰
292 2253 367 2284 vos
412 2240 460 2284 eo
506 2241 767 2285 reverentius
814 2242 1028 2298 suscipere
1075 2245 1117 2284 et
1163 2241 1425 2285 obedientius
1472 2242 1667 2286 convenit

90 2317 313 2374 exaudire,
355 2332 436 2375 quo
469 2333 564 2363 eum
596 2319 648 2363 ab
680 2320 773 2377 ipso
811 2318 909 2362 fidei
946 2323 988 2363 et
1019 2319 1167 2363 salutis
1207 2323 1373 2363 vestrae
1410 2320 1526 2363 fonte
1566 2333 1665 2364 con-

92 2396 255 2454 spicitis
277 2396 546 2440 destinatum.
595 2397 795 2441 Omnemp
819 2400 974 2453 autem,
1007 2397 1079 2453 qui
1101 2411 1196 2440 eum
1225 2400 1272 2440 ut
1295 2401 1508 2454 pastorem
1542 2412 1665 2442 suum

91 2472 233 2519 debito
263 2474 422 2519 honore
454 2479 579 2532 atque
610 2475 829 2519 affectione
860 2476 1119 2530 tractaverit,
1152 2489 1228 2519 nos
1260 2477 1562 2533 omnipotentis
1583 2476 1665 2520 Dei

93 2555 138 2596 et
156 2552 442 2610 apostolorum
465 2554 554 2597 eius
577 2553 867 2598 benedictione
889 2554 1106 2596 donamus.
1155 2553 1234 2605 Qui
1259 2567 1356 2598 vero
1377 2553 1474 2598 huic
1494 2558 1665 2598 nostrae

93 2630 383 2674 constitutioni
413 2631 579 2675 obviam
611 2632 673 2675 ire
703 2632 996 2689 temptaverit,
1029 2631 1202 2675 clericos
1234 2631 1404 2688 quidem
1437 2646 1462 2676 a
1492 2632 1665 2677 clerica-

92 2711 161 2752 tus
195 2708 332 2752 officio
362 2723 648 2766 removemus,
688 2710 807 2753 laicis
839 2713 978 2753 autem
1017 2709 1177 2764 gratiae
1209 2710 1463 2767 apostolicae
1495 2724 1665 2755 consor-

92 2786 200 2830 tium
230 2787 533 2832 interdicimus.

188 2885 215 2906 α.
248 2877 444 2908 conturbatus
464 2878 493 2908 Γ.
618 2878 647 2908 b.
684 2878 832 2908 electione
851 2878 909 2907 VZ.
1035 2887 1060 2907 c.
1093 2879 1240 2908 terrarum
1259 2879 1289 2909 V.
1405 2879 1435 2908 d.
1467 2881 1609 2909 cernatur
1630 2879 1665 2910 G.

95 2939 122 2960 e.
155 2931 207 2969 qui
229 2930 264 2961 G.
369 2931 390 2961 f.
424 2941 481 2961 om.
501 2931 558 2961 VZ.
653 2941 680 2969 g.
715 2932 869 2970 suscipere
893 2931 928 2961 G.
1027 2929 1057 2960 h.
1089 2932 1252 2970 primarum
1274 2932 1329 2962 VZ.
1425 2933 1446 2963 i.
1479 2933 1608 2963 alacrius
1630 2933 1664 2962 G.

94 2983 124 3013 k.
158 2983 225 3014 sedi
246 2983 281 3014 G.
385 2985 406 3015 l.
439 2985 604 3015 secuudum
626 2985 661 3015 G.
773 2995 812 3014 m.
845 2995 901 3014 om.
922 2984 956 3014 G.
1068 2994 1097 3014 n.
1131 2985 1232 3015 officio
1254 2985 1289 3015 G.
1396 2995 1424 3016 o.
1458 2986 1553 3023 Quem
1571 3001 1601 3006 -—
1620 2986 1664 3015 in-

95 3037 331 3077 convulsumque
354 3040 529 3077 permaneat
551 3048 608 3069 om.
626 3038 660 3068 G.
766 3047 796 3077 p.
831 3038 934 3068 Omnis
954 3038 1010 3068 VZ.

1712 372 1806 409 1094

1686 420 1785 459 (Febr.
1800 421 1832 460 6)
