2028 3438
464 242 703 292 mnfflonm
734 241 975 274 mALocus.
1024 242 1112 273 Lm.
1136 242 1187 273 111
1217 241 1240 274 3
1551 229 1637 272 793

69 362 442 409 omnm-ntcparare
473 367 501 394 a
532 351 715 408 dyabolo
747 359 786 395 et
809 365 891 409 per
916 351 1050 406 fidem
1080 349 1330 393 catholicam
1361 352 1532 406 iunqere
1561 351 1638 392 do-

8 444 11 453 *
67 423 303 488 minofloe‘u
322 427 501 472 Christo.
550 428 639 473 Sed
669 443 851 486 quonam
883 428 1036 471 modo?
1081 427 1183 471 Non
1202 428 1520 484 fraudulenter,
1553 442 1640 471 non

68 506 285 560 dalmat,
313 513 401 550 non
422 507 543 550 *lucri
571 507 752 550 alicuius
784 507 939 550 terreni
967 507 1040 549 sed
1070 514 1201 549 vestre
1230 513 1392 548 tantum
1422 505 1570 548 salutis
1603 514 1641 548 et

69 584 158 629 Dos·
177 583 359 628 »honoris
383 586 542 642 qratia.
589 585 647 627 Et
677 600 791 628 nunc
821 585 991 642 quidem
1020 583 1153 626 nichil
1177 585 1283 626 iuste
1304 584 1591 626 excusacionis
1612 599 1640 626 a

68 653 194 707 aab&
213 663 402 706 motin·
425 664 583 720 poterit
610 677 738 720 super
768 663 845 705 hoc
875 661 956 704 tali
982 663 1090 714 viro,
1125 662 1348 717 quominus
1377 675 1469 703 eum
1490 662 1640 703 audire

69 739 468 798 debeatis.··=·Neque
503 742 614 786 enim
631 742 681 783 ‘is
714 749 793 794 est,
834 741 905 782 cui
931 753 1070 782 necem
1101 747 1175 782 aut
1197 738 1440 795 patibulum
1472 739 1521 781 ob
1554 740 1638 781 cir-

10 850 13 851 ⁷
70 817 368 871 admontioni-s
388 817 456 861 vel
472 820 702 876 imposture
722 818 890 875 culpam
910 818 1113 860 intentari
1132 817 1363 869 conveniat,
1386 816 1452 859 vel
1466 817 1638 860 alterius

66 896 470 954 yma-iszimuriau
501 897 851 954 quemadmodum
879 896 1116 953 pereqrinis
1145 903 1183 938 et
1199 894 1462 952 pauperibus
1484 893 1642 938 Christi

62 973 404 1032 predicatoribm
443 974 578 1031 paulo
625 982 721 1017 ante
753 974 945 1030 fecistis‚·
989 974 1216 1030 suspicati,
1264 972 1362 1016 dolo
1404 981 1442 1016 et
1474 972 1640 1029 fraude

70 1059 286 1109 questusve
318 1054 464 1110 yratia
502 1053 637 1095 nudos
677 1052 862 1095 homines
902 1059 939 1094 et
973 1047 1119 1108 inopes
1150 1065 1291 1093 rerum
1323 1050 1442 1108 loqui
1469 1051 1640 1094 verbum

69 1130 169 1174 Dei.
215 1129 305 1174 Sed
332 1129 403 1173 illi
431 1131 613 1187 quidem,
642 1130 788 1187 plaqis
821 1138 858 1172 et
887 1128 1124 1172 verberibus
1143 1143 1225 1185 pro
1246 1130 1440 1172 ‘veritate‘²
1461 1129 1637 1182 subacti,

69 1224 101 1252 a
126 1209 274 1255 vostris
292 1208 455 1264 finibus
487 1205 816 1258 abscesserunt⁶3
847 1222 920 1250 vos
951 1215 1090 1250 autem
1120 1206 1200 1249 huc
1230 1221 1361 1263 usque
1391 1208 1437 1249 in
1458 1207 1639 1262 infideli-

69 1294 152 1339 m
176 1286 433 1345 perstitistis.
481 1286 650 1329 Pudeat
678 1288 766 1329 iam
790 1293 828 1328 et
845 1287 1030 1343 peniteat
1048 1299 1122 1327 vos
1145 1284 1263 1341 lonyi
1282 1287 1438 1327 erroris
1460 1293 1498 1328 et
1516 1287 1638 1342 iyno-

68 1366 229 1416 ronti&
257 1372 298 1408 et
326 1365 404 1422 qui
422 1364 616 1407 noluistis
638 1364 788 1406 audire
807 1364 1019 1406 mendicos
1041 1363 1334 1420 euanqelistas,
1368 1365 1511 1406 audite
1532 1378 1638 1420 opu-

70 1440 214 1486 lentos.
250 1441 438 1486 Dixistis
458 1456 641 1498 namque
662 1450 699 1484 et
718 1441 1018 1484 subsannando
1040 1441 1372 1498 blasphemastis,
1397 1443 1498 1498 quia
1520 1441 1639 1484 Deus

70 1521 396 1565 christianorum
431 1519 626 1586 omnibus
663 1521 747 1562 diis
777 1519 904 1562 vilior
935 1528 1036 1562 esset
1067 1528 1192 1576 atque
1221 1519 1422 1575 inferior,
1465 1521 1540 1576 qui
1569 1534 1641 1562 sue

70 1598 259 1643 doctrine
293 1599 507 1642 ministros
545 1598 695 1640 habere
733 1612 818 1640 non
854 1606 994 1654 posset
1030 1599 1117 1640 nisi
1153 1606 1314 1640 tantum
1344 1598 1530 1640 homines
1561 1599 1640 1640 im-

67 1678 228 1735 peritos
257 1685 299 1720 et
326 1678 518 1730 rusticos,
550 1677 814 1719 mendicitati
843 1677 1095 1732 eyestatique
1118 1676 1322 1719 addictos.
1370 1676 1428 1718 Et
1447 1690 1520 1718 vos
1543 1677 1639 1732 qui-

69 1755 168 1798 dem
192 1755 240 1797 in
269 1755 442 1798 insania
471 1762 610 1797 vestra
639 1754 711 1796 hec
742 1754 910 1796 dixistis
917 1769 932 1804 ,-
963 1753 1036 1796 ille
1065 1769 1176 1807 vero,
1209 1755 1309 1810 pius
1342 1762 1380 1797 et
1402 1755 1639 1796 misericors

70 1840 109 1876 et
135 1858 137 1860 -
149 1832 391 1890 prestabilis
431 1847 559 1889 super
599 1832 769 1875 malicia
781 1828 806 1884 ¹,
857 1833 983 1888 quasi
1019 1846 1176 1874 morem
1214 1846 1361 1889 yerens
1399 1833 1640 1889 insipientie

70 1919 223 1964 vestre,
262 1911 315 1954 de
350 1909 566 1968 imperitia
604 1910 670 1952 vel
706 1910 957 1963 rusticitate,
1001 1910 1052 1952 de
1090 1911 1240 1966 inopia
1278 1910 1343 1952 vel
1376 1911 1640 1953 mendicitate

71 1988 202 2046 leqati
243 2002 404 2032 omnem
441 1987 559 2031 vobis
597 1987 846 2030 detrahendi
890 1987 1062 2030 abstulit
1106 1989 1375 2030 occasionem.
1441 1987 1641 2044 Superest

68 2067 217 2120 modo,
234 2100 237 2101 ν
255 2075 304 2110 ut
331 2081 429 2120 nos,
463 2067 540 2123 qui
567 2067 702 2123 primi
731 2073 768 2107 et
797 2066 977 2107 maiores
1009 2066 1191 2108 dicimur
1221 2081 1272 2108 ac
1301 2080 1467 2119 sumus,
1500 2074 1639 2108 nostre

70 2144 272 2202 diqnitati
301 2144 582 2196 consulamus,
616 2152 701 2186 tam
733 2144 979 2199 diynissime
1009 2158 1059 2185 ac
1089 2145 1350 2186 sanctissime
1380 2145 1445 2186 rei
1466 2158 1638 2187 consen-

70 2224 236 2274 tientem·
267 2231 314 2266 ut
337 2221 540 2279 populus,
576 2223 652 2278 qui
680 2221 800 2264 nobis
828 2221 1031 2264 subiectus
1054 2230 1126 2274 est,
1159 2230 1301 2264 nostro
1323 2224 1458 2278 possit
1478 2223 1641 2265 erudiri

71 2300 270 2357 amplo.
313 2299 534 2357 Quidquid
555 2301 664 2342 enim
684 2299 901 2355 reliqionis
923 2299 988 2341 vel
1006 2299 1231 2342 honestatis
1252 2301 1478 2342 secundum
1498 2300 1640 2343 Deum

69 2378 136 2421 vel
172 2378 356 2421 homines
396 2378 723 2434 ayyrediendum
754 2385 834 2430 est,
874 2378 1024 2420 iustius
1056 2386 1182 2434 atque
1211 2379 1419 2420 decentius
1451 2386 1636 2431 autumo,

71 2463 119 2500 ut
153 2471 182 2498 a
213 2457 350 2513 capite
386 2456 463 2498 hoc
500 2457 545 2498 in
583 2455 767 2498 membra
807 2470 935 2511 quam
973 2463 1018 2498 ut
1057 2471 1083 2497 a
1114 2444 1308 2497 membris
1346 2456 1556 2498 derivetur
1592 2457 1639 2498 in

72 2541 210 2591 caput.
258 2533 316 2576 Et
344 2535 391 2575 in
420 2535 639 2590 primitiva
666 2534 834 2589 quidem
856 2533 1041 2585 ecclesia,
1074 2534 1182 2575 sicut
1201 2534 1455 2586 audivimus,
1489 2533 1637 2590 reliyio

60 2611 170 2665 fidei
197 2610 422 2654 christiane
453 2627 480 2653 a
509 2611 628 2668 plebe
659 2619 697 2653 et
723 2610 896 2667 plebeiis
924 2611 1118 2666 personis
1149 2611 1368 2666 incipiens,
1403 2612 1461 2653 ad
1479 2612 1637 2654 medio-

72 2703 160 2731 cres
189 2703 438 2745 pr090·essa,
481 2690 605 2731 etiam
635 2690 841 2730 maximos
872 2688 995 2729 huius
1027 2688 1177 2729 mundi
1201 2689 1419 2745 principes
1450 2689 1636 2732 involvit.

74 2766 316 2809 Reddamus
348 2768 477 2809 vicem
509 2766 673 2808 ecclesie
711 2766 940 2821 primitive,
973 2773 1032 2816 ut,
1066 2780 1093 2806 a
1123 2765 1242 2807 nobis
1269 2766 1539 2822 principibus
1569 2768 1637 2808 in-

72 2844 231 2900 cipiens
262 2852 300 2886 et
331 2858 461 2900 usque
491 2845 549 2885 ad
579 2844 804 2886 mediocres
835 2856 1082 2898 prom-essa,
1110 2842 1247 2898 facili
1272 2852 1478 2899 proventu
1508 2852 1638 2887 totum

73 2928 112 2963 et
153 2921 360 2977 populum
406 2929 445 2964 et
486 2929 650 2976 qentem
694 2920 968 2974 sanctificatio
1012 2920 1153 2962 divine
1191 2920 1408 2976 relictionis
1446 2921 1636 2963 illustret.

165 3022 192 3043 a.
224 3014 369 3044 varietate
393 3014 433 3051 N,
456 3015 582 3044 veritate
605 3014 643 3044 R.
770 3013 799 3043 b.
832 3012 1026 3043 abcesserunt
1049 3013 1087 3043 N.
1259 3006 1291 3042 1.
1324 3006 1400 3042 Ioel
1425 3007 1458 3052 2,
1486 3007 1541 3043 13.

1677 360 1695 394 1
1703 360 1768 395 127

1663 408 1734 439 Mai.
1749 409 1789 438 22
