2028 3438
281 380 373 416 1139

261 1463 380 1493 1un.29

261 1846 380 1876 Iun.30

399 254 485 296 740
769 265 1005 296 Hannonm
1036 265 1275 296 DIALOGUS.
1323 266 1447 296 LIB.1
1476 264 1533 297 41.
1551 264 1597 296 42

398 371 479 424 vit3
513 370 707 415 ecclesias
739 374 780 415 et
810 372 994 426 cenobia,
1027 371 1250 428 hospitalia
1279 370 1531 414 infirmarias
1564 373 1605 413 et
1625 369 1854 414 diversoria
1874 383 1950 414 sua

400 447 548 490 intima
568 449 863 492 retractatione
886 448 1079 503 digessit3
1112 447 1381 503 singulisque,
1414 450 1538 504 prout
1565 449 1815 503 oportunum
1836 446 1951 490 vide-

398 524 540 580 batur,
588 528 779 582 sumptus
818 530 859 569 et
894 527 1130 570 necessaria
1170 524 1391 581 supplevit.
1456 524 1656 568 Cerneres
1692 524 1777 567 iam
1815 523 1950 568 oleam

398 601 567 645 uberem
606 606 647 645 et
677 602 934 646 fructiferam
949 600 971 658 ¹,
1004 602 1128 645 solita
1159 601 1347 645 ubertate
1378 601 1611 644 uberiorem
1645 604 1686 644 et
1715 600 1951 658 copiosissi-

398 679 478 721 mis
515 679 717 722 fructibus
757 683 968 735 onustam,
1008 683 1139 723 totam
1179 692 1269 721 sese
1307 678 1567 734 carpentium
1607 677 1798 721 manibus
1827 676 1952 722 *incli-

399 769 512 799 nare.
633 756 691 799 Et
720 770 765 799 re
795 770 895 799 vera
926 757 1078 798 mirum
1100 755 1219 798 valde
1251 758 1327 810 est,
1361 755 1470 810 quod
1501 754 1576 798 hec
1603 754 1853 798 inexhausta
1882 753 1952 797 be-

399 832 616 887 nignitatis
656 832 804 888 archa,
845 847 923 889 que
962 836 1025 876 tot
1062 835 1158 875 ante
1196 832 1340 875 diebus
1382 835 1423 874 et
1460 832 1582 874 annis
1614 831 1667 874 ad
1698 831 1952 887 erogandum

400 910 553 964 iugiter
583 910 731 966 patuit,
765 910 900 953 adhuc
926 910 969 952 iu
994 913 1179 952 extremo
1201 913 1388 965 tempore
1409 911 1586 963 tantum,
1619 908 1728 964 quod
1750 911 1952 964 erogaret,

400 986 553 1029 habere
583 989 790 1042 potuerat.
840 987 922 1030 Sed
953 1000 976 1029 o
1005 985 1183 1041 Martha,
1215 985 1392 1040 Martha,
1425 985 1573 1028 devota
1599 974 1767 1042 hospita
1797 985 1953 1028 domini

400 1062 514 1117 Iesu,
548 1063 711 1118 quando
744 1063 810 1106 vel
842 1063 1047 1119 quomodo
1080 1063 1256 1106 sentires
1281 1062 1539 1117 egestatem?
1585 1061 1685 1113 Quis
1717 1062 1849 1118 enim,
1881 1062 1954 1105 do-

401 1139 538 1182 nando
577 1139 749 1182 donanti
790 1140 950 1195 omnia,
998 1153 1196 1195 umquam
1237 1152 1360 1193 egens
1403 1139 1536 1182 factus
1578 1139 1666 1182 est?
1791 1139 1955 1183 Interea

401 1230 499 1260 vero
530 1216 706 1271 languor
737 1217 869 1271 magis
901 1217 1115 1272 magisque
1135 1216 1361 1259 luctantem
1395 1216 1589 1272 spiritum
1610 1216 1796 1271 urgebat.
1840 1215 1953 1259 Rite·

403 1307 482 1349 que
528 1293 743 1349 dispositis
783 1293 998 1348 omnibus,
1048 1306 1303 1348 quecumque
1342 1296 1437 1349 post
1475 1307 1518 1336 se
1557 1293 1729 1336 victuris
1768 1295 1954 1350 prestare

402 1371 551 1427 potuit,
584 1370 763 1426 supplici
795 1373 836 1413 et
868 1383 972 1426 pura
993 1370 1251 1413 confessione
1272 1369 1489 1426 premissa,
1525 1368 1616 1413 olea
1635 1369 1708 1412 illa
1729 1368 1894 1426 placida
1915 1373 1956 1413 et

403 1451 559 1502 sancta,
592 1447 786 1489 unctione
819 1447 926 1489 sacri
960 1446 1038 1489 olei
1064 1446 1261 1500 delibuta,
1293 1446 1566 1502 propiciabile
1588 1446 1784 1490 viaticum
1805 1459 1954 1503 corpus

403 1525 575 1568 Domini
607 1524 807 1581 percepit.
854 1523 911 1566 Et
942 1524 1236 1566 circumstante
1267 1523 1338 1565 illo
1371 1537 1444 1565 suo
1468 1537 1633 1580 semper
1653 1523 1852 1566 familiari
1873 1522 1956 1566 col-

402 1602 510 1656 legio
542 1601 727 1644 virorum
758 1600 1062 1654 religiosorum,
1093 1602 1181 1642 tam
1215 1600 1510 1642 monachorum
1544 1614 1668 1656 quam
1697 1599 1954 1654 clericorum,

403 1678 576 1735 psalmis
608 1681 649 1721 et
680 1677 935 1720 orationibus
968 1689 1142 1730 agonem
1174 1676 1261 1719 eius
1284 1676 1430 1719 devote
1451 1677 1538 1720 Deo
1562 1676 1955 1731 commendantium,

403 1755 569 1811 plenam
603 1754 798 1811 operibus
830 1753 949 1796 bonis
981 1756 1023 1795 et
1053 1752 1310 1806 elemosinis,
1353 1752 1520 1808 plenam
1552 1753 1720 1796 honoris
1752 1757 1792 1796 et
1822 1753 1955 1808 gratie

405 1832 586 1874 animam
620 1830 802 1874 exalavit
831 1830 875 1872 in
906 1829 1052 1872 celum.
1174 1829 1280 1880 Quid
1313 1829 1468 1872 multa?
1513 1829 1661 1873 Flebat
1690 1830 1836 1873 civitas
1864 1829 1956 1872 uni-

405 1921 538 1963 versa,
565 1909 735 1950 iuvenes
757 1910 799 1950 et
818 1906 1015 1960 virgines,
1039 1918 1158 1948 senes
1180 1919 1272 1948 cum
1296 1906 1644 1960 adolescentibus3
1675 1905 1801 1950 fiebat
1821 1906 1955 1948 omnis

405 1985 520 2040 ordo,
551 1983 678 2027 flebat
709 1983 843 2026 omnis
868 1983 1028 2037 religi0,
1062 1982 1212 2025 divites
1235 1986 1277 2025 et
1297 1996 1514 2039 pauperes,
1547 1983 1705 2026 nobiles
1727 1983 1955 2026 mediocres

406 2074 499 2105 cum
545 2060 666 2117 plebe
705 2060 936 2112 rusticana3
984 2072 1126 2102 omnes
1165 2059 1322 2115 pariter
1359 2063 1518 2115 patrem
1560 2060 1798 2116 ademptum
1839 2062 1955 2102 tanto

404 2137 604 2192 lugebant
635 2136 830 2191 amarius,
864 2139 1018 2192 quanto
1050 2135 1102 2178 ab
1134 2135 1324 2178 omnibus
1351 2135 1434 2179 illis
1457 2137 1592 2180 carius
1614 2137 1704 2193 ipse
1726 2136 1954 2179 amabatur.

405 2213 536 2257 Porro
582 2213 836 2256 monasteria
882 2215 924 2255 et
961 2212 1131 2255 ecclesie
1168 2211 1290 2266 longe
1328 2212 1394 2256 vel
1431 2227 1562 2270 prope
1600 2213 1757 2270 posite,
1804 2212 1878 2255 sed
1916 2214 1958 2254 et

407 2293 623 2344 magnates
663 2294 704 2332 et
742 2289 950 2345 capitanei
989 2288 1221 2344 provincie,
1261 2288 1373 2331 fama
1405 2289 1664 2332 dormitionis
1697 2289 1784 2332 eius
1817 2287 1955 2342 exciti,

409 2380 460 2410 ex
493 2367 607 2409 omni
637 2369 756 2422 parte
788 2364 1067 2418 confluebant3
1101 2366 1284 2409 infelices
1316 2380 1406 2409 sese
1432 2370 1555 2421 atque
1575 2366 1730 2409 inertes
1752 2364 1956 2418 arbitrati,

409 2443 444 2484 si
478 2442 587 2497 eius,
628 2456 747 2498 quem
782 2442 989 2484 viventem
1022 2441 1274 2497 dilexerant,
1313 2443 1449 2486 funeri
1487 2456 1570 2486 non
1602 2442 1795 2485 adessent
1825 2439 1891 2484 vel
1922 2440 1957 2482 si

410 2518 571 2562 debitos
601 2519 779 2562 honores
811 2518 938 2561 tantis
971 2518 1157 2573 exequiis
1189 2533 1272 2561 non
1302 2522 1548 2575 prestarent.

528 2596 598 2637 42.
655 2594 905 2651 Supervenit
949 2607 1111 2649 quoque
1158 2608 1273 2638 sacre
1319 2609 1484 2651 semper
1536 2595 1736 2637 memorie
1781 2592 1957 2636 Imbrico

410 2671 726 2727 Herbipolensis
757 2671 991 2727 episcopus,
1025 2671 1087 2712 vir
1118 2670 1254 2713 clarus
1286 2674 1328 2714 et
1358 2671 1553 2727 prudens,
1586 2674 1673 2713 tam
1705 2669 1857 2725 eloquii
1888 2682 1958 2712 ve-

411 2750 578 2790 nustate
608 2761 731 2802 quam
762 2747 928 2802 ingenio
961 2749 1008 2810 et
1033 2746 1238 2802 sapientia
1274 2747 1523 2803 prepollens.
1587 2746 1855 2802 Supervenit,
1894 2745 1958 2788 in-

413 2836 551 2878 quam,
584 2823 740 2865 amicus
773 2824 825 2866 ad
857 2824 980 2866 amici
1012 2823 1207 2878 exequias
1238 2823 1393 2865 invisas
1426 2826 1467 2865 et
1496 2822 1652 2866 dolenti
1683 2826 1725 2866 et
1755 2821 1958 2865 ardentis-

414 2898 518 2942 sime
563 2898 679 2941 flenti
717 2898 887 2942 ecclesie
932 2899 1112 2954 lugendo
1150 2899 1241 2955 ipse
1280 2911 1328 2942 ac
1358 2898 1533 2942 dolendo
1572 2898 1727 2942 luctum
1765 2897 1882 2941 auxit
1918 2901 1960 2941 et

509 2985 542 3021 1.
567 2983 694 3020 Ierem.
714 2984 768 3029 11,
788 2985 843 3019 16.
