2028 3438
544 248 766 281 nmmum
795 249 967 281 coum.
1013 248 1096 282 201.
1113 248 1183 282 202
1566 239 1650 282 367

77 357 386 412 comminuam
412 354 619 400 laicorum
648 355 962 400 multitudinem
994 357 1041 400 in
1076 356 1328 400 sententiam
1361 370 1484 401 suam
1521 365 1652 414 pene·
1676 367 1880 404 1111-1120

76 430 380 477 traduxissent.

197 509 357 563 Quibus
387 511 489 556 dum
511 525 538 556 a
555 511 748 557 fidelibus
781 516 907 569 atque
939 511 1155 556 catholicis
1185 511 1495 556 rationabiliter
1525 516 1652 569 atque

76 586 304 633 canonice*
324 588 582 646 obviaretur,
603 604 688 634 non
709 590 875 634 modica
897 594 990 634 orta
1010 594 1076 635 est
1097 588 1364 634 conflictatio.
1405 589 1651 646 Placuitque

74 665 294 724 prioribus*
312 668 496 712 nostris:
533 668 958 726 comprovincialibus
996 668 1182 712 ecclesiis
1214 682 1342 725 super
1373 667 1452 712 hoc
1482 668 1650 723 negotio

75 743 335 789 seliborsct
361 746 579 804 rescriptis
608 746 776 790 illarum
797 746 916 790 litem
938 746 1178 790 terminare.
1229 745 1313 790 Sed
1344 749 1386 789 et
1415 746 1459 789 in
1489 746 1648 790 curiam

73 821 347 879 imperatoris
358 820 382 880 ¹,
429 836 538 881 quae
578 823 702 882 Spire
738 824 884 868 habita
929 827 1012 879 est,
1059 824 1345 880 quaestionem
1388 823 1648 878 detulerunt3

73 899 148 944 ubi
179 900 233 944 ab
263 901 457 946 omnibus
489 915 540 945 ex
573 902 752 946 diversis
789 902 1018 959 provinciis
1058 905 1101 946 et
1131 902 1318 946 ecclesiis
1349 902 1548 945 litteratis
1580 915 1649 945 oa-

74 977 245 1024 tholicis
260 979 484 1024 ¹sententia
512 979 684 1024 illorum
715 994 810 1024 cum
841 981 1038 1024 irrisione
1070 980 1301 1037 dampnata
1333 983 1399 1024 est
1437 983 1480 1024 et
1516 980 1648 1024 sacris

74 1056 296 1117 scripturis
328 1057 543 1102 evidenter
574 1059 787 1102 contraria
818 1058 1120 1102 demonstrata.

193 1133 344 1179 Visum
375 1138 440 1180 est
468 1135 600 1191 igitur
619 1137 763 1192 michi,
795 1137 938 1179 omnia
969 1137 1020 1180 de
1051 1137 1131 1180 hac
1152 1136 1396 1193 quaestione
1417 1136 1577 1193 scripta
1607 1140 1649 1179 et

72 1213 281 1270 rescripta
316 1214 363 1257 in
403 1227 536 1259 unum
580 1214 736 1258 libelli⁶
773 1214 1096 1272 corpusculum*
1133 1215 1325 1270 redigere
1364 1215 1419 1258 ad
1456 1218 1647 1258 eternum

71 1290 401 1336 monimentum·
446 1291 746 1349 comprobatae
793 1278 984 1336 veritatis
1038 1296 1080 1336 et
1133 1293 1388 1349 dampnatae
1433 1292 1645 1336 falsitatis.

73 1368 169 1415 Tibi
189 1382 303 1426 ergo,
335 1369 483 1426 amice,
515 1369 594 1414 hoc
615 1383 720 1427 opus
742 1369 968 1414 conflatum
992 1370 1214 1425 destinavi,
1249 1369 1526 1414 bibliothecae
1550 1374 1648 1413 tuae

71 1446 122 1491 in·
146 1447 396 1500 memoriam
433 1448 570 1492 nostri
602 1448 900 1493 inferendum‘.
954 1447 1002 1492 In
1034 1461 1116 1504 quo
1154 1448 1255 1491 dum
1293 1451 1465 1493 sanctae
1494 1447 1648 1492 Leodi—

71 1525 210 1569 csnsis
240 1525 442 1570 ccclesiae
472 1526 727 1584 rescriptum
759 1526 1050 1584 perspexeriS,
1087 1526 1282 1570 exultans
1313 1526 1456 1570 videre
1488 1526 1646 1583 poteris

71 1615 223 1661 puram
238 1606 492 1651 ctsanctam
509 1604 709 1649 ecclesiae
726 1608 823 1649 tuae
839 1605 883 1648 iu
900 1605 1031 1648 sacris
1049 1605 1295 1661 scripturis⁸
1307 1604 1646 1659 intelligentiam,

71 1693 167 1738 que,
197 1681 312 1726 inter
340 1685 502 1726 ceteras
521 1682 646 1726 huius
678 1683 798 1738 regni
820 1683 1017 1727 ecclesias
1039 1682 1156 1726 velut
1185 1695 1353 1737 gemma
1383 1682 1645 1739 praelucenS,

70 1759 186 1815 viget
214 1759 342 1817 plena
371 1759 680 1805 ecclesiasticae
712 1762 976 1805 auctoritatis
1008 1760 1229 1817 gravitate.

72 1979 192 2028 202.
220 1981 426 2027 Canonici
452 1982 735 2027 Traiectenses
767 1983 1186 2041 comprovincialium
1217 1983 1484 2026 ecclesiarum
1523 1982 1643 2036 (Mo-

218 2062 502 2114 nasteriensis,
525 2062 778 2114 Mindensis,
801 2060 1069 2115 Leodiemis)
1102 2063 1324 2104 canonicos
1351 2061 1574 2104 consulunt
1593 2062 1644 2104 de

217 2139 492 2193 Ellenhardo,
527 2141 615 2196 qui,
650 2154 699 2182 ea:
720 2141 921 2182 canonico
948 2139 1092 2191 factus
1121 2139 1350 2192 coenobita,
1383 2141 1429 2182 in
1451 2141 1643 2196 priorem

218 2217 432 2261 ecclesiam
460 2219 597 2274 recipi
623 2216 838 2275 postuleth.
1431 2216 1482 2270 (E
1506 2217 1592 2259 314
1602 2217 1642 2270 a)

187 2304 384 2350 Dominis
422 2310 465 2351 et
493 2306 696 2350 fratribus
727 2306 1131 2363 conprovincialium
1165 2305 1435 2350 ecclesiarum
1468 2305 1643 2358 R(odul-
1666 2313 1870 2348 llll-1120

67 2382 152 2438 fus)
191 2383 472 2428 Traiectensis
511 2384 710 2428 ecclesiae
755 2385 935 2427 utinami
973 2385 1019 2428 in
1058 2385 1196 2439 gratia
1234 2384 1315 2443 Dei
1359 2384 1640 2440 praepositus,

67 2460 121 2504 A.
154 2461 351 2518 decanus,
387 2461 673 2516 L(ambertus)
706 2462 908 2518 magister
938 2476 1032 2506 cum
1065 2461 1348 2505 devotissimis
1381 2461 1640 2506 orationibus

68 2538 257 2584 sincerae
287 2540 477 2584 caritatis
507 2541 767 2597 obsequium.

185 2616 337 2662 Gratia
382 2619 625 2675 requirendi
665 2618 829 2662 consilii
875 2617 1134 2661 fraternitati
1173 2620 1338 2662 vestrae
1377 2618 1453 2662 hos
1499 2619 1640 2675 apices

163 2739 190 2761 a.
222 2740 279 2762 om.
295 2731 333 2761 Ε.
445 2730 476 2761 b.
507 2731 657 2762 catholice
679 2732 718 2762 Ε.
831 2740 856 2762 c.
890 2730 1025 2761 libellum
1047 2730 1085 2760 B.
1197 2731 1226 2761 d.
1259 2739 1316 2761 om.
1331 2730 1370 2761 B.
1476 2741 1502 2761 e.
1534 2741 1641 2763 monu-

67 2784 202 2815 mentum
223 2783 262 2815 B.
373 2785 394 2815 f.
427 2785 623 2816 inserendum
645 2785 675 2815 V.
788 2794 816 2823 g.
850 2786 882 2815 in
904 2785 1064 2824 scripturis
1086 2785 1201 2815 sanctis
1222 2785 1262 2815 B.
1366 2785 1397 2815 h.
1432 2795 1470 2816 ex
1492 2786 1519 2816 V
1536 2787 1640 2816 127——

67 2837 172 2874 1270,
202 2837 508 2877 Zp.27.9-—280,
537 2839 568 2869 B
590 2839 676 2869 42v:
709 2838 839 2869 Litore
873 2838 1142 2868 Traiectensis
1175 2838 1347 2868 ecclesie
1385 2839 1428 2869 ad
1462 2849 1638 2878 compro-

67 2889 263 2921 vinciales
292 2890 501 2928 ecclesias,
530 2891 723 2924 videlicet
744 2891 1113 2928 Monastmiensem,
1135 2891 1433 2929 Leodicensem,
1462 2892 1638 2923 Mindon-

67 2952 154 2974 sem.
186 2944 219 2974 E
239 2942 283 2981 (v.
305 2954 404 2984 supra
419 2955 453 2983 p.
469 2946 541 2975 366
563 2955 592 2975 n.
608 2944 641 2982 a)
665 2944 731 2975 sine
754 2944 902 2975 lemmate.
1029 2945 1049 2974 i.
1079 2934 1114 2975 ut
1134 2945 1173 2976 B.

165 3015 195 3049 1.
223 3014 382 3049 Heinrici
401 3014 445 3050 V.
