2028 3438
77 863 80 864 ⁷
167 835 646 896 NECROLOGIUM
699 838 752 892 S.
785 836 983 892 PETRI
1028 835 1528 893 BAMBERGENSE

408 940 410 949 ²
580 932 582 934 ’
662 920 1044 981 ANTIQUIUS.

64 1124 311 1200 Deeeripei
327 1142 612 1200 necroloqium
632 1142 709 1187 Ιιοσ
730 1157 781 1186 ex
802 1143 942 1185 codice
961 1141 1276 1185 membranaceo
1291 1156 1397 1185 saec.
1408 1142 1484 1186 XI
1500 1157 1634 1199 quon-

65 1222 164 1265 dam
196 1221 390 1265 ecclesiae
419 1222 596 1264 maiom‘e
626 1236 737 1281 nano
769 1220 1038 1263 bibliothecae
1060 1220 1399 1277 Bamberqensizff,
1432 1219 1512 1263 Ed.
1530 1219 1586 1263 IV
1608 1220 1635 1262 3

64 1300 245 1356 siquam,
278 1299 389 1341 unde
418 1300 641 1342 memom'as
672 1306 754 1341 tres
784 1299 872 1340 iam
902 1300 948 1340 in
977 1297 1261 1341 Monumentie
1286 1296 1539 1342 Germaniae
1569 1298 1635 1341 lii-

65 1378 229 1420 storias
261 1375 347 1421 SS.
370 1376 516 1420 XVII
539 1376 628 1420 636
655 1390 976 1433 proposueram.

97 1489 124 1533 6
154 1473 215 1532 l'd.
237 1471 362 1532 Maft.
394 1481 520 1532 Anno
550 1488 854 1532 incarnationis
886 1487 1060 1532 Domini
1091 1488 1205 1532 1072
1236 1486 1370 1532 Liuzo
1402 1487 1634 1532 ordinatur.

68 1567 126 1610 10
155 1565 206 1610 K.
237 1565 344 1623 Apr.
396 1565 591 1611 Wirntho
622 1566 754 1610 laicus
786 1566 904 1610 obiit.

96 1644 124 1688 2
155 1643 207 1688 N.
239 1643 346 1700 Apr.
400 1644 512 1687 1081
545 1644 850 1688 monasterium
882 1642 1147 1687 combustum
1160 1640 1182 1686 ¹.

98 1723 126 1765 6
155 1720 216 1766 Id.
239 1721 348 1765 Iunii
399 1720 515 1765 Obiit
544 1720 642 1765 Otto
672 1721 907 1778 presbyter.
1052 1721 1054 1726 “

99 1800 126 1842 3
157 1798 217 1843 Ιᾶ.
239 1798 336 1843 Iulii
401 1798 508 1842 Cum
536 1813 613 1843 rex
644 1798 868 1843 Heinricus
900 1799 1057 1853 migrat
1087 1798 1140 1843 ab
1171 1798 1273 1842 orbe
1303 1798 1413 1855 pius,

340 1857 533 1903 Perdidit
562 1859 631 1902 hio
659 1858 808 1903 florem
838 1858 1088 1904 Babenberh
1120 1862 1247 1916 atque
1278 1859 1485 1904 decorem.

604 1931 730 1962 Anno
762 1932 938 1963 mxxnu
969 1932 1106 1964 ossn'r.

99 1996 126 2039 9
157 1995 208 2040 Κ.
242 1994 358 2054 Sept.
398 1993 612 2040 Hademiit
642 1996 759 2040 obiit.

99 2074 126 2118 8
157 2073 218 2118 Id.
241 2072 342 2119 Deo.
396 2073 535 2118 Iudita
564 2073 673 2119 laica
703 2073 819 2118 obiit.

127 2282 223 2338 EX
269 2281 693 2338 NECROLOGIO
741 2281 1040 2338 CAPITULI
1090 2281 1142 2336 S.
1175 2281 1376 2337 PETRI
1426 2281 1587 2337 ΒΑΜ-

661 2364 1051 2421 BERGENsls.

75 2518 408 2581 canonicorum
440 2538 633 2581 ecclesiae
662 2539 838 2581 maioris
869 2538 1194 2595 Bamberqeneis
1225 2537 1523 2596 nece-oloyium,
1557 2540 1639 2582 cir-

72 2617 174 2658 citer
203 2631 315 2658 anno
347 2615 469 2659 1180
498 2612 760 2659 ‘inuitatum'
787 2624 1017 2673 posteaque
1048 2616 1289 2669 adauctum,
1324 2631 1373 2658 ex
1404 2617 1544 2660 codiee
1575 2617 1639 2660 bi-

72 2692 297 2736 bliothecae
318 2693 641 2750 Bamberyensie
667 2692 747 2736 Ed.
765 2692 803 2736 II
827 2693 881 2735 14
912 2693 1227 2736 membranaceo
1259 2708 1364 2736 eaeo.
1382 2693 1484 2737 XII
1509 2695 1642 2738 edidit

169 2832 200 2868 1.
230 2832 309 2868 Hoc
333 2832 541 2869 incendium
567 2833 742 2869 eeclesiae
769 2832 914 2868 maioris
939 2831 1222 2878 Bambergensis
1248 2833 1296 2869 ad
1320 2833 1356 2870 d.
1374 2834 1397 2870 3
1419 2833 1554 2880 Aprilis
1578 2834 1640 2878 (ad

71 2890 215 2937 vigilias
247 2891 428 2938 paschae)
461 2890 616 2928 refertur
644 2891 691 2928 ab
715 2891 940 2928 Ekkehardo
969 2892 1007 2928 in
1032 2891 1154 2928 chron.
1173 2893 1283 2939 1081,
1317 2893 1413 2930 Mon.
1432 2893 1556 2930 Germ.
1574 2893 1639 2930 SS.

72 2949 125 2987 VI
150 2950 232 2986 204.
353 2952 387 2987 2.
420 2951 513 2988 Nam
547 2951 657 2988 etiam
683 2951 883 2987 Hermanni
915 2951 1078 2998 episcopi
1110 2951 1170 2988 die
1201 2953 1246 2988 12
1270 2951 1364 2988 Iunii
1390 2953 1481 2989 1177
1507 2954 1640 2999 mortui

73 3019 207 3047 nomen
232 3020 277 3047 ea
301 3021 411 3047 manu
435 3011 576 3048 illatum
600 3021 681 3048 esse
697 3010 877 3058 videmus,
904 3021 999 3057 quae
1021 3013 1140 3048 totum
1167 3012 1415 3059 necrologium
1441 3012 1615 3050 condidit.
