2028 3438
246 367 338 403 1119

185 417 256 455 post
275 416 339 446 Iun.
352 416 391 446 12

410 239 496 282 516
789 251 1037 283 EPISTOLAE
1067 251 1437 283 BAMBERGENsns.
1485 249 1542 283 22.
1559 249 1605 283 23

411 357 497 400 suis
519 357 809 414 complicibus3
842 358 1113 414 promittens’
1136 357 1415 400 obedientiam
1447 359 1590 400 sancte
1608 355 1796 400 Romane
1816 355 1963 400 eclesie

411 437 453 478 et
482 434 710 478 universali
748 447 857 491 pape
889 434 1041 477 domno
1073 433 1237 477 Calixto
1275 434 1446 489 eiusque
1484 433 1963 477 successoribuslcatho-

409 511 501 555 licis
533 512 609 555 sub
632 511 804 554 obtentu
835 510 960 554 officii
991 511 1093 564 mei3
1128 510 1341 553 affirmans
1364 510 1473 566 quod
1503 509 1697 566 affirmat,
1729 510 1963 568 dampnans

411 589 521 644 quod
543 588 755 645 dampnat.
802 588 1007 631 Promitto
1039 588 1179 642 etiam,
1213 588 1323 644 quod
1353 588 1404 631 ab
1426 587 1503 631 hac
1523 587 1590 630 die
1618 588 1665 631 in
1684 590 1810 632 antea
1828 586 1964 631 fidelis

375 687 379 690 ·
411 679 481 709 ero
512 666 558 708 in
589 665 774 709 eiusdem
797 665 905 708 sedis
937 665 1085 719 legatis
1116 665 1288 708 honeste
1318 665 1571 721 recipiendis
1602 677 1652 708 ac
1680 663 1962 718 remittendis-3

269 1194 386 1230 1120?

412 743 613 786 adiuvans
636 744 821 785 sanctam
845 742 923 785 Dei
946 741 1138 785 eclesiam
1158 742 1202 784 in
1224 741 1430 796 omnibus,
1453 745 1579 798 prout
1598 754 1784 798 possum,
1802 741 1964 784 viribus

412 823 455 863 et
485 820 679 875 scientia,
718 820 806 862 sine
838 818 931 862 dolo
964 822 1005 862 et
1036 818 1314 862 simulatione.
1370 819 1435 862 Ita
1464 833 1531 862 me
1561 819 1676 862 Deus
1715 819 1886 862 adiuvet
1912 821 1966 862 ¹ct

410 897 490 941 hoc
520 900 710 940 sanctum
741 896 1015 951 euangelium.
1855 901 1862 906 “

414 1021 495 1067 23.
533 1022 802 1065 Reinhardus
834 1020 901 1073 (ut
930 1020 1113 1073 videtur)
1146 1023 1363 1077 episcopus
1395 1021 1745 1064 Halberstatensis
1776 1022 1850 1082 vbis,
1877 1002 1967 1077 ³qui

529 1099 584 1141 A.
617 1101 814 1141 deiectam
845 1099 1098 1140 abbatissam
1127 1100 1392 1151 restituerint,
1426 1100 1558 1141 sacris
1588 1083 1858 1141 interdicit&

531 1187 758 1238 Quoniam⁰
790 1186 935 1229 salutis
969 1189 1199 1241 auctorem,
1239 1187 1310 1241 qui
1339 1187 1474 1230 factus
1513 1190 1576 1230 est
1617 1186 1813 1233 obediens
1853 1184 1965 1242 patri

411 1278 542 1320 usque
574 1264 627 1307 ad
657 1267 836 1307 mortem
849 1261 871 1318 ¹,
905 1277 980 1320 per
1000 1263 1324 1306 inobedientiam
1347 1267 1526 1306 vestram
1555 1267 1641 1307 tam
1668 1263 1965 1308 contumeliose

413 1356 539 1398 quam
571 1343 814 1395 arroganter
844 1341 1102 1397 reppulistis,
1134 1341 1249 1397 pacis
1280 1342 1445 1396 nuncia,
1479 1355 1557 1396 que
1587 1340 1778 1385 fidelibus
1806 1343 1848 1385 et
1868 1340 1965 1385 obe-

413 1418 622 1462 dientibus
661 1418 884 1472 debentur,
923 1418 1039 1461 vobis
1079 1418 1258 1472 dirigere
1296 1431 1373 1461 nec
1411 1418 1608 1462 debemus
1645 1432 1724 1463 nec
1758 1418 1963 1462 volumus.

412 1496 620 1539 Nimirum
644 1495 849 1537 dominice
878 1495 1194 1538 resurrectionis
1215 1509 1419 1538 summam
1442 1508 1785 1552 communemque
1805 1495 1965 1541 cunctis

411 1572 603 1616 fidelibus
624 1572 807 1615 leticiam
830 1585 924 1614 cum
945 1571 1082 1614 Iudeis
1111 1572 1496 1628 blasphemantibus
1516 1573 1751 1629 respuistis,
1782 1575 1964 1616 statuam

412 1646 828 1703 Nabuchodon0s0r2,
861 1662 985 1704 quam
1007 1648 1212 1691 Dominus
1244 1650 1327 1691 oris
1359 1649 1423 1692 sui
1455 1650 1606 1706 spiritu
1636 1649 1864 1705 glorianter
1893 1648 1965 1693 de-

413 1726 582 1780 iecerat,
615 1726 772 1769 similes
805 1726 979 1769 ethnicis
1012 1726 1307 1781 supersticiose
1338 1727 1543 1769 erexistis.

532 1803 585 1845 A.
609 1803 705 1845 olim
731 1803 885 1846 dictam
917 1802 1172 1845 abbatissam
1195 1830 1249 1835 —-
1271 1817 1348 1860 per
1370 1804 1596 1860 apostolice
1628 1804 1738 1847 sedis
1769 1802 1965 1858 legatum,

415 1880 736 1936 cooperantibus
783 1879 1106 1935 archiepiscopis
1153 1880 1358 1937 episcopis
1401 1881 1555 1924 diversi
1601 1881 1759 1924 ordinis
1805 1879 1966 1925 clericis

416 1957 803 2000 sanctimonialibus
842 1956 1042 2011 laicisque
1073 1957 1286 2000 catholicis
1319 1971 1530 2001 sacrorum
1561 1958 1715 2002 iudicio
1747 1970 1965 2012 canonum,

415 2034 487 2089 qui
510 2034 660 2090 spiritu
683 2034 823 2077 divino
845 2034 1001 2077 conditi
1022 2037 1131 2088 sunt,
1165 2034 1272 2077 sicut
1297 2026 1500 2078 intrusam
1531 2036 1638 2079 sicut
1666 2038 1965 2089 contumacem,

414 2111 474 2153 ita
503 2111 613 2154 iuste
645 2111 753 2154 sicut
783 2110 946 2167 publice
977 2111 1210 2166 depositam
1237 2114 1278 2154 et
1309 2113 1730 2165 excommunicatam;
1763 2125 1812 2155 ac
1832 2112 1966 2155 denuo

415 2188 582 2231 domino
609 2187 849 2242 Mogontine
881 2188 990 2231 sedis
1023 2188 1333 2245 archiepiscopo
1364 2190 1605 2245 cunctisque
1636 2189 1895 2246 spiritalibus
1926 2191 1969 2232 et

416 2264 671 2307 secularibus
701 2265 976 2321 principibus,
1009 2265 1079 2320 qui
1102 2266 1154 2308 ad
1175 2265 1422 2321 colloquium
1444 2266 1489 2309 in
1515 2265 1805 2323 purificatione
1825 2268 1966 2309 sancte

416 2340 547 2384 Marie
586 2341 653 2384 hic
682 2342 872 2385 habitum
908 2345 1207 2398 convenerant,
1247 2342 1599 2397 collaudantibus,
1638 2343 1756 2386 vobis
1788 2356 1965 2399 quoque,

416 2431 510 2460 cum
548 2432 624 2461 nos
658 2418 710 2462 ab
749 2419 1176 2462 excommunicatione
1215 2433 1336 2475 quam
1372 2433 1422 2462 ex
1453 2419 1527 2462 illa
1557 2405 1860 2463 contraxeratis
1891 2432 1966 2462 vos

416 2494 505 2538 Deo
529 2498 696 2538 auctore
727 2496 1048 2551 absolveremus,
1080 2496 1122 2538 id
1146 2497 1284 2552 ipsum
1310 2496 1653 2552 approbantibus,
1685 2496 1730 2539 in
1750 2496 1835 2539 iam
1856 2496 1967 2539 dicta

416 2571 712 2628 dampnatione
752 2572 1039 2616 confirmatam
1071 2597 1124 2602 -
1162 2587 1277 2616 more
1315 2573 1642 2616 scismaticorum
1682 2573 1859 2630 superbe
1901 2586 1967 2617 re-

417 2648 600 2704 cepistis.

536 2725 642 2776 Quia
677 2726 806 2780 igitur
841 2726 956 2769 nulla
993 2740 1091 2783 pars
1129 2726 1240 2770 fideli
1278 2740 1371 2770 cum
1409 2726 1598 2782 infidele,
1645 2727 1760 2771 nulla
1789 2728 1964 2771 societas

509 2822 536 2841 a.
567 2813 709 2851 promitte
725 2824 749 2844 c.
843 2814 872 2844 b.
901 2815 1064 2854 Descripsi
1084 2825 1122 2845 ex
1136 2815 1322 2846 Annalistae
1338 2815 1473 2845 Saxonis
1494 2815 1558 2846 cod.
1575 2814 1644 2846 bibl.
1658 2815 1730 2855 imp.
1745 2815 1967 2846 Paris.11851

419 2863 589 2903 (quondam
613 2866 644 2895 S.
663 2865 810 2896 Germani
832 2866 912 2905 440)
933 2866 997 2907 fol.
1011 2869 1088 2904 223,
1111 2867 1165 2898 ubi
1185 2868 1260 2898 haec
1281 2867 1410 2907 epistola
1430 2867 1522 2898 rebus
1543 2868 1620 2898 anni
1642 2869 1728 2899 1120
1749 2868 1893 2908 apposita
1913 2870 1966 2899 est.

417 2916 594 2948 Ediderunt
614 2919 759 2949 Martem
780 2924 809 2950 et
830 2919 967 2950 Durand
990 2920 1065 2951 Con.
1080 2921 1103 2951 I
1119 2921 1198 2951 660.
1322 2930 1348 2951 e.
1380 2919 1445 2958 Quo
1467 2930 1493 2951 c.

515 2981 546 3017 1.
571 2980 725 3027 Philipp.
743 2984 776 3027 2,
801 2984 837 3017 8.
978 2985 1011 3019 2.
1043 2982 1098 3019 Of.
1123 2984 1215 3018 Dan.
1234 2984 1267 3029 3,
1288 2984 1305 3019 1
1326 2994 1379 3028 sq.
