2028 3438
454 269 697 302 naamam
725 267 969 300 numetis.
1014 268 1103 298 Lm.
1125 267 1177 298 m
1206 266 1264 300 39.
1282 265 1329 299 40
1590 254 1677 297 833

95 376 227 422 ›beatir
243 374 422 432 -Georgii
459 375 661 432 calcavit,
701 374 1015 420 occurrentibus
1053 374 1092 418 ei
1130 374 1255 430 longo
1289 374 1484 418 examine
1514 372 1677 417 clericis

102 453 392 507 ets-machis
422 453 718 509 nobilibusque
747 451 868 496 laicis
899 452 946 495 in
976 451 1248 495 multitudine
1273 451 1446 509 copiosa
1467 464 1562 495 cum
1583 451 1678 494 uni-

40 517 44 522 *
102 536 230 577 versa
263 531 392 590 plebe
416 530 780 586 Babenbergensis
817 529 1010 585 ecclesie,
1049 530 1095 573 in
1131 543 1289 587 pompa
1330 532 1372 573 et
1409 529 1678 586 processione

102 608 300 666 gloriosa,
330 609 376 653 in
397 608 657 653 ornamentis
689 611 732 651 et
753 607 944 664 reliquiis
969 610 1225 663 sanctorum,
1257 607 1300 650 in
1323 607 1492 664 ympnis
1515 610 1558 650 et
1578 619 1678 649 can-

99 687 288 731 tionibus
318 700 498 745 persone
529 699 579 730 ac
609 685 812 743 tempori·
834 685 1066 742 oportunis.
1111 685 1331 741 Tantaque
1361 685 1443 728 fuit
1471 683 1677 728 exultatio

31 825 33 827 ι
96 765 304 810 vet‘doeus
335 764 629 822 susceptionis,
664 766 712 806 ut
731 762 871 807 verbis
894 762 1097 820 explicari
1118 776 1204 806 non
1225 766 1364 819 queat.
1413 761 1678 806 Salutatione

99 841 509 900 autem‘completa,
551 840 811 899 penetrabile
842 840 938 896 gelu
970 840 1098 898 pedes
1130 841 1318 899 episcopi
1351 841 1411 885 sic
1443 839 1677 895 adusserat,

99 923 151 965 ut
178 921 267 966 vite
304 920 470 976 sedem,
509 933 581 963 cor
621 922 663 963 et
692 919 862 975 vitalia,
900 919 1034 975 frigus
1074 933 1126 963 ex
1157 922 1247 963 toto
1285 933 1394 976 pene
1425 917 1677 975 possederit.

101 997 339 1056 Episcopus
370 1002 526 1053 autem,
557 1011 698 1041 rerum
731 1011 901 1053 gnarus,
935 997 1029 1041 aliis
1060 997 1240 1041 calidam
1273 1010 1427 1054 aquam
1459 996 1513 1040 ad
1533 995 1678 1039 lavan-

101 1076 184 1130 dos¹
205 1076 334 1134 pedes
355 1075 642 1131 offerentibuS,
673 1075 745 1119 ille
765 1076 962 1131 frigidam
984 1075 1178 1133 poposcit
1198 1078 1253 1131 et,
1285 1075 1509 1132 imponens
1532 1073 1676 1131 pedes,

99 1153 259 1210 frigore
287 1154 422 1210 frigus
451 1153 730 1211 propulsavit.

220 1231 384 1276 Memor
421 1244 521 1287 ergo
553 1233 639 1275 voti
682 1232 768 1287 sui,
806 1234 904 1288 post
943 1244 1100 1288 9611603
1139 1230 1229 1274 dies
1269 1229 1549 1287 susceptionis
1589 1242 1677 1285 3116,

99 1312 330 1367 ω’1160116111
365 1309 418 1354 de
449 1308 544 1353 aliis
574 1309 700 1354 rebus
733 1309 820 1353 suis
853 1308 1089 1364 ordinaret,
1128 1308 1305 1352 nuncios
1335 1307 1515 1351 Romam
1546 1306 1680 1350 mittit

103 1385 364 1432 6111116163ι
395 1387 442 1430 in
471 1386 584 1431 hunc
613 1387 809 1431 modum:

132 1467 137 1470 '
222 1466 295 1509 40.
343 1463 560 1521 „Domino
605 1468 648 1509 et
685 1464 798 1522 patri
837 1478 913 1508 suo
953 1463 1148 1508 Paschali
1186 1466 1330 1507 sancte
1369 1467 1412 1507 et
1450 1462 1678 1520 apostolice

103 1543 215 1588 sedis
245 1542 477 1587 universali
509 1543 707 1600 episcopo
739 1542 859 1598 Otto,
890 1541 1254 1597 Babenbergensis
1285 1541 1459 1585 ecclesie
1490 1540 1535 1584 id
1567 1540 1679 1597 quod

84 1607 182 1678 est,
212 1623 302 1665 tam
331 1620 483 1665 devote
513 1633 642 1677 quam
673 1619 814 1664 debite
845 1620 1116 1664 subiectionis
1139 1620 1351 1663 orationes
1374 1622 1417 1663 et
1437 1619 1675 1663 servicium.

101 1698 212 1752 Quia
239 1699 375 1743 tocius
406 1698 689 1743 ecclesiastice
719 1698 939 1753 dignitatis
972 1711 1021 1742 ac
1051 1697 1269 1753 religionis
1299 1696 1611 1741 firmamentum
1633 1697 1678 1740 in

100 1776 271 1822 Christo
302 1779 425 1834 96116,
455 1779 521 1821 est
551 1779 594 1820 et
621 1776 666 1819 in
686 1775 812 1820 Petro
835 1776 924 1820 eius
946 1775 1153 1833 discipulo
1175 1779 1218 1820 et
1238 1775 1328 1819 eius
1350 1774 1677 1829 successoribus,

101 1854 260 1900 idcirco
291 1854 344 1899 ab
374 1854 454 1899 hac
482 1854 615 1909 linea,
655 1853 707 1897 ab
738 1854 818 1897 hac
848 1855 968 1909 virga
999 1854 1264 1909 directionis,
1301 1853 1422 1908 virga
1451 1866 1678 1908 regnorum

101 1931 422 1991 pontificatuum
455 1935 498 1976 et
528 1932 717 1975 omnium
749 1932 1032 1989 potestatumb
1064 1933 1107 1975 in
1133 1931 1324 1987 ecclesia,
1356 1931 1552 1974 insanum
1575 1930 1678 1973 duxi

103 2011 313 2055 aberrare.
360 2009 490 2054 Vobis
522 2010 665 2065 igitur,
704 2013 827 2066 pater
857 2010 1138 2065 sanctissime,
1176 2012 1219 2053 et
1250 2012 1394 2052 sancte
1425 2008 1553 2052 matri
1585 2021 1677 2052 mee

102 2088 291 2133 Romane
321 2087 496 2132 ecclesie
517 2087 671 2131 collum
694 2087 844 2131 devote
865 2087 1132 2143 submittens,
1165 2086 1371 2130 auxilium
1393 2090 1435 2130 et
1456 2086 1677 2130 consilium

0 2158 2 2205 ἶ
34 2211 36 2214 ,
102 2166 157 2211 de
185 2166 312 2210 rebus
343 2166 450 2210 meis
481 2165 636 2220 flagito.
685 2165 733 2208 In
765 2165 964 2222 obsequio
987 2165 1100 2209 enim
1122 2165 1284 2208 domini
1307 2165 1390 2208 mei
1410 2164 1678 2221 imperatoris

103 2258 181 2302 per
211 2257 344 2288 annos
382 2243 544 2300 aliquot
584 2243 740 2298 degens
783 2247 825 2287 et
861 2243 1043 2299 gratiam
1081 2244 1126 2286 in
1158 2243 1289 2286 oculis
1322 2242 1412 2286 eius
1442 2242 1677 2297 inveniens,

103 2324 343 2379 suspectam
374 2321 534 2365 habens
566 2321 618 2364 de
649 2335 777 2364 manu
807 2322 1014 2378 principis
1043 2321 1353 2375 investituram,
1386 2319 1517 2363 semel
1538 2319 1678 2363 61116-

103 2413 213 2455 rum,
243 2412 340 2443 cum
364 2398 467 2443 dare
487 2398 627 2454 vellet,
660 2400 810 2443 rennui
832 2399 1136 2457 episcopatum.
1178 2398 1300 2441 Nunc
1323 2411 1421 2442 vero
1443 2398 1529 2440 iam
1551 2396 1678 2440 tertio

101 2476 149 2520 in
179 2476 521 2531 Babenbergensi
560 2477 809 2533 episcopatu
846 2490 916 2520 me
955 2476 1179 2519 ordinavit.
1232 2476 1279 2518 In
1311 2489 1392 2531 quo
1425 2478 1567 2518 tamen
1598 2474 1679 2518 mi-

99 2553 219 2597 nime
256 2554 536 2611 permanebo,
577 2554 659 2597 nisi
691 2557 830 2597 vestre
868 2554 1114 2611 conplaceat
1144 2553 1361 2597 sanctitati
1398 2566 1474 2609 per
1506 2565 1579 2595 vos
1610 2565 1679 2595 me

103 2630 306 2675 investire
336 2634 380 2675 et
409 2644 669 2676 consecrare.
718 2631 924 2687 Quicquid
957 2645 1055 2686 ergo
1087 2631 1253 2687 placeat
1273 2630 1518 2674 discretioni
1539 2632 1678 2674 vestre

105 2707 158 2752 de
187 2721 270 2764 me,
301 2722 379 2766 per
408 2709 584 2752 nuncios
617 2722 733 2752 meos
762 2707 996 2763 significate
1016 2707 1146 2751 michi
1167 2721 1288 2752 servo
1311 2711 1464 2763 vestro,
1496 2720 1550 2751 ne
1569 2707 1699 2750 forte'

103 2785 150 2829 in
179 2798 359 2830 vacuum
397 2783 607 2841 curram²,
647 2786 684 2829 si
722 2786 776 2829 ad
813 2799 889 2829 vos
927 2798 1096 2829 currere
1134 2786 1349 2843 incipiam.
1399 2785 1677 2842 Omnipotens

104 2861 221 2908 Deus
251 2863 379 2908 michi
410 2863 644 2920 propiciam
675 2862 1007 2906 incolomitatem
1037 2866 1223 2907 vestram
1254 2861 1505 2907 custodiat“.

203 2948 230 2970 a.
262 2941 399 2979 tempore
421 2940 462 2977 N,
486 2940 617 2979 tempori
639 2940 678 2970 R.
894 2940 923 2970 b.
956 2941 1163 2979 potestatuum
1185 2940 1226 2970 N.

204 2991 237 3026 1.
263 2991 364 3034 Quae
381 2994 595 3038 sequuntur,
621 2991 798 3037 epistolae
814 2991 909 3028 duae
927 2992 1204 3028 commenticiae
1220 2995 1317 3038 sunt,
1343 2990 1389 3028 cf.
1409 3002 1521 3038 supra
1545 3002 1581 3037 p.
1595 2991 1676 3027 702.

107 3050 142 3086 2.
168 3048 248 3086 Gal.
267 3050 301 3095 2,
327 3052 361 3086 2.

165 3113 274 3147 Jarn'.
295 3116 489 3145 Bibliotheca
503 3116 542 3144 V.
1346 3111 1391 3146 53

1717 383 1810 419 1103

1701 433 1789 463 Febr.
1803 433 1820 463 1
