2028 3438
277 373 368 410 1189

288 423 361 462 Apr.

245 1916 317 1954 Apr.
331 1915 372 1945 29

393 244 480 287 840
889 258 952 288 nx
982 257 1229 289 mammas
1258 256 1454 289 0T'1'0N18

394 365 548 421 amiur,
583 365 659 420 qui
687 365 885 420 mayister
915 373 953 408 et
977 366 1250 422 praedicator
1278 365 1612 407 Pomeranorum
1641 357 1949 409 diciwrwhu

394 449 560 484 sanctus
593 449 630 483 et
658 456 752 483 vere
783 441 924 484 beatus
955 428 1075 485 homo
1107 450 1178 495 est,
1217 443 1319 498 quia
1349 441 1487 484 Deum
1516 443 1656 484 timuit
1681 449 1721 484 et
1734 442 1949 491 ‘mndata

396 520 482 560 eius
523 515 787 561 observavit¹.
843 518 1120 562 Veruntamen
1159 519 1235 561 ubi
1272 527 1330 560 est
1367 518 1469 560 liber
1498 518 1799 561 miraculorum
1819 518 1949 570 sius?

396 593 502 636 Tum
535 593 683 637 abbas:
719 594 772 638 Si
801 597 851 638 de
881 597 969 638 vita
1001 598 1086 638 eius
1119 597 1292 651 queoitis
1315 621 1368 626 ——
1393 594 1528 650 aperit
1558 592 1949 650 librum,>qni;1dub

396 674 510 714 veste
529 669 688 714 latebat
703 695 758 700 —
777 687 826 714 en
846 671 985 726 inquit
1005 673 1070 714 hic
1093 681 1162 714 cst.
1201 671 1259 714 Et
1279 671 1467 728 porrexit
1485 670 1639 714 librum
1649 667 1678 714 ².
1758 670 1949 715 Dmnnus

394 761 493 791 vero
525 747 777 803 apostolicus
809 751 1049 804 susceptum
1081 748 1235 791 librum
1266 748 1440 791 tradidit
1469 747 1542 790 uni
1562 745 1949 804 cardinaliuftn3³=oui

394 837 547 867 nomen
579 827 663 867 est‘¹
694 822 947 880 Laborans³,
986 825 1148 868 dicens:
1189 826 1360 868 Labora
1390 826 1468 867 hac
1497 833 1614 868 nocte
1644 824 1797 878 librum
1825 813 1950 874 istum

389 902 617 959 perleyere,
649 911 696 944 ut
718 917 810 944 cras
841 904 1011 945 virtutes
1044 903 1154 945 beati
1181 904 1267 945 viri
1294 904 1402 944 scias
1433 902 1562 945 michi
1588 903 1823 945 summatim
1850 914 1949 960 per·-

395 981 607 1035 strinyere.
729 978 808 1029 Qui
840 979 1049 1035 accipiens
1079 979 1183 1033 legit
1221 982 1263 1021 et
1301 992 1396 1022 cera
1427 991 1614 1034 quaeque
1644 978 1847 1022 notabilia
1874 980 1950 1022 ιἰο-

394 1055 512 1098 tavit.
559 1054 706 1098 Altera
738 1058 875 1098 autem
909 1055 975 1098 die
1008 1055 1182 1112 protulit
1211 1055 1378 1110 librum,
1411 1058 1454 1098 et
1481 1069 1566 1098 una
1586 1068 1679 1099 cum
1701 1054 1851 1101 abbate
1881 1068 1950 1100 ao-

395 1131 545 1174 cedens
578 1132 631 1174 ad
662 1145 869 1174 summum
903 1132 1164 1188 pontificem,
1197 1133 1305 1176 dixit
1335 1132 1392 1175 ei:
1436 1132 1637 1189 Quisquis
1667 1134 1798 1176 vitam
1819 1133 1950 1176 huius

396 1211 532 1251 sancti
562 1209 672 1266 leyit,
709 1212 1005 1266 conparatione
1036 1212 1170 1267 ipsius
1203 1219 1405 1266 ‘quantum
1435 1212 1526 1267 ipse
1555 1212 1601 1253 in
1631 1210 1772 1265 infimo
1801 1211 1948 1263 iaceat,

396 1287 603 1343 intelliyit.
659 1287 717 1330 Ec
746 1289 855 1330 inter
885 1287 1137 1342 confessores
1170 1286 1327 1330 Christi
1354 1287 1465 1329 nulli
1492 1288 1716 1329 secundum
1747 1288 1950 1340 &edimus

397 1363 560 1406 beatum
586 1363 787 1416 Gitonem,
821 1379 913 1406 cum
934 1366 1006 1406 vim
1026 1365 1174 1407 habeat
1199 1369 1373 1421 parem3
1405 1365 1480 1420 qui
1499 1364 1550 1406 ab
1572 1366 1736 1408 ineunte
1760 1366 1952 1421 puericia

396 1442 709 1483 misericordiae
741 1442 933 1497 operibus
963 1442 1179 1484 miraculis
1210 1441 1430 1483 virtutibus
1463 1450 1500 1483 et
1529 1432 1759 1484 humilitate
1783 1441 1948 1493 claruit,

393 1520 717 1574 persecutionem
744 1533 825 1574 pro
846 1519 938 1561 Deo
971 1521 1179 1571 sustinuit,
1212 1527 1249 1561 ec
1278 1518 1492 1574 apostolus
1513 1518 1846 1560 Pomeranorum
1874 1520 1949 1560 no-

396 1596 556 1637 minari
585 1603 622 1636 et
652 1610 736 1637 csse
766 1597 927 1638 meruit.
1867 1647 1869 1649 -

515 1671 781 1727 Apostolicus
813 1672 955 1726 itaque
986 1695 1035 1700 —
1068 1671 1157 1714 Deo
1189 1671 1345 1726 gratias
1378 1684 1504 1726 agens
1544 1674 1586 1713 et
1625 1683 1725 1714 suae
1759 1670 1950 1715 felicitati

397 1748 615 1804 deputans,
649 1747 758 1803 quod
789 1748 840 1790 ad
873 1748 960 1790 eius
992 1752 1184 1804 tempora
1214 1749 1320 1792 tanti
1343 1748 1423 1791 viri
1444 1748 1574 1791 dilata
1604 1747 1871 1790 canonizacio
1893 1770 1947 1777 -—

398 1825 496 1868 data
527 1825 739 1867 sentencia
771 1825 903 1867 vicem
935 1838 1054 1867 suam
1078 1825 1386 1868 venerabilibus
1418 1825 1625 1882 episcopis
1647 1824 1791 1868 ottoni
1811 1824 1950 1868 Eiste-

396 1902 506 1945 tensi
539 1904 580 1944 et
610 1901 853 1944 Eberhardo
886 1901 1218 1956 Merseburgensi
1251 1900 1495 1957 commisit⁴,
1532 1902 1603 1958 qui
1633 1901 1803 1945 beatum
1822 1901 1950 1946 -Otto-

397 1992 493 2022 nem
526 1979 824 2021 canonizarent
862 1981 903 2022 et
941 1982 1131 2022 sanctum
1162 1992 1252 2022 esse
1282 1979 1401 2022 iuxta
1430 1992 1581 2022 nomen
1614 1981 1852 2022 sanctorum
1882 1991 1950 2023 ec-

397 2055 547 2099 clesiae
585 2055 886 2111 praedicarent.
1006 2055 1150 2099 Abbas
1187 2056 1347 2111 itaque,
1387 2070 1540 2111 magna
1576 2068 1846 2112 praesumens
1877 2056 1950 2099 sed

398 2133 557 2175 maiora
587 2133 716 2175 immo
748 2133 889 2175 omnia
926 2146 1002 2189 pro
1034 2132 1183 2187 quibus
1221 2132 1273 2175 ad
1304 2133 1444 2176 sedem
1477 2133 1748 2189 apostolicam
1780 2137 1951 2177 venerat

397 2209 655 2266 percipiens,
695 2209 923 2266 apostolico
964 2213 1006 2253 et
1035 2209 1247 2252 Romanae
1278 2210 1417 2253 curiae
1454 2209 1661 2265 infinitas,
1699 2213 1747 2253 ut
1777 2210 1949 2265 dignum

399 2289 502 2341 erat,
540 2286 773 2342 rependens
805 2287 976 2341 gratias,
1009 2290 1179 2343 accepta
1210 2287 1394 2329 omnium
1426 2287 1727 2343 benedictione,
1757 2300 1853 2331 cum
1882 2300 1949 2330 sa—

397 2363 483 2405 lute
515 2366 557 2406 et
586 2363 765 2406 sanitate
801 2363 910 2406 redit
948 2363 1000 2405 ad
1038 2365 1231 2420 propria3
1269 2363 1467 2407 Romanis
1500 2363 1552 2406 ad
1581 2364 1760 2407 invicem
1791 2364 1843 2408 de
1870 2364 1950 2408 hoc

398 2439 525 2483 verbo
556 2440 862 2483 conferentibus
895 2443 937 2483 et
967 2453 1060 2483 cum
1092 2441 1368 2484 admiratione
1389 2440 1640 2484 dicentibus:
1673 2454 1718 2484 se
1747 2454 1832 2484 non
1861 2454 1949 2485 me·-

398 2516 571 2559 minisse
607 2519 693 2559 tam
734 2530 860 2571 grave
898 2517 1115 2571 negocium
1155 2531 1352 2573 umquam
1388 2520 1475 2560 tam
1506 2517 1681 2561 celerem
1713 2521 1755 2561 et
1782 2518 1947 2562 facilem

400 2593 591 2635 sortitum
626 2593 829 2648 effectum,
861 2595 1107 2649 praesertim
1130 2608 1222 2638 cum
1244 2608 1420 2649 magnae
1451 2597 1493 2637 et
1513 2594 1587 2637 alti
1609 2595 1823 2650 sanguinis
1853 2609 1948 2652 per—

399 2682 539 2724 sonae,
571 2683 677 2725 quae
708 2684 784 2726 pro
810 2671 1016 2714 similibus
1047 2671 1229 2724 negociis
1250 2671 1423 2715 Romam
1450 2675 1663 2727 venerant,
1693 2671 1846 2716 infecto
1875 2685 1948 2715 ne·

399 2746 516 2799 gocio
546 2746 759 2790 redierint.
1812 2756 1816 2759 '

496 2871 522 2892 a.
555 2865 601 2892 est
622 2863 660 2900 A,
683 2865 747 2893 erat
768 2865 806 2895 B.

495 2926 528 2960 1.
553 2925 672 2960 Eccle.
688 2927 743 2971 12,
763 2927 818 2962 13.
902 2928 935 2962 2.
961 2927 1007 2963 de
1023 2937 1095 2972 quo
1112 2926 1157 2962 cf.
1176 2937 1286 2976 supra
1301 2938 1336 2973 p.
1351 2928 1431 2963 584.
1510 2928 1543 2963 3.
1568 2928 1688 2973 presb.
1707 2928 1804 2964 card.
1822 2928 1858 2964 S.
1871 2929 1947 2965 Ma·

401 2983 476 3020 riae
488 2986 588 3019 trans
597 2983 756 3020 Tiberim
768 2985 824 3020 tit.
835 2985 977 3021 Calixti.
1018 2986 1052 3021 4.
1070 2986 1128 3021 die
1142 2986 1187 3021 29
1196 2985 1284 3030 Apr.
1295 2986 1397 3021 1189.
1412 2986 1455 3022 V.
1464 2986 1553 3032 Reg.
1561 2989 1661 3033 pont.
1669 2986 1945 3023 Rom.n.10147.
