2028 3438
477 249 729 283 musa-omn
759 249 1133 282 amasne-ansas.
1181 247 1214 282 2.
1232 248 1255 282 3
1559 237 1615 279 47
1620 236 1647 279 9

64 357 266 407 -estwita'
291 357 480 414 hnmana
509 354 639 415 super
675 359 847 401 terram.
901 355 997 400 Non
1029 358 1094 400 est
1122 355 1269 411 homo,
1312 356 1384 412 qui
1414 369 1500 399 non
1531 355 1650 400 bibat

66 435 128 480 de
157 434 294 480 calice
317 436 415 480 isto.
466 434 697 480 Gonvertat'
724 434 840 478 Deus
870 433 1030 478 luctum
1062 437 1181 478 tuum
1214 433 1259 476 in
1289 433 1488 488 gaudium
1504 430 1526 476 ¹.

118 531 122 547 ι
195 511 333 557 Nimis
354 517 570 569 angustor,
603 512 714 568 quod
734 515 823 556 tam
844 511 1001 556 dudum
1020 514 1101 567 est,
1133 510 1246 567 quod
1264 514 1308 555 ‘te
1330 523 1407 555 nec
1432 510 1649 554 audieram

75 602 155 646 nec
174 589 377 635 videram.
423 590 521 635 Ideo
537 589 691 634 vellem
717 589 876 646 aliquid
898 589 1053 635 audire
1066 592 1248 644 tuorum,
1278 588 1367 631 sive
1389 601 1466 645 per
1484 587 1649 631 litteras

77 667 166 712 sive
203 681 280 726 per
310 668 451 712 vivam
480 681 640 712 vocem.
698 666 781 711 Sed
813 667 870 710 sit
908 667 1121 711 arbitratu
1154 669 1239 710 tue.
1297 665 1410 710 Satis
1448 679 1650 722 operosus

64 758 148 801 -es3
175 758 263 791 non
289 746 428 790 *audeo
453 745 594 801 :magis
625 749 668 790 te
698 744 942 800 defatigare.

67 964 128 1019 ἃ.
164 966 392 1019 Dedicatio
425 967 618 1018 ecclesiae
651 966 697 1011 S.
720 967 844 1010 Petri
871 967 1269 1023 Babenberyemiefl

135 1085 142 1098 2
189 1055 322 1100 ‘Anno
353 1055 561 1109 dominice
591 1055 899 1099 incarnacionis
933 1056 1047 1098 1012
1079 1054 1305 1099 Heinricus
1337 1053 1543 1097 secundus
1575 1066 1651 1096 rex

64 1133 452 1179 ehristianinimus
481 1134 527 1178 in
558 1133 649 1177 loco
678 1133 928 1188 Babenberg
959 1133 1091 1188 dicto,
1133 1146 1256 1189 quem
1291 1132 1528 1188 inspirante
1560 1131 1650 1174 Deo

78 1211 245 1269 pridem
275 1211 330 1255 ad
359 1211 650 1268 episcopatum
682 1211 818 1255 erexit
848 1211 1046 1267 omnique
1083 1214 1253 1254 terrena
1286 1209 1487 1253 facultate
1519 1209 1651 1252 abun-

79 1289 230 1334 danter
258 1288 425 1345 ditavit,
456 1289 764 1334 dedicationem
796 1289 889 1333 fieri
920 1288 1095 1333 ecclesie
1115 1288 1285 1342 statuit;
1318 1288 1383 1331 cui
1405 1288 1498 1344 ipse
1521 1287 1652 1331 inter-

78 1366 162 1411 fuit
190 1379 287 1411 cum
318 1366 534 1423 omnibus,
572 1381 676 1424 quos
708 1367 913 1411 advocare
944 1367 1097 1424 potuit*
1142 1366 1276 1421 Igitur
1307 1367 1334 1408 2
1363 1365 1471 1408 Non.
1493 1364 1597 1409 Maii
1627 1379 1653 1408 a

81 1444 363 1501 quadraginta
400 1445 585 1502 quinque
625 1445 834 1503 episcopis
872 1445 1018 1489 eadem
1051 1444 1258 1488 dedicatio
1296 1443 1374 1487 hoe
1411 1443 1558 1488 ordine
1589 1446 1654 1487 est

80 1521 303 1568 celebrata.

124 1640 126 1642 ,
187 1586 659 1657 Altaremccidentassle,
699 1600 810 1657 quod
845 1601 890 1644 in
922 1600 1068 1644 eadem
1102 1599 1277 1643 ecclesia
1310 1599 1559 1656 precipuum
1591 1601 1655 1642 est

81 1681 126 1723 et
154 1677 410 1736 principale,
430 1679 710 1722 consecravit
739 1678 992 1722 venerabilis
1023 1678 1317 1734 Eberhardus,
1350 1678 1512 1735 primus
1545 1676 1653 1720 eius-

81 1755 178 1800 dem
200 1756 322 1800 sedis
353 1756 598 1814 episcopus,
630 1757 675 1800 in
705 1756 908 1800 honorem
939 1760 1084 1800 sancte
1115 1760 1157 1800 et
1187 1756 1402 1799 individue
1433 1754 1654 1798 Trinitatis

83 1847 132 1878 ac
162 1837 306 1878 sancte
337 1837 380 1878 et
399 1834 744 1878 victoriosissime
776 1835 912 1878 crucis
935 1838 976 1878 et
997 1835 1041 1878 in
1066 1834 1267 1878 honorem
1291 1836 1531 1877 sanctorum
1554 1846 1654 1890 apo-

82 1910 296 1956 stolorum.
315 1910 436 1956 Petri
465 1915 508 1956 et
537 1911 659 1956 Pauli
699 1913 970 1969 omniumque
1009 1912 1297 1970 apostolorum
1335 1914 1377 1955 et
1415 1911 1550 1955 sancti
1581 1910 1654 1954 Ki-

81 1988 187 2033 liani
217 1989 643 2046 sociorumqueeius.
689 1974 887 2047 'Reliquie
929 1994 1068 2034 autem
1101 1991 1147 2033 in
1177 1990 1325 2034 eodem
1356 1989 1480 2032 altari
1519 1989 1656 2046 posite

82 2070 201 2112 sunt:
235 2066 288 2112 de
317 2071 467 2112 catena
497 2068 633 2112 sancti
652 2067 782 2124 Petri,
814 2069 866 2112 de
898 2069 1103 2124 sanguine
1134 2068 1268 2112 sancti
1299 2067 1421 2110 Pauli
1453 2066 1654 2123 apostoli;

83 2148 409 2202 sanctorumque
440 2146 726 2203 apostolorum
747 2146 943 2202 reliquie:
975 2146 1172 2190 Iohannis
1199 2145 1381 2203 apostoli
1411 2148 1453 2189 et
1477 2158 1657 2200 euange-

82 2222 200 2280 liste,
232 2223 394 2280 Iacobi,
426 2224 617 2279 Andree,
650 2224 829 2279 Thome,
866 2223 1052 2281 Philippi
1085 2229 1127 2268 et
1155 2224 1315 2279 Iacobi,
1355 2222 1655 2278 Bartholomei,

82 2300 298 2356 Barnabe3
331 2301 384 2346 de
413 2302 583 2346 sudario
604 2301 792 2357 Domini,
825 2302 877 2345 de
909 2302 1130 2359 sepulchro
1151 2301 1338 2357 Domini,
1371 2301 1423 2344 de
1455 2300 1656 2343 sandaliis

84 2377 279 2435 Domini,
317 2380 371 2424 de
399 2379 514 2435 ligno
547 2379 742 2436 Domini,
781 2379 832 2423 de
864 2380 1069 2434 sanguine
1100 2379 1294 2433 Domini;
1335 2382 1379 2422 et
1409 2392 1462 2422 ex
1492 2379 1656 2433 integro

85 2470 264 2515 corpora
294 2460 535 2501 sanctorum
557 2456 636 2502 Gai
665 2471 775 2515 pape
797 2461 839 2502 et
858 2458 1044 2501 Ermetis
1067 2457 1276 2512 martiris3
1310 2456 1486 2512 reliquie
1507 2455 1658 2500 Cosme

86 2538 129 2580 et
158 2538 287 2592 caput
315 2534 528 2579 Damiani.

204 2612 416 2657 Dextrum
453 2612 587 2657 altare
625 2613 894 2657 occidentalis
932 2613 1079 2656 altaris
1120 2612 1403 2656 consecravit*
1422 2612 1658 2656 venerande

86 2690 290 2735 memorie
312 2689 561 2735 Heribertus
582 2690 845 2735 Coloniensis
877 2690 1218 2748 archiepiscopus
1239 2690 1283 2734 in
1314 2690 1515 2734 honorem
1537 2703 1659 2734 sanc-

183 2842 209 2863 ι.
240 2833 404 2873 Descripsi
426 2833 566 2874 primum
594 2843 676 2864 anno
699 2834 786 2864 1859
812 2833 928 2864 iterum
956 2843 1038 2864 anno
1062 2835 1147 2864 1867
1176 2843 1214 2864 ex
1242 2833 1306 2864 cod.
1330 2833 1401 2864 bibl.
1418 2832 1658 2873 Bamberyensis

88 2884 149 2917 Ed.
164 2885 216 2917 111
234 2887 289 2923 15,
322 2886 489 2917 membran.
512 2886 701 2926 psalterium
733 2897 814 2918 saec.
836 2887 917 2917 XIV
941 2886 1129 2923 continente,
1162 2885 1196 2916 in
1224 2896 1283 2927 quo
1314 2886 1390 2917 haec
1421 2886 1536 2917 relatio
1563 2896 1659 2917 mama

87 2947 170 2970 saec.
184 2939 217 2970 X
223 2939 250 2970 V
266 2938 421 2970 collocata
442 2944 496 2970 est.
529 2939 626 2970 Edidi
646 2940 681 2971 in
703 2941 789 2971 Mon.
808 2940 910 2971 Germ.
927 2941 985 2970 SS.
1001 2940 1097 2971 XVII
1117 2941 1194 2971 6¹35.

188 3010 218 3046 1.
244 3009 378 3046 Esther
404 3010 458 3055 13,
487 3010 542 3046 17.

1723 364 1816 400 1007

1668 414 1740 453 post
1755 413 1833 444 Nov.
1846 414 1862 443 1

1690 1063 1783 1098 1012

1675 1112 1745 1142 Mai.
1762 1113 1781 1143 6
