2028 3438
381 209 470 252 424
895 221 1115 253 rmamzrcr
1143 221 1312 253 connx.
1356 219 1428 253 245
1479 222 1484 246 2

266 338 359 374 1130
381 327 556 371 rubeam
586 327 676 371 'sibi
714 336 892 384 cappam
931 341 1170 384 assumens,
1216 327 1494 371 universalem
1534 330 1733 371 matrem
1746 330 1949 378 nostrum

159 574 246 605 Mart.
259 575 365 614 —Apr

384 407 570 447 sanctam
616 403 847 447 Romanam
893 404 1109 448 ecclesiam
1153 405 1334 462 turpiter
1373 417 1578 461 usurpare
1604 403 1661 448 et
1693 415 1943 461 symmac*

385 494 587 538 occupare
618 481 844 525 contendit.

503 557 594 600 Hac
623 557 765 613 itaque
787 558 1223 614 veritate-comperta,
1255 570 1348 601 cum
1373 557 1653 601 universitate
1674 557 1804 601 totius
1823 556 1938 601 Itali-

385 641 479 678 cae
512 634 711 678 ecclesiae
741 635 1002 691 praedictum
1033 634 1341 689 Innocentium,
1374 635 1511 702 virum
1543 634 1728 678 sobrium
1758 634 1940 703 pruden-

384 714 470 755 tem
502 714 662 754 castum
693 714 958 754 mansuetum
979 711 1179 754 humilem
1201 711 1396 766 omnique
1417 700 1580 754 morum
1605 698 1821 755 honestate
1838 710 1945 755 cou-

386 788 547 842 ditum,
578 801 653 844 pro
692 801 810 830 more
847 788 1047 831 ecclesiae
1084 802 1160 845 per
1198 788 1460 844 supradictos
1491 785 1769 832 venerabiles
1782 787 1941 832 fratres

386 864 586 907 divinitus
617 868 926 919 consecratum,
966 868 1155 908 nostrum
1188 865 1468 908 universalem
1506 868 1666 921 patrem
1707 867 1861 922 papam
1900 867 1942 908 et

386 941 661 996 apostolicum
699 941 985 984 indubitanter
1024 941 1316 998 amplectimur
1347 941 1495 984 devote
1533 930 1708 985 colimus
1744 945 1802 985 ‘et'
1818 954 1942 985 vene-

385 1031 541 1060 ramur.
588 1017 828 1061 Predictum
850 1031 948 1061 vero
968 1017 1153 1073 Petrum,
1184 1031 1281 1062 vere
1311 1018 1443 1062 leonis
1463 1016 1669 1073 rugientis
1687 1016 1942 1074 filium'que-

385 1097 547 1137 rentem
580 1107 703 1149 quem
735 1094 905 1138 devoret
918 1091 940 1148 ¹,
973 1098 1187 1150 tamquam
1220 1108 1303 1138 non
1335 1094 1512 1138 electum
1537 1095 1611 1139 sed
1641 1098 1787 1138 contra
1805 1094 1952 1138 Deum·

388 1174 430 1213 et
460 1174 649 1213 sanctam
682 1171 898 1214 ecclesiam
938 1174 1143 1226 erectum,
1186 1185 1270 1214 non
1308 1175 1570 1228 assumptum
1609 1172 1683 1215 sed
1717 1170 1941 1226 intrusum,

386 1261 470 1290 non
503 1247 778 1303 apostolicum
810 1248 882 1291 sed
905 1248 1196 1304 apostaticum,
1227 1262 1311 1291 non
1334 1248 1584 1292 catholicum
1606 1248 1680 1292 sed
1698 1248 1942 1304 hereticum,

387 1338 470 1367 non
503 1328 789 1368 consecratum
824 1325 897 1367 sed
933 1328 1193 1379 execratum,
1235 1324 1378 1368 divina
1408 1326 1446 1368 ei
1476 1325 1520 1368 in
1560 1323 1832 1369 omnibus-et
1867 1338 1944 1382 per

389 1401 529 1443 omnia
558 1401 868 1445 contradicente
900 1402 1160 1456 auctoritate,
1193 1401 1548 1458 condempnantes
1579 1402 1832 1449 abdicamus.
1879 1416 1884 1418 ·

507 1477 682 1521 Vestrae
712 1478 841 1533 igitur
872 1479 1106 1522 sanctitatis
1147 1479 1411 1535 prudentiam
1443 1479 1688 1536 suppliciter
1722 1489 1944 1523 exoramus

389 1559 431 1599 et
466 1556 625 1599 vicaria
662 1556 836 1599 caritate
875 1556 1154 1599 constantiam
1190 1560 1354 1600 vestrae
1392 1555 1489 1599 fidei
1527 1556 1642 1599 velut
1677 1555 1944 1619 columpnam

388 1633 633 1676 inmobilem
664 1633 708 1676 in
739 1632 920 1676 Domino
953 1632 1249 1688 confortamus,
1283 1634 1479 1688 quatinus
1510 1633 1554 1675 in
1584 1632 1666 1676 fide
1697 1632 1809 1677 beati
1829 1631 1945 1677 Petri

390 1714 432 1754 et
460 1711 505 1753 in
537 1710 774 1753 obedientia
805 1710 893 1752 eius
925 1709 1091 1764 vicarii,
1128 1710 1342 1753 karissimi
1381 1710 1512 1767 patris
1551 1710 1685 1753 nostri
1714 1709 1946 1758 Innocentii

389 1801 465 1844 per
497 1788 676 1841 gratiam
709 1787 841 1829 sancti
864 1785 1046 1842 Spiritus
1079 1786 1212 1842 electi,
1245 1790 1494 1843 sanctaeque
1513 1786 1726 1830 Romanae
1746 1786 1946 1831 ecclesiae

391 1864 611 1907 dilectione
641 1862 817 1906 firmiter
849 1863 1098 1919 persistatis,
1144 1862 1353 1919 Preterea,
1385 1877 1438 1907 ne
1469 1864 1598 1907 vestis
1619 1863 1775 1907 Christi
1801 1864 1946 1908 incon-

391 1941 528 1984 sutilis
561 1955 586 1983 a
616 1939 786 1997 perfidis
819 1943 860 1983 et
888 1939 1125 1984 infidelibus
1157 1944 1311 1984 sortem
1343 1941 1625 1996 mittentibus,
1662 1940 1774 1997 quod
1804 1940 1946 1984 divina

391 2021 568 2061 avertat.
583 2017 816 2072 clementia,
849 2014 1082 2060 dividatur²
1105 2020 1146 2060 et
1166 2017 1286 2060 navis
1306 2016 1422 2060 Petri
1441 2016 1635 2061 fluctibus
1655 2017 1830 2061 marinis
1848 2017 1947 2061 hinc

390 2095 487 2138 inde
520 2105 721 2138 concussa
751 2094 1023 2150 periclitetur,
1055 2095 1322 2138 devotissime
1353 2095 1634 2149 suggerimus:
1669 2098 1717 2138 ut
1746 2094 1946 2139 domnum

390 2171 636 2214 Lotharium
667 2171 989 2214 invictissimum
1017 2172 1299 2215 Romanorum
1330 2186 1486 2226 regem»
1503 2172 1555 2215 ad
1585 2172 1729 2215 urbem
1760 2172 1852 2216 sine
1883 2171 1945 2215 di·-

390 2249 547 2291 latione
577 2249 719 2291 venire
750 2248 929 2291 viriliter
962 2253 1004 2292 et
1041 2249 1246 2292 instanter
1277 2249 1460 2292 exortari
1497 2249 1745 2304 dignemini3
1786 2251 1831 2292 et
1857 2252 1945 2292 tam

392 2329 556 2368 vestrae
587 2325 797 2368 dioceseos
828 2325 979 2368 fratres
1010 2328 1052 2368 et
1081 2326 1348 2382 coepiscopos
1370 2339 1494 2380 quam
1526 2326 1650 2369 etiam
1671 2325 1854 2381 reliquos
1876 2338 1946 2369 ve-

393 2406 502 2445 stros
535 2402 927 2459 comprovinciales,
966 2401 1080 2445 velut
1119 2402 1224 2445 alter
1259 2402 1408 2445 Petrus
1448 2402 1670 2458 aliquando
1707 2403 1944 2457 conversus,

393 2479 435 2521 in
458 2479 673 2535 praedicta
693 2478 774 2521 fide
793 2479 1080 2522 indubitanter
1102 2478 1375 2532 confirmetis3
1402 2482 1604 2534 quatenus
1625 2482 1712 2522 tam
1732 2492 1809 2536 per
1829 2479 1946 2522 dom-

393 2569 494 2598 num
525 2569 665 2610 regem
707 2569 829 2611 quam
871 2559 913 2598 et
943 2569 1017 2612 per
1047 2569 1120 2598 vos
1152 2569 1236 2612 pax
1268 2555 1464 2599 ecclesiae
1501 2556 1769 2611 reformetur,
1808 2559 1851 2599 et
1877 2555 1945 2598 Iu-

395 2632 538 2675 daicae
575 2631 775 2688 perfidiae
814 2633 992 2688 heresis,
1031 2646 1136 2688 quae
1166 2646 1300 2689 nuper
1329 2633 1373 2675 in
1405 2632 1549 2676 eadem
1590 2632 1764 2676 ecclesia
1801 2635 1947 2675 exorta

395 2710 480 2762 est,
518 2712 758 2764 praestante
788 2709 969 2752 Domino
1005 2709 1192 2752 funditus
1231 2709 1505 2765 exstirpetur3
1545 2712 1588 2752 et
1616 2712 1761 2752 contra
1792 2709 1944 2764 omnia,

491 2834 518 2855 a.
548 2825 683 2856 Ytalicae
706 2826 740 2856 Z.

490 2889 523 2923 1.
550 2890 569 2924 1
593 2888 688 2924 Petr.
706 2889 745 2934 5,
772 2890 805 2924 8.
956 2890 990 2925 2.
1021 2889 1147 2940 Matth.
1165 2891 1222 2935 27,
1246 2890 1310 2925 35:
1346 2888 1574 2934 „diviserunt
1605 2888 1824 2924 vestimenta
1854 2887 1944 2934 eius,

396 2950 530 2983 sortem
555 2947 740 2983 mittentes
751 2946 781 2982 “.
