2028 3438
416 221 500 263 808
768 231 1004 262 Hunnonm
1035 230 1276 261 nmmo-ns.
1325 231 1410 260 Lm.
1433 230 1484 260 111
1517 228 1634 262 13.14

299 350 387 385 1127
414 353 466 381 an
488 338 644 393 vigilet,
676 338 742 381 vel
774 338 873 393 quid
903 341 1013 392 agat,
1045 336 1263 393 explorare
1293 336 1519 393 cupientes.
1570 336 1720 380 Verum
1752 336 1966 393 ubifflpro·

413 416 508 472 pius
545 415 798 471 propiusque
831 414 1010 468 admoti,
1051 414 1292 470 episcopum
1323 426 1406 456 non
1438 413 1676 468 inveniunt,
1707 413 1966 458 musterhati
2024 445 2028 453 .

415 495 512 535 sunt
543 492 694 534 animo.
741 491 797 534 Et
826 491 1046 545 diligenter
1067 490 1207 532 omnia
1228 493 1475 544 scrutantes,
1508 489 1965 546 cubiculariumrignum

415 572 457 612 et
488 568 591 611 alios
624 569 694 624 qui
725 569 844 610 iuxta
875 571 995 610 erant
1025 566 1169 610 crebro
1201 566 1475 622 sciscitantes,
1507 566 1618 622 quod
1640 566 1965 622 faetum‘tfuoezt,

414 645 583 688 tandem
615 645 815 688 ediscunt.
864 643 971 695 Quid
1003 643 1172 686 multis?
1220 643 1457 686 Turbantur
1478 638 1635 698 omnes,
1660 643 1966 702 aliiquoepedi-

414 721 490 765 bus
531 721 601 764 alii
632 735 730 764 vero
770 715 951 764 ascensis
988 720 1125 775 equiS‚
1166 720 1246 762 huo
1279 719 1459 775 illucque
1496 719 1733 777 pontificem
1765 720 1966 776 quesituri

415 798 667 841 discurrunt.
726 797 936 852 Factoque
974 810 1118 851 mane,
1157 796 1222 851 hi,
1263 797 1332 851 qui
1364 797 1406 840 in
1441 797 1556 852 equis
1586 797 1773 854 fuerant,
1792 797 1966 841 'directo

415 874 520 917 calle
558 887 605 917 ac
645 874 806 917 concito
845 873 975 928 gradu
1007 886 1150 916 versus
1191 887 1306 916 mare
1345 873 1454 916 viam
1494 873 1736 918 insecuntur
1776 873 1966 918 abeuntis

416 955 458 994 et
489 951 708 994 abeuntem
741 953 1028 994 consecuntur.
1076 950 1136 993 At
1165 950 1248 1006 ille,
1281 950 1351 993 ubi
1383 950 1543 993 eminus
1565 950 1883 999 venientes-iam
1901 951 1967 994 in-

415 1031 602 1071 traturus
632 1041 781 1071 navem
806 1027 988 1082 agnovit,
1021 1027 1212 1070 turbatus
1235 1030 1298 1070 est
1320 1026 1439 1070 valde
1460 1030 1503 1070 et
1524 1027 1648 1070 altius
1670 1027 1965 1083 ingemiscens:

417 1106 512 1148 Heu
543 1105 680 1160 inquit
710 1106 875 1148 domine
898 1105 1004 1157 Iesu,
1037 1106 1158 1146 unice
1178 1105 1276 1158 Dei,
1310 1106 1429 1146 unice
1459 1107 1650 1161 viryinis,
1683 1106 1967 1151 dulce'nomen

417 1184 509 1238 spei
537 1197 641 1234 mee,
682 1183 888 1237 numquid
923 1196 986 1223 me
1014 1182 1247 1236 fraudabis
1278 1197 1305 1223 a
1336 1183 1539 1223 desiderio
1573 1182 1689 1224 meo?
1733 1181 1824 1224 Fac
1855 1189 1965 1235 oro·,

418 1267 462 1301 ut
501 1259 564 1311 lii,
605 1261 681 1315 qui
718 1261 906 1310 veniunt,
949 1267 1021 1300 aut
1058 1273 1214 1299 meeum
1254 1267 1348 1301 eant
1379 1268 1452 1300 aut
1485 1273 1547 1300 me
1577 1275 1604 1300 a
1630 1260 1848 1316 proposito
1878 1274 1967 1315 meo

417 1351 500 1378 non
531 1337 772 1392 impediant.
821 1334 897 1377 His
930 1334 1071 1388 dictis,
1110 1333 1172 1376 illi
1205 1334 1493 1387 acourrebant3
1532 1348 1732 1390 moxque,
1768 1335 1820 1378 ab
1852 1335 1968 1390 equis

418 1411 670 1466 desilientes,
704 1411 877 1467 pedibus
910 1410 1020 1454 illius
1049 1414 1382 1467 prosternuntur.
1431 1410 1511 1454 Sed
1533 1411 1659 1466 quid?
1690 1411 1968 1468 prosternitur

418 1492 459 1531 et
489 1489 602 1545 ipse3
634 1488 827 1531 levantur
858 1487 934 1543 illi,
965 1487 1128 1530 levatur
1154 1491 1195 1530 et
1216 1488 1324 1543 ipse3
1357 1487 1626 1543 flebantillib,
1657 1487 1783 1532 flebat
1803 1489 1967 1546 etipse,

418 1579 644 1620 vocemque
675 1578 812 1608 meror
844 1578 892 1607 ac
923 1564 1102 1607 tristicia
1133 1568 1173 1607 et
1203 1564 1267 1606 his
1290 1567 1331 1606 et
1350 1563 1446 1607 huic
1467 1564 1700 1608 diutissime
1721 1564 1965 1613 interclusit.

419 1642 605 1685 Tandem
636 1645 732 1698 post
755 1641 904 1684 multas
937 1641 1130 1683 lacrimas
1162 1641 1204 1682 in
1238 1641 1343 1683 hanc
1364 1653 1503 1683 vocem
1529 1641 1666 1706 senior
1685 1645 1844 1685 mestus
1870 1647 1968 1687 veru-

419 1719 502 1775 pit:
537 1720 608 1760 Ad
639 1721 742 1774 quid
771 1720 965 1761 venistis?²
1013 1719 1158 1760 Redite
1179 1732 1302 1773 queso
1334 1719 1391 1759 ad
1421 1719 1673 1774 hospicium3
1709 1727 1745 1762 et
1769 1733 1841 1775 eqo
1870 1734 1967 1775 per-

417 1811 515 1852 qam
548 1798 659 1838 viam
681 1810 806 1851 quam
829 1798 929 1851 cepi.
978 1793 1036 1836 At
1066 1793 1148 1836 illi:
1182 1794 1304 1836 Absit
1333 1793 1544 1848 inquiunt3
1576 1795 1731 1850 suffieit
1758 1796 1878 1838 nobis
1898 1796 1970 1838 hec

420 1882 504 1915 tam
531 1874 708 1928 mundis
741 1872 954 1927 confusi05
987 1872 1135 1913 amodo
1161 1880 1198 1913 te
1217 1886 1482 1927 nequaquam
1503 1873 1744 1914 deseremus.
1793 1872 1847 1916 Si
1874 1874 1968 1916 red-

419 1952 481 1991 ire
511 1951 587 2002 vis,
622 1950 694 1991 Zeti
721 1949 946 1991 redibimus
978 1957 1130 1997 teeum3
1169 1949 1234 1989 sin
1266 1957 1401 1990 autem
1425 1950 1633 2005 prom-edi
1660 1951 1806 2001 mavis,
1839 1958 1968 1992 tecum

418 2028 746 2082 proqrediemur.
783 2025 869 2069 Sed
890 2026 1055 2082 placeat
1074 2026 1285 2066 sanctitati
1304 2033 1369 2066 tue
1385 2026 1602 2067 consilium
1623 2034 1821 2068 nostrum.
1854 2026 1968 2068 Red-

421 2118 559 2145 eamus
594 2105 759 2158 pam'ter
789 2104 847 2144 ad
871 2102 1035 2157 fratres
1076 2110 1113 2144 et
1142 2103 1199 2143 ad
1233 2117 1384 2157 pueros
1415 2111 1576 2144 nostros
1607 2103 1749 2152 boalia,-
1789 2117 1880 2144 cras
1913 2127 1967 2133 -—

421 2195 507 2221 ecce
539 2194 679 2221 coram
699 2180 791 2221 Deo
825 2179 1035 2234 loquimur
1068 2202 1120 2206 —
1153 2180 1238 2220 sive
1267 2180 1311 2220 in
1344 2181 1469 2220 vitam
1499 2181 1584 2221 sive
1613 2180 1659 2221 in
1679 2187 1849 2221 mortem
1881 2193 1967 2221 om-

419 2270 490 2299 nes
520 2265 651 2299 tecum
679 2257 897 2298 veniemus.

543 2333 610 2374 14,
658 2331 749 2373 Tali
788 2344 884 2385 ergo
917 2334 1037 2386 pacto
1070 2330 1288 2386 episcopus
1320 2344 1410 2372 oum
1445 2330 1503 2372 eis
1534 2343 1746 2385 reversus,
1787 2330 1969 2373 crastina

421 2408 488 2451 die
519 2408 709 2451 omnibus
741 2421 785 2450 se
816 2406 1109 2450 comitantibus
1142 2406 1313 2449 eandem
1335 2407 1445 2448 viam
1474 2407 1716 2460 ingreditur.
1763 2407 1968 2450 Ascensa-

422 2498 501 2539 que
546 2485 663 2538 navi,
714 2484 926 2540 prosperis
964 2483 1130 2525 flatibus
1172 2482 1375 2525 Stetinam
1413 2483 1518 2526 vecti
1560 2496 1715 2525 sumus.
1769 2483 1968 2526 Homines

422 2564 559 2603 autem
592 2561 643 2603 de
674 2561 842 2603 civitate
872 2561 982 2602 inter
1013 2573 1057 2602 se
1088 2559 1211 2601 divisi
1244 2562 1374 2613 erant,
1409 2559 1500 2601 aliis
1532 2559 1664 2602 adhuc
1694 2560 1738 2601 in
1768 2558 1848 2602 fide
1879 2571 1967 2601 ma-

421 2637 628 2691 nentibus,
663 2636 755 2679 aliis
788 2639 926 2679 autem
959 2650 1009 2678 ex
1040 2635 1190 2677 maiori
1220 2638 1339 2690 parte
1372 2635 1423 2677 ad
1454 2635 1741 2690 paganismum
1774 2635 1964 2678 reversis.

422 2711 519 2754 Fuit
561 2716 700 2755 autem
738 2712 909 2755 basilica
947 2715 1042 2753 ante
1081 2711 1297 2753 introitum
1337 2711 1516 2753 civitatis
1547 2711 1590 2753 in
1630 2725 1726 2754 area
1763 2711 1966 2767 spaciosa,

422 2801 548 2842 quam
593 2789 683 2843 ipse
728 2789 773 2830 in
818 2787 948 2843 priori
991 2786 1245 2842 profectione
1284 2786 1565 2839 dedicaverat3
1615 2800 1737 2841 quam
1775 2787 1964 2841 ingressi,

421 2863 625 2919 hospitari
647 2867 857 2919 ceperunt.
897 2863 1059 2906 Fideles
1080 2863 1208 2916 igitur
1230 2862 1280 2905 de
1302 2863 1481 2904 adventu
1503 2863 1686 2918 episcopi
1717 2863 1965 2917 gaudebant,

518 2965 544 2986 a.
578 2955 647 2984 Otto
670 2956 710 2991 N,
735 2965 787 2985 oro
809 2956 878 2986 BR.
1023 2955 1052 2984 b.
1084 2964 1139 2984 om.
1156 2955 1234 2990 NB,·
1253 2954 1356 2993 recepi
1376 2964 1413 2983 ea:
1435 2954 1473 2983 R.
