2028 3438
400 277 486 320 336
912 289 1132 321 nmmum
1161 289 1329 322 oonnx.
1380 289 1446 323 190

519 394 603 450 „Et
633 394 755 438 multi
786 394 856 437 alii
887 399 1065 451 possunt
1095 396 1343 451 enumerari,
1374 396 1419 439 in
1451 395 1600 451 quibus
1630 398 1785 451 regum*
1809 395 1953 446 etaim-

397 475 639 528 peratorum
689 474 877 528 potestas
921 473 1094 515 modum
1145 473 1459 516 consuetudinis
1494 472 1951 530 'antiquaevsexcenin

398 549 507 592 sicut
535 548 713 591 Romani
742 547 964 592 Ludewico
996 549 1086 604 regi
1125 549 1333 605 scribunt,
1374 550 1434 592 sic
1463 549 1678 605 dicentes:
1716 550 1954 606 Privato-qia

399 626 618 669 Romanae
649 626 840 668 ecclesiae
870 627 1067 669 convulsa
1097 636 1204 670 sunt.
1251 628 1344 670 Diu
1376 629 1483 669 enim
1515 635 1585 680 est,
1619 627 1951 684 mgnffleleffo

393 703 605 760 pontificis
636 703 778 746 ablata
809 711 878 746 est.
927 703 1014 746 Sed
1044 718 1104 756 ea,
1139 719 1246 760 quae
1269 705 1467 748 violenter
1487 714 1524 748 et
1553 705 1952 750 ultravomuemdi-

396 795 489 822 nem
520 782 713 837 equitatis
743 789 954 833 venerunt,
986 796 1060 823 nec
1080 783 1126 823 in
1156 782 1389 838 exemplum
1417 783 1617 825 sumimus
1637 782 1816 835 neonis,
1845 782 1952 839 q'uae

395 859 499 900 iuete
517 858 644 913 facta
673 866 783 909 sunt,
817 858 1150 913 comparamus&
1748 860 1753 864 ’
1944 903 1949 913 ,

516 932 610 988 „Ex
640 933 705 976 his
737 947 856 988 ergo,
898 947 1004 989 quae
1034 937 1132 977 sunt
1167 935 1306 991 posita
1334 935 1453 978 iuxta
1483 948 1642 979 morem
1675 897 1952 993 antiquitatis,

395 1010 636 1066 perspicue³
674 1010 944 1054 manifestum
983 1025 1073 1054 esse
1114 1012 1395 1066 cognoscitur:
1442 1025 1647 1055 consensu
1680 1015 1727 1056 et
1750 1011 1951 1055 =iussione

394 1085 572 1129 Romani
611 1087 814 1143 principis
853 1087 944 1130 fieri
982 1091 1175 1144 oportere
1214 1088 1518 1132 ordinationem
1557 1087 1779 1145 pontificis.
1829 1087 1950 1132 Hanc

395 1163 559 1207 autemb
591 1164 933 1207 consuetudinem
964 1178 1047 1207 non
1085 1166 1417 1222 postponendam
1448 1166 1522 1209 sed
1557 1165 1732 1209 firmiter
1763 1165 1949 1208 'retinen-

394 1240 490 1283 dam
523 1254 626 1296 esse,
659 1239 913 1284 Deusdedit¹
934 1241 1145 1284 Romanus
1175 1243 1366 1299 pontifex
1388 1243 1552 1286 decreto
1584 1242 1950 1286 suo.instituitaita

299 1323 369 1359 816
395 1317 556 1360 dicens:
600 1317 712 1371 Quia
742 1327 887 1361 sancta
918 1319 1114 1362 Romana
1144 1320 1333 1373 ecclesia,
1367 1322 1437 1363 cui
1464 1321 1558 1362 Deo
1589 1328 1765 1363 auctore.
1782 1321 1947 1377 praesi-

394 1396 550 1448 demus,
580 1396 789 1452 plurimas
814 1398 982 1453 patitur
1007 1397 1223 1439 violentiae
1238 1398 1436 1454 pontifice
1460 1397 1641 1450 obeunte,
1675 1396 1949 1455 φακοῦ-ᾖσε

393 1472 646 1527 inferuntur,
681 1475 782 1529 quia
804 1473 958 1529 absque
981 1475 1246 1530 imperatoris
1267 1475 1423 1517 noticia
1454 1476 1492 1516 et
1512 1489 1690 1517 >suorum
1720 1474 1948 1531 leqa'torum

386 1552 630 1605 praesentia
659 1550 866 1606 pontificis
886 1550 1237 1604 flt'consecratio‚
1269 1565 1344 1593 nec
1375 1552 1573 1594 canonico
1598 1553 1691 1593 ritu
1720 1559 1758 1593 et
1776 1552 1947 1593 concae-

393 1627 536 1668 tudine
574 1627 625 1668 ab
663 1628 914 1683 imperatore
953 1629 1101 1670 directi
1136 1630 1360 1670 intersunt⁰
1398 1629 1556 1680 nuntii,
1597 1629 1672 1684 qui
1707 1628 1948 1673 violentiam

394 1711 431 1745 et
459 1703 662 1745 scandala
691 1705 736 1745 in
758 1705 844 1746 eius
876 1706 1180 1747 consecratione
1211 1720 1295 1747 non
1319 1706 1567 1761 permittant
1586 1705 1698 1758 fieri,
1730 1705 1919 1747 volu-mue
1930 1719 1949 1746 ει

392 1788 439 1822 ut
472 1781 519 1822 id
557 1782 748 1837 deinceps
788 1781 1001 1823 abdicetur
1007 1797 1022 1831 ,-
1070 1790 1108 1823 et
1144 1797 1236 1824 cum
1270 1783 1605 1838 praestituendum
1629 1790 1708 1839 eet.
1735 1781 1942 1838 pontifex,

393 1858 723 1900 convenientibus
747 1859 959 1914 'episcopis
992 1867 1029 1901 et
1053 1859 1244 1900 universo
1266 1859 1389 1911 clero,
1422 1859 1613 1915 eliqatur,
1639 1861 1857 1914 'expetente
1881 1859 1946 1900 ee'-¹

391 1942 493 1976 natu
526 1943 563 1977 et
592 1935 762 1991 populo⁴
787 1949 897 1987 eum,
940 1937 1015 1991 qui
1053 1936 1314 1977 ordinandus
1353 1944 1430 1986 e8t3
1471 1945 1508 1978 et
1545 1936 1623 1978 sies
1642 1936 1702 1978 m·
1727 1943 1945 1992 conspectu

393 2013 576 2053 omniurn
598 2011 855 2053 celeberrime
875 2011 1036 2064 electus,
1060 2013 1350 2068 praesentibus
1372 2013 1517 2069 Ze9ati8
1537 2013 1945 2069 imperiajlibuscon-

391 2097 592 2138 secretur,·
623 2088 846 2144 nullusque
866 2090 954 2130 sine
984 2091 1054 2131 eui
1079 2090 1265 2145 periculo
1289 2092 1523 2132 iuramenta
1548 2098 1623 2132 aut
1644 2090 1945 2146 promissiones

391 2165 557 2221 aliquas
589 2180 698 2207 nova
728 2167 1019 2207 adinventione
1050 2167 1202 2208 audeat
1231 2175 1484 2223 extorquere,
1516 2156 1603 2208 nisi
1633 2167 1738 2222 quae
1769 2167 1947 2221 antiqua

391 2244 520 2298 exiyit
565 2244 837 2292 consuetud03
890 2257 941 2284 ne
993 2243 1162 2285 ecclesia
1208 2244 1515 2286 scandalizetur
1561 2251 1662 2285 aut
1679 2244 1947 2299 imperatoris

389 2319 701 2373 honorificentia
730 2319 987 2361 minuatur&

511 2395 712 2450 „Constat
742 2395 883 2450 igitur,
916 2409 1006 2438 eam
1030 2395 1334 2438 ordinationem
1364 2408 1440 2438 nec
1472 2409 1562 2438 esse
1593 2397 1749 2438 rectam
1778 2408 1856 2438 nec
1876 2408 1943 2438 or-

391 2471 486 2514 dine
517 2472 692 2526 factam,
726 2485 830 2527 quae
862 2472 1022 2514 ambitu
1054 2475 1256 2528 occupata
1287 2476 1328 2515 et
1358 2476 1473 2515 metu
1503 2471 1779 2515 conscientiae
1811 2474 1854 2515 et
1881 2472 1943 2514 fe-

391 2548 546 2591 stinata
567 2562 812 2591 consensum
831 2551 872 2591 et
893 2548 1240 2591 collaudationem
1257 2549 1457 2605 principis
1477 2548 1714 2591 nullatenus
1735 2548 1939 2591 habuerit.

389 2624 547 2667 Idcirco
578 2639 661 2667 non
693 2625 773 2668 erit
802 2625 969 2680 mirum,
1002 2625 1037 2668 si
1069 2626 1224 2669 malum
1255 2625 1448 2668 habuerit
1476 2624 1623 2675 finem3
1655 2625 1753 2679 quia
1774 2624 1941 2668 difficile

390 2705 466 2756 est,
497 2704 545 2744 ut
574 2701 681 2744 bono
713 2704 969 2758 peragantur
1000 2702 1136 2757 exitu,
1175 2716 1280 2757 quae
1310 2702 1420 2744 malo
1459 2701 1652 2745 inchoata
1690 2705 1788 2745 sunt
1824 2702 1940 2758 prin-

389 2778 497 2834 cipio
510 2776 546 2819 ⁶⁶.

509 2852 626 2909 „Sed
664 2854 771 2896 forte
803 2879 856 2883 —
893 2855 964 2910 qui
1001 2868 1076 2897 nos
1114 2854 1363 2898 conturbant
1407 2857 1448 2897 et
1485 2853 1755 2897 christianam
1794 2866 1938 2910 pacem

484 2962 511 2982 a.
541 2953 734 2991 perspicuum
756 2953 786 2983 V.
998 2954 1028 2983 b.
1061 2963 1131 2992 ergo
1154 2954 1183 2984 V.
1396 2962 1421 2983 c.
1455 2955 1524 2983 sunt
1547 2954 1577 2984 V.

484 3017 515 3050 1.
541 3015 612 3050 imo
638 3015 891 3061 StephanusV
916 3027 1011 3052 anno
1036 3017 1124 3062 8163
1149 3028 1183 3052 v.
1207 3017 1365 3062 Regesta
1388 3019 1487 3062 pont.
1505 3016 1608 3052 Rom.
1634 3026 1669 3060 p.
1687 3017 1767 3052 221.
