2028 3438
405 275 490 317 806
792 286 1026 318 HERBORDI
1055 287 1295 317 mALOGth.
1341 287 1427 317 Lm.
1450 286 1501 316 111
1534 284 1576 317 12

290 403 378 438 1127
404 392 705 447 benedictione,
736 395 978 449 paraturam
1011 392 1324 446 sacerdotalem,
1356 391 1526 435 calicem
1550 403 1710 446 quoque
1730 390 1951 436 ete-librum

407 474 448 512 et
484 471 641 524 cetera,
682 482 760 524 que
796 469 983 512 faciende
1019 469 1145 512 misse
1176 469 1282 511 ratio
1315 468 1499 524 postulat
1530 478 1770 523 assumens,
1795 478 1952 512 navem

405 545 658 590 conscendit.
704 545 786 589 Sed
816 559 906 599 nos,
938 545 1124 588 videntes
1146 545 1318 588 fratrem
1343 548 1531 587 nostrum
1562 545 1686 588 unice
1713 554 1854 588 carum
1886 557 1952 587 so-

404 622 492 666 lum
525 622 578 665 ad
607 622 798 678 martyrii
830 621 1013 678 palmam
1045 625 1354 677 properantem,
1386 634 1480 664 cum
1510 620 1721 664 dehortari
1751 634 1851 664 eum
1866 633 1952 677 >non

405 698 667 753 auderemus,
692 698 803 741 viam
826 698 913 741 eius
933 697 1117 740 lacrimis
1140 698 1399 741 uberioribus
1429 697 1637 754 prosecuti
1658 710 1814 741 sumus.
1858 696 1952 752 Qui,

405 775 518 818 horis
550 775 669 830 quasi
694 774 827 817 tribus
849 774 1061 830 prosperis
1081 773 1248 817 flatibus
1269 774 1483 828 navigans,
1515 774 1602 817 fere
1623 774 1706 816 iam
1729 773 1804 817 ab·
1824 772 1953 817 oculis

405 852 560 894 nostris
593 851 754 894 ablatus
785 851 942 905 fuerat,
980 853 1022 894 et
1053 863 1146 893 ecce
1175 853 1403 906 tempestas
1434 851 1580 905 oritur,
1611 850 1827 905 ventisque
1857 862 1954 894 con-

405 928 547 970 trariis
583 931 714 971 ratem
748 927 827 970 huc
857 926 1037 982 illucque
1068 926 1339 983 pellentibUS,
1371 927 1481 970 viam
1512 930 1655 970 tenere
1682 939 1767 970 non
1797 926 1953 983 potuit3

406 1003 479 1047 sed
510 1004 562 1047 ad
593 1003 713 1058 litus,
745 1003 855 1047 unde
886 1003 1065 1058 exierat,
1105 1006 1201 1059 post
1230 1002 1403 1046 multam
1435 1003 1725 1057 fatigationem
1755 992 1954 1059 appulsus

407 1083 482 1124 est.
535 1079 609 1123 Ille
639 1093 758 1135 vero,
796 1080 965 1124 tametsi
994 1079 1256 1136 tempestatis
1287 1079 1441 1123 iniuria
1473 1083 1514 1123 et
1542 1079 1746 1124 imbribus
1774 1079 1955 1136 desuper

405 1156 658 1200 irruentibus
697 1159 738 1199 et
776 1156 968 1213 procellis
998 1170 1148 1200 navem
1180 1157 1372 1200 deorsum
1403 1155 1672 1212 implentibus
1702 1158 1815 1200 totus
1847 1159 1956 1199 esset

406 1233 598 1277 madidus
630 1233 784 1288 vixque
815 1233 975 1289 spirare
997 1233 1220 1288 videretur,
1253 1247 1277 1276 a
1308 1237 1426 1290 cepto
1453 1233 1652 1276 desistere
1681 1231 1828 1276 noluit.
1873 1231 1956 1276 Ne-

408 1323 487 1364 que
527 1309 577 1352 ad
617 1312 770 1352 terram
812 1309 960 1362 exivit3
1001 1310 1074 1352 sed
1106 1310 1252 1353 sedens
1284 1311 1327 1352 in
1359 1309 1571 1364 navicula,
1610 1308 1956 1365 tranquillitatem

407 1386 536 1428 maris
583 1386 848 1442 expectabat3
896 1386 1062 1429 interim
1111 1401 1260 1442 aquam
1304 1387 1353 1429 de
1391 1387 1488 1429 navi
1528 1385 1694 1429 vasculo
1734 1385 1953 1442 proiciens.

406 1462 553 1505 Ventis
583 1463 724 1518 itaque
756 1462 968 1518 paululum
995 1463 1162 1517 sedatis,
1195 1464 1345 1507 iterum
1377 1463 1574 1517 navigare
1597 1461 1752 1519 cepit¹';
1780 1462 1956 1506 'iterum-

407 1552 487 1594 que
518 1538 646 1582 simili
676 1538 798 1581 modo
827 1539 1052 1595 impeditus
1074 1544 1147 1583 est.
1196 1540 1338 1583 Tertia
1358 1553 1520 1595 quoque
1542 1539 1630 1582 vice
1650 1539 1712 1582 ire
1731 1541 1955 1595 temptans,

407 1615 481 1658 sed
510 1615 804 1658 nichilominus
836 1618 954 1659 nocte
987 1629 1034 1660 ac
1064 1620 1312 1673 tempestate
1343 1617 1581 1671 ingruente,
1613 1616 1731 1672 ponti
1761 1615 1954 1659 seviciam

408 1691 480 1734 vix
502 1694 544 1735 et
565 1692 683 1746 quasi
714 1705 789 1747 per
810 1692 1056 1734 miraculum
1082 1694 1226 1736 evasit.
1268 1693 1511 1748 Tempestas
1534 1705 1630 1735 vero
1661 1692 1770 1736 infra
1796 1694 1955 1748 septem

409 1768 496 1811 dies
533 1781 617 1810 non
647 1768 838 1811 cessavit.
959 1768 1170 1812 Intellexit
1208 1782 1303 1823 ergo
1335 1769 1399 1811 vir
1430 1768 1509 1812 Dei
1540 1767 1748 1811 Ucranos⁰
1780 1781 1957 1823 euange-

407 1844 486 1887 lice
518 1844 652 1898 gratie
682 1843 888 1897 indignos.
937 1843 1200 1900 Currensque
1221 1858 1311 1888 cum
1335 1845 1510 1900 clericis,
1542 1844 1806 1901 discipulum,
1838 1845 1957 1900 quasi
2022 1854 2028 1861 ·

409 1921 460 1963 de
491 1920 675 1976 palestra
705 1923 969 1975 coronatum,
1002 1920 1053 1964 de
1082 1921 1204 1964 litore
1235 1921 1354 1964 duxit
1386 1922 1439 1964 ad
1468 1924 1637 1975 tectum,
1670 1934 1795 1977 super
1824 1921 1957 1978 ipsius

349 1996 352 1999 ”
410 1997 643 2040 constantia
674 1996 852 2052 fideique
882 1997 1169 2051 magnitudine
1190 1997 1415 2040 Dominum
1438 1997 1698 2041 benedicens.
1809 1998 1868 2041 At
1886 1997 1958 2041 ubi

410 2077 603 2116 cenatum
643 2073 743 2127 fuit,
785 2073 936 2117 fratres
976 2074 1026 2117 de
1063 2074 1327 2128 navigatione
1358 2073 1541 2116 Udalrici
1579 2073 1707 2116 iocari
1737 2077 1954 2130 ceperunt:

410 2151 467 2193 Et
508 2152 600 2206 quis
640 2149 852 2205 inquiunt,
892 2153 932 2192 ei
962 2153 1138 2207 perisset
1172 2152 1313 2203 homo,
1353 2166 1446 2192 reus
1477 2151 1694 2193 homicidii
1730 2152 1958 2194 teneretur?

411 2225 664 2269 Adalbertus
706 2229 843 2269 autem
883 2227 1110 2282 interpres,
1149 2227 1215 2270 cui
1255 2227 1436 2270 maxime
1472 2226 1627 2269 factum
1667 2225 1954 2282 displicuerat:

414 2302 518 2355 Quis
549 2304 697 2344 iustius
718 2302 854 2357 inquit
881 2303 1149 2346 homicidium
1171 2305 1308 2356 lueret,
1343 2318 1468 2359 quam
1488 2305 1537 2355 i8,
1572 2304 1647 2358 qui
1673 2303 1780 2345 hunc
1802 2304 1859 2345 ad
1877 2303 1959 2346 tale

409 2379 641 2435 periculum
673 2380 851 2421 direxit?
892 2379 1046 2421 Verum
1079 2380 1319 2436 episcopus,
1352 2378 1541 2433 quamvis
1573 2377 1623 2420 ab
1656 2378 1799 2421 eodem
1829 2378 1957 2422 fratre

412 2454 463 2497 de
493 2454 571 2497 hoc
592 2454 717 2497 verbo
750 2458 845 2498 ante
875 2455 1065 2511 pulsatus
1096 2456 1234 2510 fuerit,
1266 2455 1326 2498 nil
1357 2457 1507 2509 motus,
1540 2454 1592 2496 ad
1621 2453 1882 2507 euangelium
1913 2468 1956 2498 se

412 2531 618 2574 convertit
655 2533 696 2573 et
733 2531 925 2587 exemplo
964 2532 1121 2574 domini
1160 2532 1272 2586 Iesu,
1312 2530 1535 2587 discipulos
1573 2531 1690 2585 quasi
1722 2544 1818 2574 oves
1848 2524 1957 2573 inter

411 2606 531 2662 lupos
563 2606 782 2661 mittentiS,
812 2607 967 2651 factum
1000 2621 1117 2650 suum
1151 2607 1345 2650 defendit.
1396 2608 1499 2660 Quis
1529 2609 1636 2649 enim
1666 2607 1725 2649 ait
1744 2608 1960 2650 homicidii

411 2697 504 2724 reus
527 2683 748 2735 tenebatur,
783 2685 1015 2740 discipulis,
1050 2687 1125 2740 qui
1144 2701 1169 2726 a
1189 2685 1374 2727 Domino
1395 2684 1672 2735 mittebantur,
1705 2685 1958 2740 inteofeotis?

415 2758 501 2811 Qui
531 2769 622 2800 oves
654 2761 710 2801 ad
741 2760 861 2815 lupos
889 2762 1013 2812 misit,
1044 2762 1230 2816 profecto
1253 2777 1279 2802 a
1301 2761 1410 2816 lupis
1433 2775 1524 2802 oves
1546 2761 1805 2802 devorandas
1825 2763 1954 2803 scivit.

412 2835 621 2876 Devorate
651 2845 747 2877 sunt
777 2851 868 2878 oves
901 2853 926 2878 a
959 2837 1090 2892 lupis,
1127 2837 1332 2891 interfecti
1360 2844 1455 2877 sunt
1485 2836 1667 2891 apostoli
1694 2853 1721 2878 a
1752 2839 1954 2892 tyrannis.

413 2908 573 2952 Deinde
593 2910 835 2964 parabolam
858 2911 964 2954 hanc
984 2912 1092 2954 facto
1115 2925 1188 2953 suo
1209 2914 1422 2967 coaptans,
1443 2910 1567 2966 plena
1582 2911 1754 2953 rationis
1771 2911 1958 2955 doctrina

506 3012 532 3032 a.
565 3002 602 3031 ob
624 3003 664 3039 N,
688 3002 723 3032 ab
745 3002 815 3033 BR.
922 3004 950 3034 b.
983 3005 1126 3043 oeperunt
1147 3004 1187 3034 N.
1292 3013 1317 3034 c.
1349 3011 1476 3033 urcanos
1498 3003 1539 3039 N,
1561 3012 1687 3034 ucranos
1708 3003 1748 3040 R,
1771 2982 1898 3034 neranos
1919 3004 1956 3034 B.
