2028 3438
342 263 583 297 antinoum
613 247 856 296 mametis.
905 264 993 295 Lm.
1016 265 1045 295 1.
1091 264 1369 296 Pnoonmmm
1552 253 1576 295 7
1581 253 1636 296 07

61 369 385 426 &ihu-viginti
415 374 596 427 quatuor
625 372 763 416 tenuis
794 371 875 415 fuit
906 374 948 415 et
978 373 1170 426 angusta.
1230 371 1348 416 Itane
1379 374 1463 426 est,
1494 374 1542 414 ut
1573 385 1640 414 as-

57 447 367 504 »seroi’rssem
399 448 439 492 si
458 449 560 505 quid
590 462 698 504 erro,
730 449 782 493 ad
806 462 876 493 eos
897 448 1064 506 culpam
1087 448 1325 506 depositum
1348 461 1410 504 eo,
1443 462 1468 492 a
1489 449 1639 505 quibus

68 524 278 571 uirdidici
294 526 563 571 auctoribus.
686 526 796 570 Nam
829 540 904 582 ego
938 526 1101 570 advena
1125 539 1219 569 sum
1251 526 1362 582 apud
1387 539 1460 569 vos
1493 530 1536 569 et
1566 540 1640 583 pe-

66 599 304 658 regrinus¹3
338 607 440 648 ante
469 617 609 647 ¹annos
649 607 814 647 tantum
846 604 1014 648 bisenos
1046 606 1088 647 et
1119 601 1274 646 unum²
1305 603 1385 647 Dei
1427 607 1469 647 et
1498 606 1640 648 vestra

61 679 358 727 *misericordia
393 681 439 725 in
469 682 732 726 consorcium
765 685 902 726 vestre
932 681 1211 725 fraternitatis
1245 681 1494 738 adoptatus,
1541 695 1639 724 con-

67 757 180 804 scius
194 787 198 789 >
211 761 255 802 et
272 758 567 816 conparticeps
590 758 761 803 effectus
783 758 1121 803 consolacionum
1144 763 1187 803 et
1206 758 1413 802 bonorum
1435 759 1638 814 omnium,

65 848 147 892 pet
181 849 274 887 eum
315 835 433 880 vobis
471 835 731 880 collatorum.
795 837 936 893 Ipsum
979 840 1119 880 autem
1158 836 1201 879 in
1241 849 1366 880 carne
1403 850 1487 880 non
1530 836 1637 890 vidig

56 913 259 970 aestland
294 917 392 959 ante
431 914 510 958 hoc
546 914 861 958 tredecennium
899 915 1097 959 introitus
1137 914 1220 958 mei
1260 914 1314 958 ad
1344 927 1420 958 vos
1461 928 1535 959 sex
1566 914 1639 958 ille

65 991 316 1037 annosiam
346 991 529 1036 habebat
559 992 605 1035 in
636 991 798 1035 tumulo
808 989 835 1034 ³.

168 1068 346 1118 vTim-02:
394 1069 568 1114 Minime
609 1069 783 1125 inquit
822 1069 1034 1125 ambigas,
1083 1070 1284 1126 quinita
1325 1084 1417 1114 sese
1456 1070 1640 1115 habeant

65 1146 221 1202 omnia,
252 1160 336 1204 quc
364 1151 407 1191 te
439 1161 465 1191 a
494 1146 616 1191 nobis
648 1147 860 1204 accepisse
889 1147 1049 1191 fateris.
1106 1147 1262 1191 Verum
1297 1161 1347 1192 ea
1377 1161 1510 1204 parva
1541 1151 1640 1191 sunt

66 1237 116 1268 ac
145 1237 253 1282 pene
279 1224 402 1270 *nulla
418 1225 727 1282 conparacione
758 1225 941 1280 illorum,
974 1239 1054 1281 que
1080 1225 1215 1268 adhuc
1237 1225 1288 1269 de
1316 1225 1388 1268 illo
1418 1225 1638 1269 auditurus

58 1314 144 1356 *0831
162 1301 203 1349 ei
224 1305 375 1349 ,tamen
405 1302 552 1347 audire
583 1302 766 1347 libuerit.
889 1302 1044 1354 Quanti
1072 1306 1196 1359 putas
1219 1303 1322 1347 emit
1345 1316 1455 1358 eum,
1487 1304 1530 1346 in
1555 1317 1637 1359 quo

65 1379 304 1436 requiescit,
335 1379 557 1425 locellum?
604 1380 742 1424 Nichil
770 1377 832 1424 ei⁴
861 1383 972 1424 certe
997 1380 1048 1424 de
1070 1380 1186 1424 mille
1207 1380 1461 1424 talentorum
1495 1381 1636 1437 precio

67 1456 248 1501 arbitror
277 1441 561 1503 imminutum.
615 1458 748 1514 Atqui
778 1458 910 1512 gratis
942 1458 1052 1501 hunc
1083 1458 1238 1502 habere
1269 1461 1456 1515 poterat3
1499 1458 1536 1501 si
1567 1472 1639 1501 vo-

63 1533 226 1580 luisset,
287 1535 393 1591 Sed,
432 1536 694 1579 occasionem
733 1535 1033 1580 beneficencie⁸
1072 1539 1115 1579 et
1151 1535 1534 1579 conmunicacionis
1566 1550 1638 1580 ex-

66 1612 231 1668 quirere
262 1612 424 1668 solitus,
465 1613 577 1670 apud
610 1627 701 1668 noS,
742 1626 845 1669 quos
877 1613 920 1656 in
953 1612 1121 1656 Christo
1153 1613 1368 1668 diligebat,
1409 1613 1637 1669 gratuitam

62 1688 326 1746 sepulturam
356 1689 511 1734 habere
542 1690 756 1744 nolebat¹';
797 1694 845 1734 ut
875 1695 918 1734 et
948 1691 1028 1734 sibi
1061 1694 1103 1734 et
1134 1691 1254 1734 nobis
1294 1705 1376 1734 uno
1409 1691 1640 1746 eodemque

64 1766 286 1824 prodesset
321 1768 585 1812 commercio.
731 1768 801 1812 Sic
841 1782 984 1812 muros
1021 1768 1087 1812 vel
1122 1768 1310 1812 officinas
1350 1772 1539 1824 nostras,
1579 1769 1639 1811 sic

63 1843 194 1888 fontis
225 1857 399 1900 venam,
438 1845 646 1916 plumbeis
684 1845 837 1889 fistulis
879 1846 930 1889 ab
963 1849 1058 1889 ortu
1091 1860 1166 1889 suo
1199 1846 1446 1899 deductam,
1488 1854 1638 1911 quam⁰

64 1921 177 1966 labio
198 1922 395 1979 plumbeo
427 1923 564 1966 cernis
587 1927 883 1979 emergentem,
916 1924 1025 1968 sicut
1053 1928 1247 1968 constare
1268 1926 1478 1980 poterant,
1511 1937 1638 1967 censu

65 1998 380 2058 appreciavit⁵3
437 2004 582 2044 eterne
627 2001 916 2045 retributionis
964 2001 1233 2045 avidissimus
1280 2002 1545 2057 negociator,
1593 2006 1640 2045 ut

65 2077 208 2121 omnia
237 2090 382 2121 coram
412 2077 502 2121 Deo
534 2078 615 2122 sibi
647 2079 992 2123 asscriberentur.
1115 2079 1324 2130 Quantam
1355 2083 1480 2136 putas
1512 2093 1638 2136 pecu-

64 2153 233 2198 niarum
265 2169 473 2199 summam
505 2156 550 2199 in
571 2156 712 2199 decem
747 2160 789 2200 et
809 2160 901 2200 octo
935 2157 1202 2200 monasteriis
1234 2157 1390 2214 partim
1422 2142 1466 2199 in
1487 2156 1638 2200 melius

67 2231 315 2288 reparandis
347 2233 502 2290 partim
525 2234 656 2277 eciam
686 2234 781 2277 rudi
802 2234 1054 2278 fundacione
1075 2234 1365 2278 construendis
1387 2234 1636 2291 insumpsit3

65 2308 168 2366 quid
197 2309 242 2353 111
274 2311 512 2354 coemendis
543 2311 703 2368 prediis
742 2315 784 2354 et
816 2311 1149 2368 possessionibus
1189 2312 1240 2355 ad
1282 2312 1637 2356 sustentacionem

63 2385 171 2430 inibi
201 2386 291 2430 Deo
323 2387 596 2432 militantium
629 2389 857 2445 expendit?
909 2389 1079 2432 Nullum
1115 2389 1282 2446 quidem
1316 2403 1390 2434 sue
1412 2390 1637 2447 dyoceseos

64 2464 368 2508 monasterium
390 2465 457 2509 vel
489 2466 731 2509 canonicam
765 2480 838 2510 sue
870 2466 1164 2510 beneficicncie
1185 2467 1356 2523 reliquit
1376 2468 1635 2522 exsortem'¹;

65 2541 140 2585 sed
169 2541 401 2585 melioratis
433 2545 558 2598 atque
580 2543 848 2600 amplificatis
871 2544 1078 2599 omnibus,
1112 2558 1216 2600 quas
1246 2544 1409 2602 pridem
1434 2545 1638 2590 habuerat

55 2619 415 2674 *congregaciones
447 2620 684 2676 quindecim
718 2621 979 2678 episcopatui
1013 2646 1067 2651 —-
1092 2635 1196 2677 quas
1228 2635 1310 2665 non
1343 2622 1548 2667 habuerat
1580 2648 1635 2654 —

66 2696 264 2752 apposuit
294 2700 337 2740 et
366 2696 494 2741 cellas
526 2698 748 2753 quinque..

163 2787 191 2809 a.
222 2778 420 2809 benificencie
435 2779 476 2810 N.
559 2780 589 2810 b.
617 2781 740 2811 nolebat
754 2790 837 2811 corr.
852 2780 886 2810 iu
902 2781 1022 2811 uolebat
1035 2782 1075 2811 N.
1149 2791 1174 2812 c.
1203 2791 1263 2821 qua
1278 2782 1318 2812 N.
1390 2782 1420 2812 d.
1449 2785 1583 2814 exortem
1597 2784 1636 2814 N.

65 2835 343 2882 (1147-1160>,
369 2846 478 2882 quem
503 2838 639 2874 scimus
665 2848 759 2874 anno
780 2839 871 2874 1160
891 2842 1062 2884 „propter
1076 2839 1272 2885 languores
1296 2843 1334 2876 et
1350 2839 1541 2876 diuturnas
1559 2851 1636 2877 cor-

65 2895 165 2940 poris
189 2895 437 2940 egritudines“
465 2906 504 2932 se
530 2896 680 2932 abbatia
704 2896 946 2932 abdicavisse.
983 2898 1028 2933 V.
1054 2908 1166 2944 supra
1189 2909 1226 2944 p.
1245 2899 1325 2935 694.

163 2954 195 2989 1.
221 2952 312 2989 Gen.
328 2955 385 3001 23,
403 2956 444 2991 4:
473 2955 652 3002 „Advena
670 2966 750 2991 sum
776 2959 814 2992 et
837 2956 1051 3002 peregrinus
1075 2957 1175 3002 apud
1192 2958 1295 2994 vos“.
1393 2959 1426 2994 2.
1452 2958 1476 2994 i.
1490 2969 1521 2994 e.
1540 2969 1636 2995 anno

67 3011 172 3048 1145.
317 3014 351 3049 3.
377 3014 462 3050 inde
487 3026 510 3050 a
533 3014 568 3051 d.
587 3016 634 3050 30
655 3016 733 3051 Iun.
755 3016 858 3051 1139.
1003 3016 1037 3051 4.
1064 3016 1138 3052 cia!
1284 3019 1318 3053 5.
1346 3018 1444 3054 emit.

1271 3082 1351 3117 45*

1678 381 1698 417 1
1705 381 1771 417 158

1664 430 1729 461 Iun.
1744 431 1784 461 30
