2028 3438
397 280 482 322 342
906 290 1125 321 UDALRIOI
1156 290 1324 322 connx.
1373 288 1441 322 190

173 407 373 444 1081-1085
396 401 438 441 et
469 410 565 440 suos
597 396 649 440 ab
681 397 769 440 eius
802 397 1093 440 communione
1134 396 1406 453 suspenderet
1444 399 1486 440 et
1515 410 1541 439 a
1577 395 1777 441 fidelitate
1813 407 1949 441 remo-

396 478 523 518 veret.
571 474 678 525 Quia
708 487 784 517 nec
814 474 1062 518 Ambrosius
1085 473 1378 528 Theodosium,
1409 473 1508 516 licet
1536 476 1601 517 tot
1628 472 1748 517 milia
1774 473 1949 518 homici-

396 553 557 595 diorum
579 564 711 606 reum,
745 552 952 594 sententia
972 551 1125 594 furoris
1151 554 1192 594 et
1212 551 1323 594 fastu
1350 551 1645 594 dominationis
1666 551 1949 595 excommuni-

396 642 490 672 care
512 628 817 684 praesumpsit3
850 641 926 671 nec
948 627 1175 683 quemlibet
1195 628 1363 670 suorum
1386 626 1570 670 fidelium
1593 627 1645 671 ab
1667 628 1755 671 eius
1779 627 1949 672 servitio

396 708 467 748 aut
498 704 788 748 communione
819 705 1050 760 suspendit,
1081 715 1158 747 nec
1190 705 1241 747 ab
1271 705 1521 758 iuramentO,
1553 704 1661 759 quod
1685 704 1724 748 ei
1748 704 1948 760 fecerant,

396 781 592 834 absolvit3
626 794 703 824 nec
732 781 870 838 ipsum
903 781 1078 838 imperio
1111 784 1183 824 aut
1213 781 1300 824 vita
1320 781 1497 841 ‚privare
1528 781 1698 824 molitus
1727 779 1850 825 fnit“.
1904 808 1907 814 Δ

513 858 570 900 Et
589 857 663 900 hec
680 858 731 900 de
748 859 1188 901 excommunicatione.
1221 857 1341 901 Nunc
1362 861 1514 913 autem,
1538 858 1595 901 de
1617 857 1950 902 absolutione

394 935 679 978 iuramenti
710 935 1008 991 principum
1040 934 1139 990 quid
1169 935 1213 977 in
1245 934 1389 978 eodem
1419 938 1601 978 tractatu
1632 935 1699 990 sit,
1729 944 1947 991 ponamus.

517 1011 647 1066 „Cum
669 1009 768 1053 illo“
791 1011 928 1066 inquit
950 1011 1256 1066 „anathemate,
1282 1011 1390 1066 quod
1412 1011 1721 1055 Hildebrandus
1742 1011 1949 1067 inqregem

394 1089 550 1131 iniuste
582 1091 623 1131 et
654 1088 799 1130 ordine
831 1088 1051 1144 praecipiti
1082 1088 1219 1131 dicere
1250 1089 1545 1145 praesumpsit,
1577 1087 1879 1132 maledictionis
1901 1101 1950 1132 ac

396 1165 704 1221 dampnationis
743 1165 905 1208 clavum
939 1165 1019 1207 sibi
1057 1166 1141 1221 ipsi
1177 1164 1327 1208 infixit.
1379 1165 1435 1208 Et
1473 1166 1509 1208 si
1531 1189 1583 1195 -—-
1616 1165 1734 1221 quia,
1771 1165 1949 1208 errroris

393 1242 512 1298 lepra
552 1255 766 1298 aspersus,
816 1255 840 1284 a
878 1240 1063 1284 fidelium
1102 1242 1262 1286 unitate
1304 1242 1559 1285 contumatia
1595 1244 1638 1284 et
1675 1242 1950 1298 perversitate

396 1319 618 1373 singularis
651 1319 864 1361 doctrinae
893 1319 1067 1361 recessit
1087 1346 1140 1351 —
1172 1319 1382 1362 neminem
1412 1318 1598 1362 fidelium
1627 1319 1738 1373 regis
1777 1318 1829 1362 ab
1861 1319 1949 1362 eius

395 1396 685 1439 communione
716 1396 970 1452 suspendere
1000 1396 1150 1451 potuit,
1182 1396 1313 1439 multo
1333 1396 1472 1439 minus
1494 1395 1546 1438 ab
1566 1395 1813 1451 iuramento,
1839 1395 1950 1452 quod

397 1474 434 1516 ei
466 1474 670 1527 fecerant,
704 1472 918 1515 absolvere
949 1472 1079 1515 licuit.
1134 1472 1261 1528 Quia,
1294 1473 1329 1515 si
1361 1472 1734 1516 excommunicatio
1770 1473 1880 1517 iuste
1908 1476 1952 1517 et

397 1550 541 1593 ordine
574 1564 598 1592 a
633 1553 746 1592 recto
786 1552 828 1592 et
860 1548 1060 1592 catholico
1091 1549 1202 1592 facta
1237 1549 1406 1604 fuisset,
1449 1549 1500 1592 ab
1537 1549 1772 1593 iuramento
1807 1553 1950 1593 tamen

397 1628 606 1684 principes
628 1627 746 1680 regni
769 1626 923 1681 absque
944 1626 1038 1669 labe
1063 1626 1236 1681 periurii
1258 1639 1352 1668 cum
1373 1626 1460 1668 vita
1481 1625 1638 1669 absolvi
1650 1640 1742 1669 >non
1764 1630 1948 1684 possent.

396 1704 518 1758 Nam,
551 1717 643 1747 cum
675 1703 801 1757 illud,
834 1703 944 1757 quod
975 1703 1061 1745 vita
1091 1706 1287 1745 manente
1318 1716 1485 1746 servare
1517 1716 1561 1746 se
1592 1716 1686 1746 cum
1717 1703 1949 1748 iuramento

398 1781 729 1839 spoponderant,
768 1793 852 1822 non
891 1780 1128 1822 incurrente
1166 1779 1414 1822 necessitate
1446 1784 1658 1823 cessarent
1693 1781 1949 1838 impendere,

396 1871 480 1900 non
518 1860 689 1914 possent
719 1860 881 1899 reatum
919 1856 1093 1913 periurii
1125 1856 1320 1899 continuo
1351 1870 1434 1899 non
1464 1857 1690 1901 incurrere.
1743 1857 1849 1909 Quia
1877 1858 1949 1902 ubi

396 1935 621 1978 iuramenti
652 1934 874 1990 promissio
896 1933 1087 1988 violatur,
1118 1946 1286 1976 necesse
1318 1937 1394 1988 est,
1425 1937 1473 1976 ut
1502 1934 1732 1990 periurium
1753 1935 1950 1978 continuo

398 2012 693 2054 committatur.
730 2033 733 2035 ·
816 2009 1079 2066 Quapropter
1101 2034 1155 2039 —
1182 2023 1276 2053 cum
1308 2010 1511 2054 absolutio
1541 2011 1766 2054 iuramenti
1795 2011 1950 2067 absque

397 2091 516 2132 reatu
554 2087 729 2144 periurii
765 2087 856 2130 fieri
886 2101 970 2130 non
1008 2088 1164 2143 potuit3
1203 2087 1435 2143 periurium
1474 2091 1613 2131 autem
1644 2088 1695 2131 de
1724 2088 1801 2131 tali
1837 2089 1950 2132 iura-

398 2168 537 2208 mento
569 2165 739 2208 concedi
769 2178 851 2207 non
889 2165 1042 2219 licuit,
1066 2165 1159 2207 cum
1196 2165 1497 2220 iuramentum,
1538 2165 1648 2220 quod
1684 2164 1733 2208 fit
1767 2165 1948 2221 regibuS‚

398 2256 423 2284 a
454 2242 608 2284 sanctis
648 2242 839 2297 patribus
876 2241 1157 2284 insolubiliter
1195 2241 1498 2284 observandum
1538 2255 1629 2285 esse
1667 2243 1950 2300 praecipiatur

399 2343 452 2349 —
491 2319 561 2373 qui
598 2319 832 2362 iuramenta
861 2319 952 2373 regi
983 2321 1024 2360 et
1058 2318 1303 2374 imperatori
1341 2318 1452 2361 facta
1484 2318 1631 2362 violari
1668 2320 1873 2363 concessit
1909 2322 1951 2363 et

397 2396 531 2450 iussit,
564 2395 798 2438 necessario
830 2408 924 2437 reus
955 2394 1130 2450 periurii
1160 2394 1308 2449 factuS,
1339 2395 1438 2437 novi
1469 2398 1510 2438 et
1530 2396 1683 2439 veteris
1710 2396 1950 2440 testamenti

397 2472 606 2514 mandatis
637 2471 857 2514 manifeste
888 2471 1099 2514 invenitur
1131 2484 1221 2514 esse
1252 2470 1527 2514 contrarius“.

513 2548 758 2603 '„Habemus
791 2549 902 2591 enim
932 2549 976 2590 in
1006 2547 1098 2602 lege
1120 2548 1252 2590 veteri
1274 2549 1496 2605 scriptum:
1528 2550 1618 2592 Nec
1641 2550 1883 2606 periurabis
1903 2552 1949 2592 in

397 2628 564 2668 nomine
584 2641 671 2667 meo
687 2623 717 2675 ¹,-
747 2628 805 2668 et:
835 2626 936 2668 Non
958 2640 1138 2667 assumes
1159 2640 1306 2667 nomem
1327 2628 1489 2668 domini
1506 2627 1594 2668 Dei
1612 2628 1675 2669 tui
1692 2628 1739 2669 in
1759 2623 1946 2669 vanum'.

398 2702 455 2745 Et
470 2701 715 2744 Euticianus
732 2715 843 2757 papa
863 2702 978 2744 iubet
993 2701 1070 2744 hoc
1086 2701 1339 2756 praedicari:
1362 2703 1556 2757 utfideles
1573 2703 1755 2745 homines
1771 2717 1948 2746 summo-

396 2794 496 2836 pere
520 2781 758 2835 periurium
789 2781 1036 2821 committere
1071 2787 1242 2821 caveant
1248 2794 1263 2829 ,·
1302 2781 1484 2831 scientes,
1514 2781 1676 2835 prande
1705 2781 1835 2822 scelus
1866 2795 1950 2822 esse

400 2865 438 2898 et
468 2858 512 2897 in
536 2856 620 2910 leffe
652 2864 689 2897 et
717 2857 762 2897 in
791 2857 1005 2912 prophetis
1031 2857 1132 2897 etin
1154 2856 1366 2911 euanqelio
1396 2852 1688 2913 prohibicuff.
1737 2855 1948 2899 Habemus

495 2959 526 2994 1.
553 2959 669 2994 Levit.
690 2959 744 3003 19,
763 2959 818 2994 12.
961 2960 994 2994 2.
1020 2958 1137 2994 Exod.
1155 2959 1211 3004 20,
1226 2959 1258 2994 7.
1394 2959 1427 2995 3.
1453 2958 1652 2994 Burchardi
1676 2958 1772 2995 decr.
1788 2959 1860 2994 XII
1885 2958 1946 2995 14:

402 3017 710 3063 „Praedicandum
735 3020 792 3053 est
816 3017 925 3053 etiam
952 3036 994 3042 —-
1019 3016 1273 3064 prohibitum“.
