2028 3438
475 283 714 315 nnnsonm
744 282 986 314 nunocus.
1034 283 1121 314 Lm.
1144 283 1196 314 111
1224 282 1247 314 9
1559 272 1642 315 801

76 390 265 433 mium
292 389 525 433 debitorum
555 399 723 434 tuorum
753 392 873 448 apud
891 391 1032 434 Deum
1063 399 1218 433 certam
1239 392 1525 433 remissione-m
1546 406 1645 434 con·
1672 401 1764 436 1127

20 506 22 511 ,
74 467 290 524 ecquem,-
312 469 361 510 ἰη’
399 482 538 511 omnes
579 469 782 512 debitores
819 477 911 512 tuos
941 471 988 511 in
1020 470 1108 511 eius
1139 469 1307 510 nomine
1338 468 1532 510 absolvis.
1575 468 1646 521 ,At

13 551 16 554 “
73 541 303 594 incultius
333 544 636 600 ingemiscens:
669 546 739 589 En
769 546 909 601 inquit
938 548 984 589 in
1015 547 1182 589 nomine
1203 547 1368 588 domim·
1390 545 1484 587 Iesu
1506 560 1645 589 omnes

21 624 24 629 '
73 621 265 676 obvolvo,
290 631 351 676 ut,
384 625 611 666 secundum
640 625 811 667 verbum
842 633 958 667 tuum
989 625 1175 667 dimissis
1203 624 1386 680 peccatis
1417 625 1533 676 meis,
1572 625 1643 666 de-

10 725 16 762 ,³
72 699 232 742 ὥὲσαῠίο
256 701 354 743 ¹ieta·
377 700 499 744 hodic
528 703 575 743 in
605 717 669 744 me
700 702 970 759 compleatur.
1018 700 1076 744 Et
1096 713 1250 744 vocans
1282 699 1539 756 ministrum,
1573 701 1644 756 qui

70 780 207 832 super
219 776 409 834 captivos
438 780 542 833 erat,
575 791 719 822 omnes
742 779 898 822 dimitti
929 778 1130 836 precepit.
1243 776 1350 820 Erat
1372 781 1511 821 autem
1534 777 1644 821 inter

73 852 418 898 madolescens
449 855 626 911 nobiliS,
657 855 768 900 filius
799 857 1016 900 cuiusdam
1050 855 1233 913 potentis
1265 854 1492 898 de'Dacia.
1546 854 1643 911 Iste,

0 934 9 970 l
72 929 276 975 ahsolutis
314 931 431 988 aliis,
469 932 516 976 in
558 946 686 977 cavea
725 935 907 991 quadam
941 933 1217 977 subterranea
1247 932 1413 976 vinctus
1446 933 1569 990 cippo
1603 938 1645 977 et

70 1008 269 1065 cathenis⁴
288 1010 524 1066 tenebatur,
563 1025 610 1055 eo
643 1012 754 1067 quod
785 1015 908 1069 pater
939 1012 1042 1067 eius,
1082 1012 1406 1068 quingentarum
1437 1010 1640 1054 librarum

0 1091 9 1147 [l
70 1086 248 1144 debitor,
279 1087 391 1132 hunc
410 1088 560 1132 vadem
593 1090 815 1146 posuisset.
929 1089 1119 1146 Cumque
1140 1089 1192 1132 de
1213 1087 1476 1132 absolutione
1508 1090 1642 1146 capti-

0 1163 4 1167 ’
69 1164 264 1222 vitatum,
295 1165 348 1210 de
379 1165 618 1210 obedientia
649 1171 692 1211 et
721 1167 924 1222 religione
955 1167 1100 1211 Mizlai
1131 1166 1336 1223 principis
1367 1166 1503 1209 multa
1531 1170 1643 1210 esset

0 1265 1 1274 π
69 1246 157 1287 tam
194 1243 352 1301 populo
384 1257 509 1300 quam
542 1244 739 1302 episcopo
773 1248 815 1288 et
845 1245 1039 1288 omnibus
1072 1244 1143 1300 qui
1176 1244 1353 1288 aderant
1383 1244 1428 1287 in
1459 1243 1641 1287 Domino

0 1339 5 1363 ;
68 1319 287 1377 exultatiO,
319 1324 362 1366 et
390 1322 446 1365 ad
477 1323 880 1366 consummationem
913 1322 1189 1366 dedicationis
1220 1321 1405 1365 ministri
1434 1335 1482 1365 ac
1504 1335 1641 1366 sacer-

68 1397 188 1451 dotes
208 1396 404 1443 alacriter
424 1399 676 1444 festinarent
696 1403 739 1444 et
758 1401 995 1444 necessaria
1016 1403 1308 1457 prepararent,
1330 1398 1487 1443 habitis
1505 1400 1640 1443 omni-

0 1478 2 1480 ’
69 1475 170 1532 bus,
204 1489 282 1520 vas
313 1489 408 1520 cum
439 1477 671 1533 cineribus,
711 1478 822 1534 quod
855 1478 908 1521 ad
940 1492 1055 1521 aram
1089 1478 1273 1535 positum
1306 1480 1419 1533 erat,
1458 1477 1640 1521 inveniri

67 1567 161 1598 non*
187 1555 341 1612 potuit.
403 1554 593 1611 Cumque
624 1555 829 1611 ministri,
869 1556 1211 1599 commixtionem
1253 1555 1353 1598 salis
1393 1558 1435 1598 et
1469 1555 1557 1598 vini
1599 1558 1641 1599 ct

67 1631 253 1676 cinerum
291 1632 444 1677 facturi
455 1631 482 1689 ¹,
521 1633 573 1677 de
603 1647 687 1676 non
719 1633 902 1678 inventis
934 1633 1144 1677 cineribus
1175 1632 1471 1688 turbarentur,
1509 1632 1639 1676 Udal-

66 1709 181 1754 ricus
209 1709 419 1766 sacerdos,
451 1714 647 1768 correpta
677 1711 873 1767 concha⁸,
906 1711 1066 1755 vicinas
1098 1712 1245 1755 domos
1277 1724 1406 1754 unam
1438 1710 1504 1755 vel
1534 1711 1638 1754 duas

67 1791 299 1844 scrutatus,
330 1788 375 1831 in
406 1787 467 1832 eis
498 1789 681 1833 cinerem
713 1802 798 1832 non
830 1790 1004 1833 invenit.
1058 1789 1221 1833 Deinde
1253 1789 1307 1832 ad
1337 1789 1512 1832 terciam
1544 1802 1638 1832 cur-

65 1878 178 1922 rens,
198 1865 377 1923 criptam
401 1866 610 1923 quandam
634 1867 966 1923 subterraneam,
988 1867 1032 1910 in
1056 1881 1138 1923 qua
1158 1867 1372 1924 predictus
1395 1867 1637 1911 adolescens

66 1943 110 1986 in
142 1943 340 1988 abditiori
371 1947 492 2001 parte
524 1943 808 2000 claudebatur,
840 1945 1027 1989 intravit.
1077 1945 1158 1989 Sed
1190 1945 1396 2002 captivus,
1429 1959 1504 2002 per
1523 1946 1637 1989 fene-

66 2024 197 2065 stram
229 2035 357 2071 manu
388 2025 583 2079 porrecta
614 2026 656 2066 et
686 2023 827 2066 sonitu
856 2023 988 2078 facto,
1021 2026 1258 2067 currentem
1291 2023 1549 2066 sacerdotem
1584 2023 1635 2066 ad

66 2112 111 2143 se
141 2102 284 2153 vocat3
315 2113 484 2155 rogans,
516 2104 564 2143 ut
594 2114 671 2157 pro
703 2101 769 2144 sui
799 2101 1048 2144 liberatione
1073 2101 1269 2157 episcopo
1293 2099 1510 2156 significet.
1561 2100 1637 2144 Sa-

65 2175 213 2220 cerdos
234 2191 348 2233 vero,
380 2178 585 2235 correptis
617 2178 842 2234 cineribus,
876 2182 1151 2235 properanter
1183 2178 1236 2221 ad
1259 2177 1478 2221 ecclesiam
1510 2178 1637 2230 rediit

65 2257 108 2298 et
137 2255 343 2312 operienti
374 2255 571 2312 episcopo
604 2255 782 2312 aliisque
815 2256 1017 2300 fratribus
1049 2256 1100 2299 de
1131 2255 1204 2298 illo
1237 2256 1403 2312 captivo
1435 2255 1633 2299 insinuat.

63 2330 300 2389 Episcopus
332 2346 452 2388 vero,
485 2334 677 2389 quamvis
709 2333 998 2377 misericordia
1029 2337 1289 2377 moveretur:
1327 2333 1468 2377 Tanta
1498 2333 1637 2389 inquit

61 2411 247 2466 prestitit
281 2411 423 2464 nobie,
463 2421 508 2455 ut
546 2412 730 2469 amplius
770 2427 862 2454 eum
892 2413 1083 2469 royando
1113 2427 1295 2468 yravare
1325 2426 1409 2454 non
1441 2412 1632 2454 audeam.

69 2486 242 2542 Tamen,
275 2503 328 2531 ne
354 2491 560 2546 qaudium
581 2490 693 2545 festi
721 2490 844 2532 huius
866 2490 1014 2546 aliqua
1037 2505 1087 2532 ex
1112 2498 1235 2546 parte
1256 2489 1473 2542 claudicet,
1508 2504 1634 2545 super

63 2565 187 2608 huius
218 2579 383 2622 quoque
411 2568 584 2609 miseria
604 2567 694 2609 Dei
721 2568 1055 2610 mim-icordiam
1084 2569 1334 2610 invocemus.
1381 2565 1440 2609 Et
1459 2578 1631 2609 conver-

64 2655 136 2685 sus
167 2641 222 2685 ad
252 2642 472 2697 orientem,
505 2657 600 2686 cum
631 2643 837 2692 ministris
870 2644 990 2700 quasi
1021 2643 1125 2686 hora
1155 2657 1241 2686 una
1271 2655 1417 2700 preces
1447 2643 1558 2686 fudit
1578 2643 1631 2686 ad

62 2718 314 2774 Dominum3
354 2720 504 2764 deinde
543 2720 830 2764 sacerdotibus
863 2721 942 2764 ait:
985 2721 1185 2765 Seorsum
1216 2722 1393 2777 accipite
1423 2722 1632 2765 Mizlaum

65 2805 114 2850 et,
148 2812 277 2854 quam
297 2800 521 2842 modestius
539 2800 726 2856 potestis,
759 2813 885 2855 super
906 2797 1005 2841 koch
1026 2798 1149 2841 verbo
1171 2799 1463 2842 exhortamini.
1512 2797 1630 2849 Quod

63 2885 159 2916 cum
185 2874 385 2930 facerent,
415 2874 595 2919 Mizlaus
618 2876 695 2918 ait:
730 2875 782 2918 In
804 2875 879 2918 hoc
900 2890 984 2918 uno
1006 2876 1172 2919 homine
1188 2884 1342 2933 parcat
1360 2876 1491 2919 michi
1507 2875 1631 2918 velim

160 2983 187 3004 a.
220 2983 314 3005 conca
335 2975 376 3012 N,
400 2975 515 3006 concha
535 2975 605 3005 BR.
820 2974 850 3004 b.
882 2984 939 3005 om.
955 2974 992 3005 N
994 2988 1004 3011 ;
1024 2975 1128 3015 recepi
1151 2985 1190 3006 ecc
1211 2976 1282 3006 BR.

160 3038 192 3073 1.
219 3036 274 3074 Of.
300 3048 410 3083 supra
433 3049 469 3084 p.
488 3038 558 3074 666
582 3050 617 3073 n.
639 3039 670 3073 1.

121 3100 228 3135 Jnri,
248 3103 439 3133 Bibliotheca
452 3104 490 3131 V.
1299 3098 1342 3132 51
