2028 3438
454 239 620 272 nnoms
650 212 764 272 vrri}
788 240 999 272 omme.
1047 241 1139 271 mn.
1161 240 1196 271 11
1226 239 1259 272 8.
1278 239 1300 272 9
1577 228 1662 270 631

76 347 445 404 vuemo—gratias
475 347 555 407 pro
575 348 830 392 contumelia
860 348 1024 404 agebat,
1057 347 1223 391 dicens:
1260 346 1414 393 Gloria
1444 349 1534 400 tibi,
1569 348 1663 391 Do·
1693 356 1787 393 1124

0 426 15 451 ⁵³⁷
88 429 366 485 mffl'ojwquiffl
399 429 478 471 emi
505 427 690 484 amplius
721 442 806 470 mm
838 429 928 480 emt,
970 427 1118 470 saltem
1148 441 1278 469 unum
1307 441 1389 483 pro
1421 440 1563 468 amore
1593 434 1663 469 tuo

3 494 14 523 ᾗ
89 504 221 550 &cmm
240 503 441 563 accipere
468 507 615 548 menei.

88 594 173 621 εἰν
203 580 368 626 verum
387 592 531 638 {usque
562 589 729 638 quaque
767 595 851 625 non
885 581 1072 626 deseruit
1105 578 1243 624 Deus¹
1281 580 1489 624 famulum
1526 593 1663 635 suum,

90 672 180 718 pm»
197 659 369 705 nomine
399 659 491 704 eius
519 662 640 703 tanta
670 659 927 703 discriminis
967 660 1196 704 acerbitate
1235 658 1521 712 laborantem3
1564 659 1666 714 quin

89 735 516 787 imfflojdefensorem
546 737 609 781 illi
648 740 692 781 et
723 737 957 781 adiutorem
989 737 1033 780 in
1065 735 1423 794 oportunitatibus
1455 736 1499 778 in
1530 728 1664 779 tribu-

89 812 508 860 lationerrillustrem
540 816 677 858 virum
713 816 885 859 nomine
916 815 1191 859 Nedamirum
1221 815 1435 857 destinare
1467 814 1664 869 dignatus

89 892 474 938 centvm-atheum
510 893 605 950 ipse
635 893 890 938 Nedamirus
921 893 1085 936 diviciis
1126 896 1170 936 et
1198 892 1394 949 potencia
1422 892 1536 935 inter
1568 905 1665 935 suos

90 970 431 1030 opi-alissimus,
471 974 598 1015 antea
627 971 796 1027 quidem
834 972 880 1014 in
913 971 1100 1015 Saxonia
1137 969 1378 1027 baptizatus
1425 973 1467 1013 et
1505 970 1667 1013 occulte

90 1049 359 1100 christianus.
398 1048 495 1092 Hic
535 1062 704 1093 omnem
743 1050 814 1107 pio
847 1049 990 1094 Ottoni
1022 1047 1249 1092 exhibebat
1286 1047 1591 1091 humanitatem
1626 1051 1668 1091 et

91 1127 400 1181 defensionem}
436 1126 491 1171 et?
523 1126 747 1170 abeuntem
785 1140 940 1182 magna
971 1126 1206 1171 devotionis
1244 1126 1485 1169 reverentia
1522 1139 1668 1182 prose-

82 1203 246 1260 ‚entusy
271 1204 530 1249 tresvnaves
567 1219 651 1248 non
683 1206 870 1249 modicas
902 1205 1149 1249 victualium
1181 1204 1304 1261 copia
1335 1207 1537 1247 oneratas
1561 1203 1668 1247 hila-

91 1283 210 1328 riter*
232 1282 404 1340 prebuit
439 1290 488 1326 ac
527 1282 724 1326 ducatum
766 1284 804 1326 ei
843 1283 897 1327 ad
934 1282 1082 1326 urbem
1124 1282 1408 1327 Stetiuensem
1445 1295 1580 1338 usque
1622 1282 1668 1325 in

94 1374 232 1407 arcem
268 1361 393 1405 ducis,
437 1360 622 1405 officiose
661 1361 765 1404 satis
813 1361 1017 1404 exhibuit.
1074 1360 1252 1418 Ipseque
1292 1374 1369 1417 per
1407 1363 1574 1403 noctem
1615 1359 1668 1402 ad

91 1440 209 1484 cives
237 1452 337 1483 suos
367 1438 598 1483 Inlinenses
628 1438 737 1482 clam
771 1439 909 1482 rediit.
1032 1439 1263 1496 Apostolus
1293 1439 1438 1494 itaque
1469 1437 1668 1481 Pomera-

91 1516 267 1572 ιὀιτω,
296 1517 516 1561 :continuis
551 1530 701 1560 novem
743 1516 1045 1560 ebdomadibus
1085 1517 1131 1559 in
1171 1516 1274 1561 urbe
1307 1515 1538 1559 Stetinensi
1577 1518 1669 1558 tuto

90 1596 140 1640 'in
165 1593 265 1639 loeo
293 1594 499 1650 residens,
531 1595 605 1639 diu
635 1594 900 1651 multumque
930 1595 975 1638 in
1007 1608 1133 1652 opere
1155 1595 1235 1638 Dei
1257 1598 1299 1638 et
1319 1593 1446 1637 verbo
1481 1592 1670 1649 predica-

92 1672 225 1718 tionis
256 1677 462 1731 oportune
500 1673 742 1729 importune
780 1673 1014 1716 laborabat.
1069 1673 1362 1728 Tandemque,
1404 1671 1486 1714 Dei
1523 1683 1671 1728 preve-

96 1750 506 1806 nienteclementia,
537 1751 854 1796 conversionem
887 1750 1011 1795 effere
1042 1751 1179 1806 gentis
1212 1750 1415 1803 obtinuit3
1448 1749 1526 1793 hac
1557 1742 1671 1792 vide*—

96 1829 196 1874 licet
226 1829 467 1874 occasione:

127 1936 128 1939 =
180 1920 198 1936 ··
218 1909 260 1952 9.
306 1906 554 1951 Domizlaus
595 1907 785 1964 quidam,
835 1920 1010 1964 corpore
1058 1911 1100 1950 et
1146 1906 1287 1950 animo
1331 1919 1380 1949 ac
1423 1905 1673 1948 diviciarum

98 1986 222 2043 copia
251 1986 326 2030 sed
358 1989 400 2030 et
420 1986 587 2041 generis
618 1985 840 2029 nobilitate
870 1986 982 2028 inter
1005 1984 1267 2029 Stetinenses
1299 1984 1673 2038 eminentissimus,

97 2067 219 2108 tanto
251 2063 305 2108 ab
335 2064 530 2108 omnibus
567 2064 727 2107 honore
760 2068 801 2107 et
835 2063 1074 2107 reverentia
1104 2063 1340 2117 colebatur,
1382 2064 1431 2104 ut
1468 2072 1546 2104 nec
1581 2061 1675 2118 ipse

100 2142 188 2187 dux
217 2141 468 2186 Pomeranie
499 2141 754 2186 Wortizlaus
794 2142 884 2185 sine
925 2141 1099 2185 consilio
1139 2144 1182 2184 et
1221 2152 1397 2183 assensu
1438 2139 1527 2182 eius
1560 2139 1675 2194 quic—

102 2234 230 2277 quam
259 2233 385 2276 agere
416 2224 698 2278 presumeret3
733 2220 807 2263 sed
838 2219 891 2262 ad
922 2219 1034 2262 illius
1066 2222 1215 2262 nutum
1249 2218 1448 2260 universa
1479 2221 1566 2260 tam
1598 2229 1675 2273 pu-

100 2298 212 2342 blica
243 2311 370 2354 quam
402 2298 572 2354 privata
603 2298 936 2354 disponebantur
974 2297 1161 2352 negocia.
1217 2296 1326 2339 Nam
1359 2299 1423 2339 et·
1455 2308 1555 2351 pars
1586 2307 1676 2337 ma-

101 2376 220 2419 xima
248 2376 365 2419 urbis
397 2375 649 2419 Stetinensis
682 2400 736 2405 -
772 2389 866 2431 que,
899 2375 1181 2431 principatum
1215 2373 1403 2416 omnium
1425 2372 1676 2415 Pomeranie

102 2453 322 2498 civitatum
353 2454 567 2508 obtinenS‚
607 2453 718 2496 tresb
751 2457 915 2496 montes
947 2466 1022 2496 suo
1054 2452 1216 2496 ambitu
1246 2452 1430 2495 inclusos
1464 2449 1591 2493 habet
1618 2473 1674 2480 -—

104 2532 355 2590 propinquis
395 2535 438 2575 et
468 2531 671 2575 'affinibus
703 2530 914 2574 Domizlai
953 2530 1116 2586 repleta
1157 2534 1270 2582 erat3
1312 2529 1385 2573 sed
1424 2531 1467 2572 et
1504 2527 1549 2570 in
1580 2528 1675 2571 aliis

104 2609 498 2655 circumiacentibus
535 2609 777 2664 regionibus
815 2612 978 2651 tantam
1015 2608 1350 2663 propinquorum
1393 2605 1562 2650 turbam
1602 2605 1677 2649 ha-

106 2687 252 2743 bebat,
289 2690 339 2731 ut
374 2700 458 2731 non
495 2686 619 2730 facile
650 2687 871 2742 quisquam
912 2686 949 2728 ei
989 2685 1186 2729 resistere
1218 2688 1370 2741 posset.
1420 2683 1565 2727 Sciens
1596 2684 1677 2726 ita-

108 2778 189 2822 que
227 2766 323 2823 pius
362 2765 482 2820 Otto,
529 2768 677 2821 utpote
718 2764 782 2807 vir
825 2763 1145 2818 sagacissimus,
1187 2762 1305 2819 quia,
1353 2763 1390 2805 si
1430 2762 1542 2805 hunc
1580 2760 1678 2804 fidei

203 2894 230 2914 a.
263 2884 373 2914 eximia
394 2884 466 2914 urbs
488 2884 541 2914 illa
563 2883 671 2920 Stetin,
701 2892 769 2922 que,
798 2885 878 2912 tres
905 2883 1023 2912 montes
1046 2891 1101 2912 suo
1125 2882 1238 2912 ambitu
1260 2882 1394 2912 inclusos
1416 2881 1542 2917 habens,
1567 2880 1678 2919 princi-

110 2939 213 2978 patum
235 2953 268 2959 ·-—
288 2937 406 2968 obtinet
427 2937 459 2967 E
472 2946 535 2976 pro
558 2938 588 2967 et
608 2952 639 2957 ——
658 2936 760 2966 habet.
885 2935 914 2964 b.
948 2937 1078 2974 quatuor
1103 2934 1130 2966 C
1149 2934 1215 2972 (sed
1235 2933 1276 2974 cf
1297 2944 1397 2974 supra
1419 2945 1449 2965 n.
1465 2933 1504 2972 a).

207 3009 240 3044 1.
266 3005 322 3044 Cf.
346 3007 405 3042 Ps.
426 3007 505 3051 118,
532 3007 566 3042 8.
711 3007 744 3042 2.
770 3007 829 3041 Ps.
847 3006 881 3051 9,
902 3006 957 3040 10.
