2028 3438
420 256 507 299 640
763 268 928 300 nnoms
956 269 1064 300 vrrA
1095 268 1495 300 orroms.1,113.11
1528 267 1645 301 15.16

304 384 396 419 1124
419 373 563 416 nitatis
594 374 638 416 in
663 375 927 418 veneratione
951 375 1183 418 beatissimi
1204 375 1488 431 apostolorum
1520 375 1725 432 principis
1755 372 1976 452 edificavit,

420 449 588 506 illicque
619 450 759 494 sedem
793 450 1071 507 episcopalem
1109 451 1268 494 statuit.
1860 462 1867 468 ’

541 528 609 570 16.
658 526 740 570 Sed
770 528 840 584 pio
863 526 1044 583 doctore,
1078 541 1153 584 pro
1176 527 1382 571 continuis
1406 529 1641 572 animarum
1669 499 1977 572 lum-'ismenem

420 603 506 647 illic
535 604 728 659 faciente,
761 605 912 648 devota
941 604 1079 659 gregis
1112 604 1176 647 sui
1208 604 1446 660 multitudo,
1478 618 1562 648 non
1587 605 1721 649 solnm
1749 606 1795 650 in
1814 605 1978 650 Bubon-

420 681 613 736 bergensi
645 681 734 724 loco
767 681 839 724 sed
871 685 913 724 et
942 682 986 723 111
1018 681 1206 737 pluribus
1238 681 1421 725 cenobiis
1455 685 1498 725 et
1529 682 1977 739 parrochiis-collecta,

418 758 650 801 incredibili
685 757 963 801 sollicitudine
1003 761 1045 800 et
1074 771 1235 802 merore
1274 772 1349 815 pro
1380 759 1622 814 longiturna
1650 759 1759 803 tanti
1796 760 1978 816 pastoris

421 835 610 878 absentia
631 834 860 889 angebatur
882 837 935 889 et,
968 838 1015 877 ut
1044 839 1280 891 reportaret
1300 835 1432 891 illum,
1467 835 1599 879 modis
1621 835 1814 881 omnibus
1834 836 1976 880 instat.

420 911 538 954 Unde
560 911 707 954 crebra
739 912 792 954 ad
814 925 908 956 eum
939 911 1070 955 missa
1099 912 1306 967 legatione
1337 926 1482 969 preces
1515 912 1720 969 precibus,
1753 916 1851 957 vota
1868 912 1977 957 votis

420 988 725 1043 congeminant.
775 987 857 1031 Sed
889 991 930 1031 et
959 988 1132 1044 litteris,
1172 988 1343 1033 filialem
1372 989 1624 1033 testantibus
1656 1002 1862 1046 amorem,
1901 1002 1977 1047 pro

418 1065 556 1108 reditu
589 1065 690 1109 eius'
709 1069 899 1120 satagere
930 1079 1014 1108 non
1045 1065 1260 1120 desinunt3
1302 1080 1478 1122 quarum
1516 1067 1584 1110 hic
1614 1063 1764 1110 unam¹
1793 1067 1978 1111 inserere

420 1143 590 1197 dignum
614 1143 779 1185 videtur
810 1146 895 1185 tam
928 1156 1004 1199 pro
1036 1142 1101 1185 sui
1123 1143 1340 1187 dulcedine
1373 1157 1496 1199 quam
1528 1144 1669 1188 etiam.
1686 1157 1764 1201 pro
1794 1143 1977 1188 auctoris

420 1220 508 1263 eius
538 1220 606 1276 pie
638 1219 837 1263 memorie
859 1218 1084 1273 Wignandi
1116 1220 1279 1263 abbatis
1310 1224 1514 1277 perpetua
1543 1220 1842 1265 recordatione.
1889 1219 1978 1272 Que

418 1297 463 1339 in
494 1297 604 1339 hunc
635 1310 680 1340 se
710 1296 880 1339 modum
913 1296 1087 1339 habent:

258 1381 346 1416 1127
541 1374 750 1429 „Domino
782 1375 823 1416 et
853 1373 965 1429 patri
996 1373 1220 1416 karissimo
1258 1373 1328 1430 pio
1360 1373 1504 1417 Ottoni
1535 1375 1730 1431 episcopo
1762 1387 1811 1418 ac
1839 1375 1976 1430 gentis

195 1429 407 1468 ¹³⁰³tsept'22
420 1449 690 1493 Pomeranice
739 1450 926 1506 apostolo
964 1450 1224 1505 Wignandus
1263 1450 1548 1494 Tharissensis
1586 1451 1747 1495 cenobii
1785 1452 1977 1509 provisor

418 1526 614 1581 indignus
637 1527 832 1570 devotum
863 1527 908 1569 in
940 1527 1131 1570 omnibus
1164 1527 1386 1571 servicium
1417 1531 1460 1571 et
1490 1529 1726 1572 orationum
1757 1528 1975 1586 spirituale

419 1603 616 1647 debitum.
738 1603 988 1647 Benedictus
1019 1604 1147 1659 Deus,
1178 1602 1308 1660 pater
1330 1605 1726 1661 misericordiarum,
1763 1609 1883 1662 pater
1912 1605 1976 1648 lu-

418 1680 601 1736 minum,
649 1681 739 1736 qui,
790 1694 841 1724 ex
882 1683 999 1724 utero
1039 1681 1224 1723 formans
1270 1694 1341 1724 vos
1381 1695 1545 1725 servum
1585 1680 1703 1738 sibi²,
1753 1682 1893 1726 dedit·
1931 1683 1974 1725 in

417 1756 552 1800 lucem
591 1758 799 1812 gentium,
842 1761 889 1800 ut
925 1757 1038 1800 salus
1078 1757 1166 1801 eius
1203 1758 1247 1800 in
1280 1759 1478 1802 extremis
1515 1756 1650 1803 terre⁵
1681 1772 1757 1816 per
1786 1773 1860 1802 vos
1900 1773 1974 1802 an-

418 1835 688 1878 nunciaretur
729 1848 777 1877 ac
813 1834 972 1877 lumine
1009 1833 1106 1877 fidei
1143 1835 1365 1878 tenebrosa
1395 1836 1610 1890 gentilium
1643 1836 1769 1880 corda
1797 1835 1974 1879 irradia-

417 1916 574 1954 rentur.
637 1911 757 1954 Unde
803 1916 948 1954 sancta
991 1915 1126 1954 mater
1173 1911 1347 1955 ecclesia
1383 1925 1490 1955 novo
1531 1911 1713 1956 filiorum
1752 1916 1973 1968 augmento

418 1988 543 2042 digne
581 1987 755 2043 letatur,
796 1988 894 2031 dum
933 2002 1008 2044 per
1038 1989 1317 2032 ministerium
1350 1992 1537 2032 vestrum
1569 1989 1702 2033 multa
1731 1990 1848 2033 milia
1879 1990 1973 2034 bar-

418 2049 520 2107 bare>
548 2065 735 2108 nacionis
767 2078 884 2108 sacro
917 2065 1168 2122 baptismate
1189 2069 1464 2109 renascuntur
1486 2069 1540 2121 et,
1573 2066 1734 2110 abiecta
1752 2066 1971 2124 ydolorum

418 2141 594 2196 cultura,
627 2142 849 2185 destructis
871 2142 1068 2198 delubris,
1100 2142 1350 2186 reedificatis
1375 2143 1573 2198 ecclesiis,
1594 2157 1718 2187 verus
1738 2143 1852 2188 Deus
1874 2144 1973 2187 ado-

417 2222 534 2261 ratur
565 2221 607 2262 et
637 2219 798 2262 colitur.
920 2220 1032 2275 Ergo
1063 2224 1159 2277 post
1189 2219 1449 2275 euangelium
1482 2220 1628 2263 alienis
1661 2221 1971 2275 annunciatum,

417 2298 513 2351 post
541 2296 649 2338 tanti
679 2296 902 2339 ministerii
933 2311 1037 2353 opus
1070 2301 1418 2351 consummatum,
1449 2298 1533 2340 iam
1568 2297 1620 2340 ad
1650 2298 1843 2354 proprias
1874 2311 1972 2341 oves

416 2373 643 2414 revertenti
680 2374 839 2428 pastori
877 2386 979 2428 grex
1018 2374 1153 2417 omnis
1191 2374 1440 2417 letabundus
1472 2374 1672 2429 occurrit,
1712 2375 1846 2418 clerus
1877 2388 1970 2418 cum

417 2449 585 2504 popule,
619 2462 666 2492 ae
698 2449 899 2504 singulari
920 2450 1071 2504 gaudio
1103 2451 1401 2494 monachorum
1431 2451 1641 2507 processio
1662 2454 1826 2507 patrem
1848 2465 1970 2494 suum

417 2526 605 2581 suscipit,
637 2527 857 2570 concinens
888 2527 930 2569 in
962 2527 1092 2570 iubilo
1123 2528 1259 2570 cordis
1291 2531 1333 2571 et
1362 2540 1462 2570 voce
1493 2527 1782 2571 exultationis:
1815 2530 1969 2572 Rever-

417 2610 512 2655 tere,
544 2612 756 2656 revertere,
791 2604 1046 2654 Sunamiti3;
1077 2613 1288 2657 revertere,
1322 2613 1533 2657 revertere,
1566 2614 1612 2648 ut
1639 2607 1874 2648 intueamur
1895 2615 1932 2649 te
1940 2603 1967 2648 ⁴.

416 2677 505 2732 Ego
538 2682 690 2734 autem,
722 2680 870 2722 horum
903 2680 1089 2723 omnium
1121 2680 1318 2723 minimus
1350 2680 1422 2724 sed
1452 2680 1549 2723 fidei
1580 2684 1622 2724 et
1641 2681 1875 2725 dilectionis
1905 2681 1968 2724 in-

512 2770 537 2789 a.
572 2770 628 2791 om.
647 2759 677 2791 C.

511 2818 543 2851 1.
568 2817 668 2852 Haec
686 2818 882 2863 Wignandi
907 2819 1080 2864 epistola,
1113 2819 1158 2854 ab
1183 2819 1309 2855 Ebone
1340 2818 1386 2853 ad
1412 2829 1544 2854 annum
1572 2820 1664 2855 1124
1693 2829 1880 2865 perperam
1913 2830 1966 2855 re-

416 2875 507 2917 lata,
540 2876 675 2920 scripta
707 2879 762 2911 est
787 2886 881 2911 anno
909 2877 1011 2912 1127.
1050 2875 1104 2912 Cf.
1130 2876 1347 2913 Geschichte
1372 2877 1436 2912 des
1461 2877 1661 2914 deutschen
1685 2878 1838 2914 Reiches
1862 2882 1967 2913 unter

414 2933 550 2968 Lothar
575 2933 656 2969 dem
682 2934 842 2969 Sachsen
867 2946 901 2979 p.
920 2936 966 2970 60
990 2947 1024 2970 n.
1043 2935 1099 2979 24,
1126 2936 1169 2970 61
1196 2947 1230 2970 11.
1248 2936 1305 2971 32.
1427 2937 1460 2971 2.
1486 2936 1568 2972 Ι831.
1586 2937 1643 2982 49,
1669 2939 1702 2972 5.
1816 2937 1855 2987 3.
1881 2937 1964 2972 Isai.

414 2992 472 3037 49,
498 2993 530 3027 6.
673 2993 707 3027 4.
734 2992 836 3028 Cant.
856 2994 888 3037 6,
908 2994 962 3028 12.
