2028 3438
395 259 573 294 *moure
599 260 707 293 vm«
737 260 947 292 ommium
986 262 1083 293 Lm.
1106 261 1230 295 11‘714.
1250 262 1292 295 15
1547 252 1634 295 639

25 372 39 397 ·“
55 363 278 424 ffluiffiss,
302 366 696 425 sanctissHermetis
724 368 919 421 martiris
948 368 1164 424 'agebatur
1191 392 1249 400 ——
1281 369 1400 413 cuius
1442 370 1634 426 precioso
1679 380 1773 416 1124

19 433 26 485 s
57 454 235 500 eorpore
269 442 389 488 locus
427 443 519 501 ipse
550 458 576 488 a
605 444 842 502 primordio
875 458 953 503 pter
991 445 1259 490 fundatorem
1302 460 1427 490 suum
1462 447 1634 491 beatum
1657 430 1735 467 ΑΨ·
1750 429 1790 459 ²⁸

22 577 23 581 Ἰ
56 518 527 570 Ηοῆδήβιωιηοὴῦἰίιθτ,
542 525 607 566 est
626 523 854 578 insignitus
876 546 932 554 -—
954 523 1067 568 idem
1100 524 1373 568 lamentabile
1394 524 1635 569 incendium

13 618 17 630 ·
56 597 281 648 monn
306 597 746 645 maheriaeuinsdam
786 601 831 645 in
871 604 996 658 partu
1032 601 1266 646 laborantis
1299 602 1481 659 sumpsit
1512 610 1634 646 exor-

11 713 18 739 ·:
55 675 512 728 ‹limitqmfflutatim
532 678 806 722 circumcirca
826 692 871 722 se
891 679 1055 737 impetu
1069 679 1212 723 valido
1233 683 1447 736 torquens,
1465 694 1634 724 omnem

0 741 18 797 ἔ
54 751 361 814 homnem&
375 754 798 800 civitatisambitum
830 760 952 800 tanta
982 758 1167 801 vastavit
1197 758 1441 813 atrocitate,
1482 762 1531 801 ut
1560 759 1633 802 vix

0 830 18 898 ξ
55 831 567 889 Μκὼὲᾱῃιοωηϊίαω
597 847 694 878 case
725 834 966 878 evaderent.
1014 835 1112 892 Ipsa
1131 849 1232 879 vero
1257 835 1407 879 civitas
1439 849 1535 879 cum
1567 849 1634 880 ec-

0 898 17 981 ξ
55 908 523 957 dmiisxauisjnfra-vel
548 914 670 956 extra
700 912 851 969 positis
883 913 1118 970 patrocinio
1150 913 1263 957 beati
1284 912 1497 957 Hermetis
1529 914 1634 957 alio-

53 987 563 1045 rumquevadvooatotum
594 1003 767 1034 suorum
801 990 923 1046 illesa
960 991 1208 1047 permansit.
1329 990 1399 1034 Ad
1429 991 1633 1035 nichilum

0 1068 6 1079 '
53 1065 345 1122 &aquensi-aus
367 1069 419 1111 ‚et
448 1067 616 1111 malicia
637 1068 798 1111 versuti
829 1068 961 1112 hostis
994 1075 1059 1112 est
1088 1069 1283 1122 redacta3
1316 1070 1516 1124 quoniam
1541 1070 1633 1125 qui-

5 1142 11 1210 ¹.
54 1142 235 1190 damlot
269 1157 431 1202 sponsa
465 1145 705 1189 castissima
728 1145 986 1201 Babenberg
1022 1150 1176 1190 tetram
1214 1146 1469 1191 calamitatis
1508 1147 1633 1191 huius

53 1220 328 1278 nubeculam,
366 1225 488 1280 patre
526 1236 603 1267 suo
642 1227 859 1280 tamquam
892 1225 1153 1268 serenissimi
1190 1225 1291 1268 solis
1323 1224 1471 1269 iubare
1502 1225 1557 1268 ad
1588 1239 1632 1269 se

53 1312 238 1356 reverso,
267 1299 392 1344 facile
421 1301 726 1358 recuperaviv,
758 1305 801 1345 et
830 1300 946 1359 ipse¹
974 1303 1129 1346 atrium
1151 1317 1289 1358 suum,
1322 1303 1433 1358 quod
1464 1303 1536 1347 diu
1568 1317 1633 1347 se-

55 1391 189 1425 curus<
211 1378 472 1436 possederat,
503 1378 616 1423 ultra
646 1382 790 1423 tenere
821 1394 906 1423 non
939 1381 1088 1437 potuit.
1138 1380 1305 1424 Christo
1338 1381 1450 1424 enim
1482 1381 1527 1425 in
1551 1381 1632 1425 Po-

54 1456 246 1503 mevania
274 1469 352 1514 per
371 1456 657 1514 apostolatum
684 1458 746 1514 pii
767 1457 934 1501 Ottonis
956 1461 1174 1514 regnante,
1206 1459 1369 1502 inimici
1390 1459 1634 1503 defecerunt

53 1534 215 1579 framea
242 1534 288 1579 in
311 1533 460 1590 «finem,
491 1538 536 1579 et
564 1535 758 1579 civitates
789 1549 933 1579 eorum
967 1536 1179 1580 destructe
1210 1534 1345 1580 sunt².

159 1612 261 1657 .15.1
291 1611 471 1657 Plurimi
502 1617 645 1657 autem
665 1613 941 1657 Iulinensium
973 1628 1050 1671 pro
1081 1614 1372 1669 negociatione
1404 1628 1481 1658 sua
1511 1618 1631 1659 trans

53 1690 414 1744 marefahieranu
453 1691 547 1747 qni,
581 1691 726 1735 audita
756 1692 914 1735 civium
944 1706 1118 1735 suorum
1148 1693 1444 1748 conversione,
1477 1693 1632 1750 spiritu

53 1766 137 1813 Dei
159 1768 445 1826 preveniente,
477 1769 730 1813 emulatores
753 1783 898 1813 eorum
919 1770 1023 1814 facti
1046 1774 1157 1813 sunt.
1205 1770 1263 1813 Et
1285 1770 1338 1813 ad
1360 1771 1631 1828 metropolim

54 1859 186 1891 sumnv
205 1846 380 1903 reversi,
409 1846 502 1902 roffi
530 1861 678 1902 regum
706 1847 873 1891 Christo
906 1848 1014 1891 colla
1045 1848 1312 1903 submittunt,
1346 1849 1575 1904 statimque
1607 1863 1633 1893 a

54 1924 323 1982 presbiteris,
353 1939 460 1981 quos
492 1925 588 1982 pius
619 1925 718 1969 Otto
750 1925 838 1969 illic
869 1926 1166 1982 constituerat,
1203 1926 1432 1983 baptizati,
1469 1927 1631 1971 civibus

54 2002 157 2058 suis,
187 2002 349 2046 dudum
379 2003 622 2046 christianis
652 2003 815 2058 legibus
846 2004 1039 2059 initiatis,
1072 2004 1167 2061 pari
1187 2004 1409 2048 devotione
1442 2005 1631 2048 adunan-

53 2083 137 2124 tur.
181 2079 242 2124 Et
270 2080 426 2125 mirum
457 2081 503 2124 in
533 2081 706 2124 modum
735 2080 980 2125 fidelissimo
1012 2096 1194 2139 precone
1214 2082 1406 2125 veritatis
1437 2083 1482 2126 in
1504 2097 1631 2140 opere

0 2198 1 2201 ,
54 2157 138 2203 Dei
165 2157 406 2214 laborante,
446 2158 624 2203 ecclesia
660 2172 738 2215 per
768 2163 903 2203 totam
941 2161 1156 2215 regionem
1194 2160 1314 2204 illam
1344 2161 1560 2204 crescebat
1590 2164 1633 2205 et

55 2235 385 2292 confortabatur,
415 2235 708 2292 Dominusque
741 2237 922 2292 augebat
947 2237 1131 2293 cottidie,
1165 2238 1236 2293 qui
1268 2237 1375 2281 salvi
1406 2237 1557 2282 fierent
1586 2239 1630 2282 in

53 2313 100 2358 id
127 2311 306 2371 ipsum⁹2
427 2314 660 2372 Apostolus
698 2316 843 2370 itaque
873 2315 1204 2359 Pomeranorum
1239 2315 1343 2359 duas
1381 2315 1469 2358 illic
1500 2316 1631 2360 eccle-

55 2391 142 2436 sias
179 2392 417 2436 constituit:
463 2406 592 2436 unam
631 2392 677 2435 in
717 2393 887 2436 civitate
926 2393 1035 2436 Iulin
1074 2393 1151 2436 sub
1191 2393 1350 2436 honore
1389 2397 1629 2437 sanctorum

54 2468 274 2514 Adelberti
304 2473 346 2513 et
365 2468 587 2525 Winezlai,
621 2470 694 2526 qui
724 2483 875 2525 magne
897 2470 1010 2527 apud
1037 2470 1239 2514 barbaros
1261 2471 1472 2527 opinionis
1495 2475 1630 2528 erant,

3 2580 5 2582 -
54 2546 101 2591 in
137 2546 253 2602 loco,
293 2547 368 2591 ubi
408 2547 575 2604 profani
614 2547 906 2591 demoniorum
945 2548 1053 2591 ritus
1092 2549 1158 2603 agi
1198 2548 1410 2604 solebant,
1450 2553 1518 2604 ut,
1558 2549 1631 2593 ubi

0 2652 2 2656 >
55 2637 210 2682 spurca
239 2625 403 2682 pridem
435 2626 700 2681 commercia,
733 2625 891 2669 Christi
922 2625 1120 2682 deinceps
1151 2626 1520 2681 frequentarentur
1550 2627 1630 2670 mi-

55 2701 206 2757 steria3
238 2702 417 2747 alteram
438 2706 561 2746 extra
581 2703 795 2747 civitatem
818 2703 863 2746 in
884 2716 1034 2759 campo
1055 2703 1162 2746 mire
1182 2702 1419 2752 latitudinis
1451 2708 1494 2748 et
1517 2718 1636 2749 ame-

153 2890 182 2912 a.
212 2880 260 2912 εἰσ
285 2880 347 2912 CB.

155 2962 186 2997 1.
211 2965 382 2998 versutus
407 2961 522 2998 hostis
548 2961 758 3006 (diabolus).
868 2964 902 2998 2.
927 2963 987 2999 Ps.
1006 2964 1040 3009 9,
1059 2964 1092 2999 7.
1201 2965 1236 3000 3.
1262 2963 1347 3000 Act.
1368 2966 1487 3010 apost.
1505 2965 1539 3010 2,
1564 2964 1630 3000 47:

59 3020 260 3066 „Dominus
285 3024 407 3057 autem
435 3020 607 3067 augebat,
634 3022 696 3067 qui
721 3022 813 3058 salvi
838 3021 969 3058 fierent
994 3022 1157 3068 quotidie
1181 3023 1220 3059 in
1244 3023 1282 3058 id
1306 3022 1463 3069 ipsum“.
