2028 3438
402 233 487 276 754
745 247 982 278 nummum
1013 247 1254 279 DIALOGUS.
1303 248 1390 278 ΜΒ.
1413 249 1446 278 11
1481 245 1617 279 11—13

284 361 376 396 1124
400 352 488 395 nati
508 354 636 406 sunt3
677 355 719 396 et
748 353 831 397 alia
861 353 993 397 multa
1023 367 1176 408 genera
1206 355 1530 407 tormentorum,
1566 350 1674 396 rictu
1703 351 1955 410 fremituque

298 411 362 440 1¹⁰¹·
400 428 476 471 nos
514 432 739 485 terrentes,
779 430 899 473 nobis
937 431 1154 474 imminere
1193 430 1401 473 dixerunt.
1456 429 1543 480 Que
1574 430 1716 473 omnia
1745 432 1881 486 certe,
1919 430 1956 473 si

402 505 505 549 bene
544 510 585 549 te
624 507 741 562 novi,
782 510 897 550 tuam
938 521 1101 563 quoque
1138 507 1447 550 animositatem
1480 505 1751 562 effregissent.
1874 505 1956 550 Sed

400 583 481 626 cito
512 583 826 640 respiravimus,
858 584 960 627 duce
986 585 1077 640 ipso
1099 598 1174 626 nos
1197 584 1359 640 placide
1381 583 1638 640 benigneque
1659 582 1955 627 consolationis

401 660 562 715 eulogio
601 660 825 704 relevante.
880 661 1079 717 Quodque
1117 661 1233 704 inani
1271 675 1424 717 pavore
1463 660 1617 717 pulsati
1653 660 1830 716 fuimus,
1868 664 1954 704 tam

399 737 520 780 nobis
552 751 674 792 quam
708 737 791 780 illis
823 738 911 780 ioco
945 751 1035 781 esse
1067 738 1189 794 cepit.
1237 738 1345 780 Nam
1379 738 1447 780 ubi
1478 737 1611 792 nobis,
1644 737 1787 782 ducem
1813 737 1955 795 ipsum

402 814 586 869 aliosque
632 814 786 857 milites
833 815 904 870 qui
944 828 1019 857 nos
1059 818 1295 858 terruerant
1342 814 1590 858 christianos
1629 813 1810 858 occultos
1849 827 1954 870 esse,

401 894 644 947 conpertum
677 894 759 946 est,
793 891 928 947 primo
962 891 1127 947 quidem
1160 891 1360 948 paulatim
1394 892 1573 934 animari
1605 891 1754 935 deinde
1783 890 1955 936 fiducia-

390 963 479 1010 ‘lius
527 981 648 1022 agere
687 965 882 1024 ipsosque
921 969 1047 1011 etiam
1088 968 1299 1012 adhortari
1338 982 1386 1011 ac
1425 969 1572 1012 docere
1610 968 1953 1026 presumpsimus,
2008 1019 2011 1022 Α

402 1058 504 1100 quos
527 1048 622 1088 ante
644 1045 709 1088 vel
731 1045 898 1100 intueri,
932 1049 1046 1089 metu
1066 1045 1260 1102 perculsi,
1293 1059 1374 1088 non
1398 1049 1678 1102 potueramus.
1726 1045 1834 1102 Ipsis
1851 1058 1953 1100 ..ergo

400 1122 483 1164 iam
517 1123 901 1166 mansuescentibus
934 1125 975 1166 et
1004 1122 1195 1177 religioni
1228 1122 1452 1166 christiane
1478 1123 1611 1176 magis
1638 1123 1854 1179 magisque
1883 1123 1955 1167 de-

401 1199 649 1253 ferentibUS,
698 1199 903 1255 repletum
944 1203 1007 1242 est
1044 1200 1196 1254 gaudio
1236 1214 1280 1242 os
1321 1203 1508 1242 nostrum
1549 1202 1591 1242 et
1629 1199 1772 1254 lingua
1809 1203 1954 1244 nostra

402 1275 658 1318 exultatione
672 1273 692 1318 ¹.
740 1276 1026 1332 Dicebantque
1064 1277 1172 1319 inter
1202 1279 1367 1331 gentes,
1408 1289 1582 1332 quorum
1614 1276 1729 1320 Deus
1759 1277 1956 1332 tetigerat

401 1353 547 1395 corda:
580 1354 872 1409 Maqmflcavz't
901 1354 1111 1396 Dominus
1137 1355 1287 1409 facere
1317 1355 1549 1407 nobiscwm,
1577 1355 1696 1410 jacti
1723 1369 1864 1398 eumue
1895 1355 1953 1397 le-

402 1427 577 1481 tan156825
610 1433 724 1486 quia,
760 1431 872 1473 vobis
904 1432 1156 1473 venientibus
1188 1433 1245 1473 ad
1274 1447 1363 1483 noc,
1397 1432 1591 1474 dissolvet
1609 1432 1820 1474 Dominus
1851 1447 1953 1487 cap—

401 1509 598 1550 tivitatem
629 1515 827 1559 nostram,
861 1509 968 1550 sicut
998 1509 1172 1550 solvitur
1200 1509 1356 1563 ylacz'es
1387 1525 1414 1550 a
1444 1509 1529 1550 sole
1557 1510 1804 1551 meridiano.

523 1584 588 1626 122.
635 1583 870 1640 Episcopus
900 1584 1042 1639 itaque
1074 1584 1177 1627 bene
1209 1584 1356 1638 agendi
1389 1598 1553 1640 semper
1585 1584 1745 1639 avidus,
1777 1585 1881 1629 bene
1909 1598 1955 1628 se

401 1661 563 1703 venisse
602 1660 833 1714 ominatus,
879 1660 1062 1703 donariis
1102 1661 1248 1704 ducem
1288 1661 1516 1716 honorans,
1560 1661 1750 1705 baculum
1790 1675 1956 1718 quoque

401 1737 516 1780 dedit
537 1737 788 1790 eburneum3
823 1751 902 1792 quo
927 1737 998 1780 ille
1020 1739 1162 1780 statim
1196 1751 1293 1780 usus
1324 1738 1498 1794 ipsoque
1522 1738 1779 1794 incumbens,
1811 1742 1953 1794 gratu-

400 1814 606 1857 labundus
647 1813 727 1857 huc
765 1813 945 1869 illucque
985 1814 1287 1858 deambulabat.
1346 1814 1662 1871 Conversusque
1693 1815 1745 1859 ad
1776 1815 1951 1863 milites:

404 1891 578 1944 Qualem
610 1891 668 1933 ait
697 1900 859 1947 patrem
889 1892 1008 1934 nobis·
1039 1894 1153 1934 dedit
1179 1893 1318 1949 Deu8,·
1351 1902 1388 1935 et
1418 1894 1562 1949 qualia
1591 1896 1727 1950 patris
1758 1895 1883 1946 dona,
1917 1902 1954 1936 et

401 1969 472 2009 hec
509 1985 619 2011 mmo
656 1970 822 2024 quidem
852 1971 985 2025 massis·
1018 1985 1144 2025 quam
1175 1970 1259 2011 alio
1291 1978 1472 2026 tempore
1504 1973 1709 2026 φηιίονα.
1761 1969 1870 2013 Hinc
1900 1969 1951 2012 ad

402 2048 538 2087 castra
559 2045 785 2088 discessum
810 2049 884 2088 est.
1006 2045 1214 2100 Factoque
1246 2059 1380 2100 mane,
1414 2046 1496 2088 dux
1526 2047 1577 2090 de
1597 2046 1700 2089 viris
1722 2046 1792 2102 qui
1813 2059 1949 2089 secum

401 2125 603 2165 venerant
642 2122 834 2165 ductores
873 2126 914 2165 et
945 2123 1158 2166 ministros
1190 2124 1359 2179 reliquit
1390 2123 1604 2179 episcopo;
1643 2123 1869 2178 mandans,
1906 2123 1950 2166 in

401 2201 490 2240 tota
526 2196 774 2241 Pomerania
816 2213 890 2254 per
936 2203 1084 2243 cuncta
1129 2200 1220 2243 loca
1259 2200 1533 2256 possessionis
1574 2213 1647 2243 sue
1684 2199 1875 2243 liberalia
1914 2199 1951 2242 ei

402 2275 566 2330 preberi
587 2275 781 2331 hospitia.
827 2275 912 2318 Nos
936 2289 1047 2330 vero,
1078 2277 1255 2319 transito
1277 2276 1416 2331 fluvio,
1448 2280 1603 2320 terram
1624 2277 1950 2320 Pomeranorum

402 2352 443 2393 in
483 2352 652 2395 nomine
678 2352 862 2395 Domini
900 2353 1147 2395 intravimus
1180 2356 1240 2407 et,
1288 2353 1608 2396 conductoribus
1647 2353 1802 2396 nostris
1840 2353 1950 2395 viam

402 2428 796 2483 demonstrantibus,
827 2429 908 2472 iter
939 2430 991 2472 ad
1022 2433 1205 2472 castrum
1226 2430 1425 2473 Pirissam
1453 2430 1693 2473 direximus.
1734 2429 1831 2472 Dux
1852 2442 1950 2472 vero

403 2519 427 2547 a
457 2505 576 2548 nobis
609 2506 660 2548 ad
693 2520 768 2548 sua
799 2507 970 2560 negocia
1000 2506 1223 2549 divellitur.

523 2584 589 2624 13.
637 2582 683 2624 In
722 2583 814 2638 ipso
854 2587 990 2626 autem
1028 2583 1177 2626 itinere
1216 2583 1371 2626 viculos
1409 2596 1563 2639 paucos
1604 2583 1753 2627 bellica
1788 2583 1950 2640 pridem

402 2658 636 2701 vastatione
667 2659 825 2702 dirutos
858 2663 899 2702 et
929 2673 1045 2707 raros
1076 2660 1246 2715 incolas,
1279 2660 1349 2715 qui
1379 2673 1512 2715 nuper
1542 2673 1587 2702 se
1611 2663 1707 2716 post
1726 2660 1950 2716 dispersio-

401 2747 498 2776 nem
529 2735 848 2790 recollegerant,
888 2736 1144 2789 invenimus3
1183 2737 1275 2792 qui,
1308 2737 1358 2779 de
1389 2735 1469 2778 fide
1500 2736 1728 2779 christiana
1757 2736 1949 2779 conventi

403 2814 445 2852 et
476 2824 528 2852 an
558 2811 725 2854 credere
757 2812 909 2854 vellent
938 2812 1197 2866 interrogati,
1230 2812 1442 2854 humiliter
1473 2812 1646 2867 pedibus
1676 2812 1950 2855 advolvuntur

403 2887 607 2943 episcopi,
648 2887 899 2930 cathezizari
929 2902 973 2931 se
1005 2891 1128 2943 atque
1165 2889 1369 2944 baptizari
1409 2888 1679 2944 postulantes.
1734 2889 1821 2931 Hos
1852 2901 1949 2942 ergo

498 2974 529 3008 1.
554 2973 612 3008 Ps.
634 2974 712 3019 125,
738 2975 771 3009 2.
1055 2976 1088 3011 2.
1114 2975 1173 3010 Ps.
1193 2975 1271 3020 125,
1296 2976 1329 3010 3.
