2028 3438
384 251 407 293 7
414 251 469 294 88
743 265 979 295 nauscam
1010 265 1250 297 DIALOGUS.
1299 266 1384 296 mn.
1407 266 1440 296 11
1470 263 1590 297 41.42

230 378 322 414 1125
503 367 762 413 Sefridus:
794 369 971 414 Possent
991 371 1155 427 utique3
1185 375 1227 415 et
1246 371 1429 414 maxime
1451 371 1571 414 huius
1593 371 1795 429 temporis
1815 384 1935 416 sanc-

199 428 358 458 ⁰'F⁶br‘²
382 450 534 503 torum,
567 447 637 503 qui
670 450 824 491 terram
856 448 1024 492 uberem
1058 462 1180 504 quam
1215 448 1407 505 scopulos
1430 448 1568 491 aridos
1590 447 1654 492 vel
1675 448 1932 504 squalentem

381 523 597 567 heremum
628 524 807 568 incolere
839 525 1013 581 malunt,
1045 539 1118 569 sue
1149 539 1355 569 memores
1386 525 1684 569 inbecillitatis,
1731 525 1838 569 Nam
1869 525 1935 583 pi-

382 601 514 644 scium
546 601 632 645 illic
662 605 748 645 tam
782 616 831 646 ex
866 603 972 645 mari
1004 616 1127 658 quam
1169 616 1219 646 ex
1251 603 1371 659 aquis
1411 606 1452 645 et
1488 602 1660 646 lacubus
1698 606 1741 647 et
1774 603 1934 659 stagnis

381 677 667 722 habundantia
705 682 768 722 est
798 679 1065 723 incredibilis.
1115 679 1416 735 Carratamque
1448 694 1522 736 pro
1554 680 1726 724 denario
1755 679 1934 724 recentis

382 755 590 812 acciperes
614 755 774 809 allecis3
808 748 860 799 'de
881 757 996 799 cuius
1021 770 1170 813 sapore
1194 757 1259 800 vel
1283 757 1572 813 crassitudine,
1605 757 1840 812 gulositatis
1868 771 1935 801 ar-

381 846 549 888 guerer,
591 833 626 875 si
659 833 858 889 dicerem,
902 834 1011 890 quod
1042 835 1188 877 sentio.
1237 833 1406 877 Ferine:
1440 847 1656 878 cervorum
1688 834 1932 878 bubalorum

382 913 423 953 et
447 910 690 965 equulorum
715 911 955 966 agrestium,
987 925 1179 954 ursorum
1204 925 1399 968 aprorum
1423 926 1644 970 porcorum
1665 912 1934 969 omniumque

379 987 562 1030 ferarum
603 987 723 1044 copia
758 988 966 1031 redundat
997 989 1131 1031 omnis
1163 990 1390 1045 provincia.
1438 989 1631 1032 Butirum
1663 989 1714 1033 de
1745 993 1934 1033 armento

381 1067 422 1107 et
452 1064 517 1107 lac
549 1064 599 1108 de
632 1065 776 1108 ovibus
809 1078 903 1108 cum
936 1066 1058 1122 adipe
1091 1079 1291 1121 agnorum
1325 1071 1366 1110 et
1397 1067 1574 1110 arietum
1589 1064 1611 1122 ¹,
1651 1080 1744 1111 cum
1775 1066 1935 1111 habun-

380 1141 525 1184 dantia
554 1141 690 1185 mellis
723 1145 764 1185 et
794 1143 937 1198 tritici,
975 1156 1068 1186 cum
1101 1141 1280 1187 canavo2
1313 1148 1354 1187 et
1386 1158 1594 1201 papavere
1625 1148 1668 1188 et
1697 1143 1835 1188 cuncti
1864 1157 1961 1199 ge·-

380 1219 492 1262 neris
523 1218 744 1274 legumine.
792 1219 931 1276 Atque
963 1221 996 1263 si
1021 1221 1147 1264 vitem
1181 1225 1223 1264 et
1254 1221 1461 1265 oleam.et
1480 1221 1603 1264 ficum
1635 1221 1820 1276 haberet,
1851 1224 1935 1265 ter·

379 1309 470 1339 ram
503 1309 593 1340 esse
625 1300 795 1353 putares
826 1298 1163 1354 repromissionis
1185 1302 1357 1355 propter
1377 1299 1584 1354 lignorum
1607 1298 1933 1342 habundantiam

379 1373 701 1417 fructiferorum.
820 1374 901 1418 Sed
934 1376 1171 1432 episcopus,
1206 1376 1331 1419 vitem
1365 1376 1425 1419 illi
1457 1380 1567 1420 terre
1599 1376 1744 1420 deesse
1769 1375 1933 1430 nolens,

379 1451 423 1493 in
476 1451 658 1494 secunda
709 1449 988 1507 profectione³
1035 1466 1214 1509 cuppam
1267 1453 1443 1496 surculis
1494 1453 1661 1510 plenam
1709 1452 1850 1496 attulit
1894 1456 1937 1496 et

380 1527 624 1584 implantari
663 1528 781 1583 fecit,
822 1532 868 1572 ut
905 1529 1029 1572 tellus
1069 1544 1118 1573 ea
1156 1530 1221 1573 vel
1259 1529 1461 1574 sacrificio
1498 1530 1641 1573 vinum
1681 1533 1933 1587 procrearet.

382 1605 518 1648 Tanta
539 1618 636 1648 vero
669 1609 733 1649 est
761 1605 863 1649 fides
896 1610 937 1649 et
969 1607 1145 1650 societas
1177 1607 1287 1650 inter
1319 1621 1402 1662 eos,
1434 1611 1493 1663 ut,
1524 1608 1729 1651 furtorum
1753 1611 1794 1652 et
1822 1608 1935 1651 frau-

382 1683 495 1726 dium
535 1683 700 1739 penitus
739 1684 969 1740 inexperti,
1009 1684 1134 1727 cistas
1172 1688 1243 1727 aut
1274 1684 1427 1727 scrinia
1458 1689 1596 1728 serata
1626 1698 1710 1728 non
1741 1685 1933 1728 habeant.

380 1760 486 1803 Nam
522 1774 658 1803 seram
690 1760 756 1804 vel
787 1761 944 1804 clavem
976 1761 1035 1804 ibi
1066 1775 1148 1804 non
1181 1761 1382 1814 vidimus3
1422 1761 1495 1805 sed
1527 1765 1568 1805 et
1597 1762 1679 1818 ipsi
1711 1761 1934 1805 admodum

382 1837 577 1880 admirati
610 1841 727 1892 sunt,
760 1838 867 1893 quod
900 1837 1075 1881 clitellas
1106 1842 1272 1881 nostras
1305 1842 1345 1882 et
1377 1839 1530 1882 scrinia
1561 1847 1699 1882 serata
1727 1839 1932 1882 viderunt.

382 1914 528 1958 Vestes
561 1928 671 1969 suaS,
704 1916 923 1971 pecuniam
957 1919 999 1959 et
1030 1916 1171 1958 omnia
1201 1916 1390 1972 preciosa
1421 1930 1496 1959 sua
1516 1917 1559 1959 in
1582 1916 1728 1973 cuppis
1751 1920 1792 1960 et
1813 1915 1935 1959 doliis

383 1992 469 2035 suis
501 1992 747 2048 simpliciter
779 1993 984 2049 coopertis
1015 1993 1258 2048 recondunt,
1289 1994 1477 2037 fraudem
1509 1994 1667 2037 nullam
1690 1995 1934 2047 metuentes,

382 2072 527 2126 utpote
558 2069 779 2126 inexperti.
825 2070 881 2112 Et
907 2071 1014 2125 quod
1037 2071 1188 2113 mirum
1212 2071 1337 2126 dictu,
1369 2071 1700 2114 mensa'illorum
1722 2083 1935 2126 nunquam

383 2147 657 2202 disarmatur,
696 2161 907 2203 nunquam
949 2147 1248 2202 deferculatur3
1290 2149 1361 2191 sed
1394 2148 1568 2204 quilibet
1605 2151 1724 2204 pater
1753 2147 1935 2190 familias

383 2223 553 2266 domum
583 2223 709 2267 habet
737 2237 920 2267 seorsum
946 2225 1142 2267 mundam
1175 2228 1216 2268 et
1245 2225 1476 2280 honestam,
1510 2228 1673 2268 tantum
1698 2225 1935 2268 refectioni*

383 2304 612 2344 vacantem.
666 2301 756 2344 Illic
787 2315 932 2345 mensa
969 2315 1063 2345 cum
1102 2302 1313 2356 omnibus,
1353 2315 1432 2357 que
1464 2302 1549 2345 bibi
1581 2315 1628 2345 ac
1659 2302 1802 2344 mandi
1839 2315 1935 2358 pos-

384 2382 499 2432 sunt,
531 2391 744 2433 nunquam
779 2382 996 2432 vacuatur3
1037 2379 1108 2421 sed
1141 2379 1233 2421 aliis
1266 2379 1498 2434 absumptis
1530 2378 1612 2421 alia
1643 2379 1932 2433 subrogantur.

383 2455 476 2498 Non
509 2469 644 2510 sorex,
675 2469 759 2498 non
791 2455 1016 2510 sorilegusb
1039 2455 1287 2510 admittitur,
1321 2456 1392 2498 sed
1414 2456 1464 2498 de
1485 2469 1641 2512 mappa
1661 2455 1936 2499 mundissima

384 2533 541 2575 fercula
572 2536 780 2587 teguntur,
813 2546 1049 2575 comesuros
1082 2533 1358 2589 expectantia.
1406 2532 1658 2588 Quacunque
1684 2532 1813 2587 igitur
1834 2532 1935 2575 hora

384 2609 553 2652 reficere
584 2609 800 2666 placuerit,
833 2610 1016 2665 hospites
1039 2610 1135 2664 sint,
1168 2610 1384 2653 domestici
1406 2610 1502 2664 sint,
1536 2610 1676 2652 omnia
1703 2613 1851 2666 parata
1871 2609 1934 2652 in-

385 2686 556 2730 veniunt
585 2687 815 2729 intromissi
848 2687 899 2729 ad
931 2700 1129 2729 mensam.
1178 2687 1235 2729 Et
1263 2687 1313 2730 de
1343 2687 1408 2729 his
1439 2687 1540 2729 satis
1572 2686 1728 2729 dictum
1760 2690 1835 2729 est.

502 2763 572 2805 42.
622 2762 890 2807 Revertentes
923 2767 1059 2807 autem
1093 2764 1143 2806 de
1174 2767 1287 2807 terra
1316 2763 1389 2806 illa
1419 2771 1609 2806 rursum⁰
1631 2763 1855 2806 transitum
1874 2763 1934 2806 fe·

479 2890 505 2910 a.
538 2881 701 2910 refectione
723 2882 799 2917 NB,
830 2882 986 2912 refectioni
1008 2882 1047 2911 R.
1295 2882 1323 2911 b.
1357 2892 1416 2912 an.-
1444 2882 1511 2911 Non
1534 2882 1654 2917 sordes,
1682 2890 1742 2911 non
1765 2880 1934 2911 sordicula?

387 2942 412 2963 e.
444 2942 563 2963 russum
585 2934 624 2963 N.

482 3003 514 3038 1.
539 3002 647 3038 Deut.
662 3004 719 3048 32,
735 3003 794 3038 14:
824 3003 1008 3049 „Butirum
1029 3023 1071 3028 —
1091 3003 1277 3039 arictum“.
1381 3005 1412 3039 2.
1440 3002 1614 3039 cannabo,
1723 3004 1755 3038 3.
1782 3013 1814 3038 a.
1830 3003 1933 3038 1127.
