2028 3438
454 242 756 274 naomsvrm
787 240 998 273 ononis.
1046 241 1135 273 nm.
1157 242 1174 273 1
1208 240 1298 274 1-3
1575 230 1659 273 591

6 362 13 413 ς
91 348 203 403 balag»
220 347 358 392 donec.
381 360 562 404 mag-nus
583 347 706 392 valde
737 350 781 392 et
810 347 1058 391 nominatus*
1072 347 1118 391 in
1138 347 1309 402 regione
1331 347 1407 391 illa
1426 348 1563 392 factus
1585 352 1661 392 est.

6 426 15 479 ξ
88 423 465 470 Μνᾶῑποὴΰοε·
495 425 651 482 quique
682 428 726 470 et
754 427 948 483 potentes
978 423 1094 468 illius
1125 427 1238 468 terre
1259 424 1452 469 certatim
1485 425 1525 468 ei
1553 423 1663 468 filios

76 515 202 548 suom
228 502 597 547 admerudiendum
627 501 876 556 offerebant3
917 502 1061 558 sicque
1091 501 1183 546 Deo
1214 506 1367 546 cuncta
1404 502 1494 546 eius
1535 514 1665 558 opera

78 579 321 636 dirigente,
360 593 445 624 non
465 580 751 624 rmediocriter
782 580 899 624 dives
931 593 1023 624 esse
1054 579 1167 636 cepit
1197 579 1243 622 in
1273 579 1540 636 possessione
1571 579 1664 622 auri

90 659 148 702 et?
160 657 341 714 argenti.
387 656 484 701 Non
505 658 618 701 enim
647 658 694 701 in
723 657 897 702 ludicris
922 660 964 701 et
984 657 1104 700 vanis
1135 656 1284 700 mundi
1313 655 1525 700 illecebris
1547 669 1662 713 opes,

73 735 301 793 snpientia
338 737 382 779 et
409 733 613 779 fidelitate
644 748 722 779 sua
751 737 1049 790 congregatae,
1086 733 1373 791 expendebat3
1414 732 1489 777 sed
1518 736 1566 777 ut
1597 734 1663 777 vir

83 812 276 869 >prudens
310 815 358 857 et
380 814 586 856 'sensatus
622 826 712 856 rem
744 826 865 856 suam
896 825 1066 856 servare
1095 814 1285 855 noverat.
1331 810 1501 854 Domna
1532 811 1660 855 etiam

79 889 341 945 haimoni
368 889 580 934 familiare
599 889 920 934 contubernium
941 889 1173 946 prestabat,
1203 888 1446 944 frequenter
1467 902 1543 945 per
1565 901 1661 933 eum

88 979 268 1012 munera
285 967 407 1012 varia
422 970 478 1011 et
507 966 808 1023 permagnifica
837 980 1039 1022 germano
1064 980 1147 1018 suo,
1160 966 1408 1023 imperatori
1431 966 1660 1021 dirigebat3

87 1047 238 1103 utpote
265 1049 347 1101 que
376 1044 539 1089 nullum
569 1044 652 1088 fide
689 1048 733 1088 et
769 1044 957 1089 moribus
994 1045 1106 1088 inter
1137 1044 1415 1101 obsequentes
1447 1043 1528 1087 sibi
1565 1057 1663 1101 pre-

89 1122 341 1167 staneiorem
372 1122 566 1167 habebat.
689 1122 819 1166 Cuius
849 1121 1078 1177 legacionis
1108 1121 1294 1166 officium
1329 1124 1450 1165 tanta
1481 1121 1663 1165 auctori-

87 1202 181 1245 tate
207 1203 252 1246 et
279 1200 654 1258 circumspectione
686 1199 973 1257 persolvebat,
1012 1203 1059 1242 ut
1096 1213 1174 1256 pro
1204 1199 1284 1243 hoc
1314 1199 1449 1243 eciam
1479 1199 1564 1256 ipsi
1596 1212 1662 1243 re-

87 1291 183 1323 rum
214 1277 385 1322 domino
416 1277 694 1322 ammirabilis
725 1277 953 1321 videretur.

208 1357 250 1400 2.
297 1355 450 1413 Sepiue
487 1368 588 1400 vero
625 1355 851 1399 transitum
890 1354 1048 1398 faciens
1085 1367 1163 1411 per
1193 1352 1561 1409 Wilzeburgenseb
1593 1367 1660 1399 ce-

87 1432 262 1478 nobinm
273 1429 298 1489 ¹,
335 1446 362 1477 a
390 1431 589 1488 religioso
627 1433 814 1477 eiusdem
850 1431 933 1476 loci
965 1430 1116 1476 abbate
1146 1431 1346 1475 Heinrico
1383 1432 1574 1488 nomine,
1613 1435 1661 1476 ut

88 1510 154 1555 vir
181 1510 390 1566 gravioris
419 1523 612 1567 persone,
645 1513 887 1554 reverenter
918 1508 1227 1566 suscipiebatur
1258 1508 1482 1565 debitoque
1512 1509 1661 1553 huma-

87 1588 237 1636 nitatis
280 1587 418 1632 officio
464 1588 643 1644 benigne
689 1587 964 1632 tractabatur.
1087 1585 1224 1630 -Cuius
1271 1586 1554 1631 benivolentie
1594 1587 1662 1630 vir

88 1666 252 1722 sagacis
271 1666 404 1710 animi
432 1679 518 1711 non
547 1665 756 1710 inmemor
776 1665 1047 1721 audiensque,
1079 1664 1168 1707 illic
1194 1677 1391 1719 magnam
1413 1664 1659 1708 victualium

87 1747 231 1788 rernm
259 1756 354 1788 ¹esse
383 1744 619 1801 penuriam,
654 1746 704 1787 ut
732 1746 846 1787 totus
878 1742 1164 1787 misericordie
1196 1744 1238 1785 ct
1268 1741 1457 1785 caritatis
1488 1742 1660 1787 visceri-

73 1820 168 1866 bus
187 1819 401 1877 affluebat,
431 1821 575 1878 inopie
595 1834 740 1865 eorum
761 1820 976 1865 condoluit
1005 1823 1048 1864 et
1069 1844 1125 1850 -
1148 1820 1248 1875 quia
1277 1819 1433 1863 caritas
1459 1823 1660 1877 operatur

87 1902 263 1955 magna,
301 1899 339 1943 si
369 1902 454 1953 est3
492 1899 530 1942 si
561 1912 660 1943 vero
692 1899 859 1955 operari
889 1898 1079 1953 rennuit,
1119 1897 1275 1941 caritas
1306 1911 1391 1940 non
1423 1900 1488 1941 est
1517 1921 1573 1928 —-
1607 1912 1660 1942 ex

71 1976 254 2034 -epibus,
285 1990 312 2021 a
341 1976 432 2021 Deo
462 1976 555 2032 sibi,
574 1976 797 2031 concessis,
833 1975 1042 2033 hospitale
1074 1975 1128 2018 ad
1158 1975 1443 2031 receptionem
1473 1976 1660 2032 peregri-

87 2066 239 2098 norum
275 2053 364 2098 illic
395 2054 644 2098 construxit.
699 2053 873 2109 Hocque
911 2053 1094 2110 primum
1134 2066 1209 2096 sue
1241 2052 1474 2096 devotionis
1505 2067 1658 2097 munus

87 2131 141 2176 de
175 2131 373 2176 thesauro
410 2131 520 2176 bone
558 2131 787 2175 voluntatis
827 2130 995 2174 Christo
1033 2130 1198 2174 obtulit.
1260 2129 1330 2174 Sic
1370 2130 1481 2174 bona
1519 2130 1657 2187 arbor,

86 2208 271 2253 fructum
301 2209 531 2266 plurimum
563 2209 866 2264 germinatura,
897 2208 942 2251 in
972 2207 1117 2252 florem
1151 2208 1302 2264 erupit.
1351 2207 1480 2259 Quasi
1510 2208 1659 2265 primi·

86 2286 175 2330 cias
205 2287 297 2343 agri
326 2286 393 2331 sui
424 2287 479 2330 ad
509 2286 643 2330 altare
672 2286 763 2329 veri
794 2286 1023 2330 sacerdotis
1055 2285 1225 2339 detulit3
1261 2288 1309 2328 ut
1340 2284 1581 2342 centuplum
1612 2286 1658 2329 in

86 2363 167 2408 hoc
196 2363 351 2420 seculo,
384 2368 427 2408 et
455 2364 501 2408 in
529 2364 670 2407 futuro
692 2364 821 2407 vitam
847 2367 1035 2407 eternam
1056 2363 1263 2420 reciperet
1272 2361 1301 2406 ².
1345 2362 1510 2407 Bonum
1531 2362 1658 2420 plane

87 2441 270 2498 initium,
303 2441 414 2498 quod
444 2441 540 2484 finis
571 2445 636 2485 est
666 2441 851 2498 optimus
884 2441 1144 2485 subsecutus.

125 2539 127 2542 ⁴
207 2520 248 2563 3.
295 2518 398 2563 Post
428 2519 590 2563 obitum
619 2518 749 2574 igitur
775 2518 1027 2562 venerabilis
1059 2518 1212 2562 domne
1244 2518 1381 2562 ludite
1418 2517 1472 2562 ad
1503 2518 1657 2561 Teuto-

86 2596 204 2640 nicas
227 2610 421 2640 reversus
442 2597 649 2652 regiones,
679 2596 955 2639 Ratisbonam
978 2596 1095 2640 adiit.
1143 2596 1238 2651 Ubi,
1270 2595 1482 2640 canonicis
1502 2595 1547 2639 in
1568 2609 1656 2640 ser-

86 2673 195 2718 vicio
219 2673 377 2718 Christi
408 2674 627 2729 adherens,
659 2674 879 2718 reverendi
909 2674 1077 2717 habitus
1107 2673 1315 2717 modestia
1346 2686 1395 2717 ac
1424 2673 1656 2730 probabilis

86 2750 173 2796 vite
202 2751 428 2808 disciplina
466 2752 628 2795 cunctis
661 2751 796 2795 amori
834 2754 876 2795 et
907 2750 1100 2808 exemplo
1137 2751 1231 2794 fuit.
1352 2750 1429 2795 Illo
1466 2753 1656 2808 tempore

184 2872 212 2894 a.
243 2872 326 2894 corr.
347 2863 382 2894 in
402 2864 504 2895 nobile
525 2862 557 2896 0.
660 2864 690 2894 b.
722 2863 769 2895 sic
791 2867 836 2894 est
856 2863 891 2894 in
906 2864 938 2894 E
942 2876 954 2901 ,·
977 2862 1255 2902 (Wiertzburgense
1272 2862 1305 2902 0,
1324 2863 1586 2904 Wurzepurgense
1602 2862 1655 2902 Β).

183 2934 216 2969 1.
241 2932 431 2979 Wilzburg
455 2943 558 2970 coen.
577 2933 613 2969 d.
630 2933 862 2969 Eistetensis.
969 2934 1005 2970 2.
1029 2932 1157 2970 Matth.
1170 2933 1227 2979 19,
1245 2933 1310 2970 29:
1338 2933 1571 2980 „centuplum
1595 2942 1655 2970 ac·

86 2992 199 3039 cipiet
221 2994 261 3028 et
279 2992 394 3029 vitam
419 2996 604 3029 aeternam
629 2991 869 3038 possidebit“.
