2028 3438
448 242 614 277 nemus
643 244 751 275 vri-A
782 242 992 276 onoms.
1041 244 1129 276 un.
1151 245 1204 277 111
1237 243 1281 278 14
1560 235 1644 278 671

88 378 95 382 -
124 381 126 387 ,
196 348 269 394 14.
288 392 292 393 ⁷
311 347 461 394 Erant.
480 352 621 395 autem
640 352 759 394 trans
779 347 919 395 mare¹
948 350 1118 395 barbari
1137 350 1386 395 crudelitate
1418 354 1460 395 et
1490 353 1646 397 sevicia
1671 362 1765 399 1127

0 458 11 478 ⁵
73 423 324 485 singulares,
340 426 415 482 qui
430 424 633 472 Uorani·²
655 427 914 472 dicebantur.
956 427 1026 484 Hi,
1050 428 1196 472 audita
1215 427 1331 472 beati
1351 429 1532 486 presulis
1555 431 1646 488 opi·-

0 480 14 571 ξ,
72 501 221 559 done,
258 502 416 549 crebris
448 504 488 548 ei
517 503 797 560 legationibus
828 505 1156 550 mandaverant:
1196 506 1329 562 quod,
1371 507 1408 550 si
1443 521 1646 564 umquam

0 572 9 641 ξ
73 582 208 625 terras
238 593 383 627 eorum
415 581 575 626 intrare
606 586 888 639 presumeret,
930 583 1022 627 sine
1052 597 1172 627 mora
1202 596 1297 627 cum
1331 584 1526 628 omnibus
1559 586 1645 629 suis

0 657 8 698 ἑ
72 657 203 703 morti
231 657 501 705 acerbissime
526 673 572 704 se
591 660 841 704 tradendum
865 661 1005 706 sciret.
1054 660 1243 717 Cumque
1265 661 1330 704 vir
1350 661 1445 717 Dei,
1476 662 1645 706 fervens

71 733 119 781 in
138 733 306 792 spiritu,
336 735 474 782 minas
496 749 638 781 eorum
671 741 946 795 postponeret
968 738 1193 796 sepiusque
1214 738 1287 782 illo
1308 739 1482 783 tendere
1503 739 1646 796 dispo-

73 815 205 868 neret,
236 813 289 858 ab
321 813 515 858 omnibus
545 813 677 858 vitam
710 815 800 859 eius
832 815 1167 860 desiderantibus
1198 816 1479 860 inhibebatur.
1531 816 1645 872 Egre

71 892 214 935 tamen
243 889 419 947 ferebat,
451 891 564 947 quod
594 892 735 936 nullus
767 907 819 936 ex
850 892 1074 937 comitibus
1106 893 1192 937 suis
1224 893 1303 937 hoc
1334 908 1440 951 opus
1473 894 1646 949 aggredi

0 954 5 961 ’
71 966 250 1013 volebat.
373 967 494 1021 Quod
532 970 718 1014 sentiens
747 970 1019 1026 Uodalricus,
1060 971 1281 1026 religiosus
1320 971 1464 1015 Sancti
1502 972 1645 1027 Egidii

70 1045 605 1105 sacerdoS,1incunctanter
636 1061 681 1091 se
712 1048 810 1092 huic
838 1048 1073 1092 discrimini
1104 1047 1268 1092 obtulit.
1317 1048 1395 1092 Cui
1426 1050 1521 1106 pius
1544 1049 1643 1093 Otto

71 1121 298 1174 admodum
327 1123 586 1181 gratulatus,
623 1125 837 1170 licentiam
871 1129 913 1170 et
942 1126 1009 1170 vie
1039 1126 1214 1170 comites
1246 1127 1390 1170 statim
1422 1128 1640 1171 concessit.

69 1198 328 1246 Adalbertus
368 1204 530 1258 autem,
574 1203 654 1246 viri
692 1203 773 1248 Dei
810 1204 1042 1260 interpres,
1089 1206 1190 1247 tunc
1230 1217 1314 1247 non
1355 1204 1521 1259 aderat3
1569 1204 1643 1248 sed

69 1279 233 1334 postea,
257 1277 340 1323 -hec
369 1278 605 1336 addiscens,
636 1281 838 1324 domnum
860 1281 1103 1338 episcopum
1136 1281 1306 1325 omnino
1331 1282 1383 1325 ab
1404 1282 1483 1326 hac
1505 1283 1642 1326 inten-

69 1354 185 1402 tione
216 1355 446 1410 conabatur
477 1360 687 1414 avertere,
726 1357 960 1401 lacrimosis
990 1372 1086 1402 eum
1119 1358 1371 1413 singultibus
1407 1359 1486 1403 hoc
1517 1360 1642 1404 modo

70 1432 350 1490 compellans.
387 1435 423 1478 O
454 1444 595 1480 sancte
628 1445 766 1494 pater,
801 1438 907 1493 quid
937 1437 1058 1493 agis?
1111 1435 1195 1480 Cur
1227 1438 1541 1482 dilectissimum
1572 1454 1641 1482 co-

70 1519 332 1568 operatorem
369 1510 502 1557 tuum
524 1516 654 1557 morti
676 1515 899 1557 destinare
936 1530 1022 1557 non
1057 1515 1234 1558 metuis?
1288 1515 1411 1559 Scias
1449 1532 1496 1560 re
1525 1532 1639 1571 vera,

69 1590 185 1646 quod
213 1589 266 1634 ab
299 1591 491 1642 omnibus
520 1593 663 1644 nobis,
697 1601 743 1634 ut
772 1607 888 1645 reus,
922 1595 1068 1635 mortis
1102 1595 1189 1636 eius
1225 1596 1382 1637 ieiunio
1414 1595 1638 1638 addiceris.

69 1663 230 1711 Servus
267 1670 408 1711 autem
446 1667 529 1712 Dei
573 1668 815 1712 subridens.
859 1670 1014 1713 Nonne
1052 1670 1113 1713 ait
1161 1673 1252 1728 ipse
1290 1673 1484 1715 dominus
1523 1673 1641 1715 Iesus

69 1741 257 1788 &mium
287 1746 520 1803 discipulos
555 1761 653 1789 suos
685 1737 812 1803 quasi
848 1762 941 1790 oves
978 1750 1026 1791 in
1064 1751 1201 1792 medio
1241 1750 1439 1806 luporum
1476 1746 1642 1793 misit³2

67 1821 126 1866 Et
154 1824 356 1880 maqiseer
384 1825 510 1866 totius
542 1824 720 1877 ecclesie,
750 1826 951 1882 princeps
983 1827 1283 1882 apostolorum,
1317 1827 1468 1870 multos
1501 1843 1522 1870 e
1553 1830 1640 1870 suis

67 1899 128 1942 ad
161 1899 437 1974 subiqendam
467 1902 745 1962 barbarorum
782 1903 943 1945 oabiem
974 1905 1209 1947 destinavzt.
1268 1904 1356 1948 Sed
1396 1914 1434 1948 ec
1471 1915 1640 1948 sanctus

68 1969 252 2023 OEemim
276 1994 400 2036 papa
430 1979 691 2036 Dyonisium
722 1982 1009 2037 ariopayitam
1040 1983 1086 2024 in
1119 1980 1309 2032 Gallia83
1340 1983 1501 2039 aliique
1529 1999 1639 2040 pon-

67 2054 193 2110 tifices
225 2056 415 2100 Romani
449 2055 738 2100 dilectissimos
777 2073 874 2100 suos
914 2059 1238 2115 euanqelizandi
1272 2062 1417 2116 qratia
1452 2063 1639 2117 paqomis

67 2131 323 2187 direxerunt,
358 2136 436 2191 qui
454 2135 506 2178 ab
529 2137 587 2177 eis
607 2135 793 2192 iuqulati
814 2136 1104 2179 occubuerunt.
1153 2136 1244 2179 Nec
1275 2145 1413 2180 tamen
1443 2140 1641 2195 maqistri

67 2223 214 2257 eorum.
239 2213 386 2254 mortis
423 2227 516 2256 reos
547 2227 591 2255 se
621 2213 949 2264 adiudicabant;
987 2215 1092 2270 quin
1126 2215 1211 2257 imo
1249 2215 1387 2271 ylorie
1422 2218 1637 2272 passionis

66 2287 257 2344 ipsorum
295 2289 434 2343 alacri
462 2291 677 2333 devotione
712 2291 1020 2347 adyaudebant.
1074 2291 1208 2335 Testis
1247 2301 1306 2335 est
1342 2294 1472 2335 michi
1499 2294 1633 2347 Deus,

67 2365 184 2421 quod
215 2380 298 2423 pro
338 2381 481 2410 amore
510 2369 597 2410 eius
634 2369 728 2424 ipse
767 2383 840 2424 eqo
871 2369 980 2411 hanc
1014 2369 1295 2425 periculosam
1332 2372 1637 2426 predicationis

67 2444 291 2498 anqariam
311 2444 451 2487 subire
466 2453 658 2501 paratus
679 2460 818 2488 essem.
869 2446 957 2489 Sed
977 2448 1079 2502 quia
1100 2448 1262 2489 aditum
1284 2449 1527 2503 eqrediendz'
1544 2450 1635 2492 vio-

68 2518 195 2563 knter
214 2521 347 2564 michi·
366 2521 593 2575 obstruitis,
627 2522 736 2565 hunc
758 2523 940 2566 adlatam
961 2523 1128 2576 Christi,
1162 2533 1308 2580 sponte
1330 2525 1544 2582 proficisci
1563 2542 1634 2569 cu-

64 2599 280 2655 pientem,
304 2615 390 2642 non
421 2615 604 2643 aversor.
726 2599 858 2643 Nocte
888 2600 1020 2655 igitur
1048 2600 1238 2644 insecuta
1268 2600 1517 2646 Uodalricus
1557 2617 1634 2660 per

66 2687 262 2732 soporem
290 2676 416 2732 vidit,
456 2690 500 2720 se
531 2677 576 2720 in
608 2676 715 2720 atrio
748 2676 921 2721 ecclesie
952 2678 1089 2721 sancti
1117 2677 1263 2733 Egidii
1295 2679 1415 2736 quasi
1447 2680 1500 2723 ad
1536 2693 1635 2736 pro-

162 2815 190 2836 a.
220 2798 326 2838 uc'rani
347 2808 386 2844 Ε,
409 2808 514 2838 uerani
540 2807 579 2844 0‚·
600 2806 642 2847 qs:
658 2817 693 2847 p.
711 2807 776 2837 672
796 2817 827 2838 n.
842 2807 872 2837 h.

162 2876 195 2912 1.
219 2876 294 2924 i.·.e.
319 2879 420 2912 trans
445 2887 578 2923 aquas,
609 2887 703 2922 quae
729 2877 818 2912 Haff
839 2880 1018 2913 vocantur
1044 2876 1105 2921 (ab
1130 2878 1320 2923 Uznoimia
1345 2879 1392 2914 ad
1418 2879 1632 2923 meridiem).

66 2934 100 2970 2.
133 2934 274 2971 incolae
305 2935 384 2971 eius
414 2936 528 2981 partis
555 2936 738 2972 marchiae
762 2935 1126 2984 Brandenburgicae,
1159 2948 1255 2984 quae
1282 2938 1553 2984 „Uckermark“
1580 2938 1633 2975 di-

65 2993 170 3030 citur.
211 2992 265 3031 Cf.
293 3005 404 3040 supra
426 3006 462 3041 p.
482 2995 563 3031 587.
684 2996 718 3031 3.
744 2995 871 3031 Matth.
892 2996 947 3041 10,
968 2996 1024 3032 16.
