2028 3438
419 252 505 295 642
764 263 927 295 nnoms
958 264 1065 294 vrrA
1097 263 1304 295 orm-oms.
1352 259 1645 294 L113.11.16.17

254 380 345 415 1127
417 368 627 426 lapidibus
664 383 794 412 unum
824 370 877 413 de
908 370 994 412 suis
1026 369 1288 423 occiderunt,
1328 367 1470 424 plures
1501 365 1978 414 vulneraveruntmffliea

193 427 405 467 postSept.22
420 460 499 502 que
537 446 691 489 infecto
722 446 894 501 negocio
926 447 996 489 vix
1037 459 1131 489 cum
1172 446 1258 488 suis
1291 445 1484 488 omnibus
1516 444 1661 487 evasit,
1751 442 1980 487 ssssBretarea

419 536 496 579 per
525 526 659 566 totam
690 523 946 580 provinciam
979 523 1113 566 multa
1139 523 1537 576 malagrassantur3
1570 519 1979 577 rapinis5'inccndiis

420 601 562 643 omnia
591 603 825 643 vastantur.
947 600 1059 654 Ergo
1099 603 1162 642 tot
1200 599 1322 642 malis
1361 602 1425 641 tot
1461 598 1644 641 miseriis
1681 596 1980 642 finem.&.eere

420 680 637 733 sperantes
659 677 884 720 adventum
900 681 1100 731 vestrum,
1123 676 1352 719 clamamus
1375 675 1542 730 singuli,
1559 675 1795 718 ⁴clamamus
1810 686 1978 718 omnes:

428 754 534 798 Vem·
562 756 728 797 domine
758 757 854 797 vem·
860 771 873 805 ,·
904 755 1084 810 festina,
1117 769 1169 796 ue
1199 755 1455 803 tardaveri85
1493 754 1647 795 adveni
1659 751 1977 807 desiderabilia,

422 845 542 887 quem
590 840 871 887 exspectamus
915 834 962 874 in
1007 839 1066 873 tot
1108 831 1425 873 tribulationum
1461 830 1667 872 tenebris!
1740 861 1762 870 .,
1778 827 1979 884 Reliquus

420 921 561 950 rerum
591 910 828 950 vestrarum
867 911 1000 951 status
1039 907 1083 949 in
1114 906 1308 950 Bawaria
1346 909 1387 949 et
1419 905 1603 948 Saxonia
1639 906 1980 963 satisrprespene

422 984 572 1038 agitur.
693 985 758 1027 De
795 985 967 1039 negocio
1006 987 1145 1027 autem
1186 983 1289 1025 mihi
1320 983 1573 1039 specialiter
1595 979 1806 1028 iniuncto*
1839 985 1981 1040 pater-

422 1061 596 1104 nitatem
624 1065 808 1104 vestram
839 1062 946 1104 scire
975 1061 1090 1103 volo:
1123 1061 1222 1116 quia
1252 1073 1428 1116 cuprum
1459 1060 1511 1103 ad
1542 1060 1828 1116 septingentos
1860 1062 1903 1103 et
1931 1072 1980 1103 eo

424 1137 603 1193 amplius
634 1139 894 1181 centenarios
921 1138 1271 1194 comparavimus,
1303 1150 1355 1180 ex
1379 1137 1528 1192 quibus
1559 1139 1772 1194 trecentos
1783 1135 1982 1180 ²-maxima

424 1214 668 1258 difficultate
689 1228 821 1270 usque
839 1214 1195 1258 Schmalchalten⁸
1217 1214 1501 1270 perduximus.
1548 1213 1606 1257 Et
1623 1213 1709 1256 iam
1729 1212 1888 1256 viribus
1909 1226 1982 1256 ex-

423 1291 583 1346 hausti,
623 1305 794 1334 manum
826 1292 970 1335 auxilii
1002 1292 1131 1335 vestri
1162 1292 1326 1334 ardenti
1356 1291 1561 1334 desiderio
1598 1290 1909 1346 prestolamus*
1934 1296 1982 1333 ac

425 1368 790 1424 exoptatissimum
830 1369 944 1412 omni
981 1376 1109 1423 regno
1149 1368 1383 1411 sanctitatis
1415 1370 1552 1411 vestre
1589 1367 1772 1412 reditum
1800 1367 1882 1412 vix
1910 1381 1982 1411 ex·

424 1443 706 1502 spectamus&

542 1522 606 1565 He
637 1525 736 1565 sunt
765 1522 947 1579 piissimi
977 1522 1111 1578 patris
1131 1521 1357 1577 Wignandi
1386 1521 1525 1565 littere
1556 1521 1718 1565 calamo
1738 1535 1841 1565 vere
1850 1521 1981 1565 dilec-

426 1599 552 1642 tionis
584 1600 753 1655 scripte.

548 1676 614 1718 17.
662 1672 742 1718 Hic
767 1678 831 1718 est
850 1674 1124 1730 wignandus,
1156 1676 1393 1731 predicator
1414 1675 1701 1730 suavissimus,
1732 1687 1856 1731 quem
1874 1675 1981 1731 -pius

427 1752 525 1795 Otto
564 1753 684 1808 quasi
730 1750 1050 1795 auricularium²
1097 1752 1177 1795 sibi
1221 1752 1510 1795 fidelissimum
1557 1752 1746 1807 eligens,
1780 1752 1826 1795 in
1864 1754 1982 1795 tanto

428 1842 570 1872 amore
611 1833 653 1872 et
690 1829 931 1872 reverencia
967 1828 1166 1883 habebat,
1207 1832 1254 1871 ut
1293 1829 1479 1872 omnium
1517 1833 1772 1872 secretorum
1811 1842 1981 1872 suorum

426 1906 675 1962 participem
709 1920 804 1949 eum
834 1906 991 1949 faceret
1021 1909 1075 1960 et,
1106 1906 1296 1949 custodia
1320 1906 1502 1948 civitatis
1534 1906 1613 1949 sibi
1645 1906 1883 1962 specialiter-
1910 1906 1982 1949 de-

426 1982 585 2037 legata,
626 1983 753 2026 etiam
791 1983 1003 2037 egregium
1042 1996 1168 2039 opus,
1209 1982 1320 2037 quod
1357 1986 1458 2026 tunc
1494 1983 1785 2039 inchoaverat,
1824 1982 1984 2026 scilicet

427 2059 597 2102 domum
637 2060 771 2102 sancti
801 2059 916 2102 Petri
953 2060 1124 2102 maioris
1164 2059 1335 2102 ecclesie
1366 2072 1458 2102 cum
1498 2060 1685 2104 turribus
1715 2060 1770 2103 ad
1805 2059 1984 2103 arcenda

427 2136 589 2190 ignium
627 2136 815 2192 pericula
845 2137 1009 2193 cupreis
1041 2137 1205 2192 operire
1243 2135 1432 2191 laminis,
1473 2136 1562 2179 eius
1598 2137 1863 2193 potissimum
1894 2149 1983 2179 ma-

428 2212 599 2266 gisterio
633 2209 947 2256 committeret³.
994 2212 1082 2255 Nec
1111 2213 1320 2255 inmerito.

546 2288 653 2332 Erat
683 2289 794 2332 enim
826 2290 890 2331 vir
919 2289 1053 2332 tocius
1083 2289 1305 2345 prudentie
1336 2292 1378 2331 et
1407 2289 1671 2344 sagacitatis,
1694 2302 1815 2344 quem
1842 2288 1984 2332 videre

430 2369 472 2408 et
503 2366 648 2408 audire
679 2365 814 2419 gloria
841 2366 923 2408 fuit
953 2365 1111 2408 ordinis
1141 2366 1288 2419 nostri,
1327 2378 1411 2407 non
1443 2364 1576 2407 solum
1609 2365 1818 2421 spirituali
1847 2366 1984 2420 gratia

429 2442 788 2498 prestantissimus
821 2442 893 2485 sed
925 2445 967 2485 et
998 2442 1184 2497 corporis
1215 2445 1432 2484 venustate
1463 2444 1505 2484 et
1540 2454 1704 2484 morum
1734 2441 1983 2497 habitusque

430 2518 648 2561 dulcedine
688 2518 879 2561 omnibus
924 2518 1127 2561 amabilis.
1184 2518 1311 2561 Cuius
1350 2518 1623 2560 reverendam
1655 2521 1910 2562 senectutem
1942 2521 1984 2562 et

430 2599 558 2650 caput
587 2595 640 2638 ad
672 2594 989 2637 similitudinem
1011 2594 1167 2638 Christi
1198 2595 1422 2638 candidum
1452 2594 1577 2638 liceat
1605 2594 1725 2638 nobis
1747 2608 1983 2651 ‚parumper

430 2671 568 2725 dignis
600 2671 770 2714 vocibus
808 2672 1036 2727 predicare.
1094 2671 1203 2713 Nam
1248 2684 1341 2714 cum
1382 2683 1489 2726 pene
1528 2671 1812 2714 centenariam
1841 2674 1983 2726 ageret

431 2749 585 2790 etatem
617 2750 659 2789 et
688 2747 916 2802 plurimum
947 2747 991 2789 in
1022 2760 1146 2803 opere
1178 2747 1257 2790 Dei
1287 2750 1408 2790 nocte
1439 2747 1587 2802 dieque
1618 2747 1841 2803 laboraret,
1874 2746 1983 2790 oculi

528 2867 555 2887 a.
588 2857 833 2888 Schmalkhalten
858 2857 890 2895 0,
915 2857 1155 2888 Schmalchalten
1177 2859 1216 2888 B.
1339 2857 1368 2888 b.
1400 2857 1600 2897 prestolamur
1620 2858 1659 2888 B.

527 2927 559 2961 1.
585 2926 761 2962 ecclesiae
778 2926 814 2962 S.
828 2927 925 2962 Petri
939 2926 1220 2972 Bambergensis
1236 2936 1348 2971 cupro
1364 2926 1562 2973 tegendae3
1587 2937 1623 2962 v.
1640 2936 1720 2972 cap.
1730 2927 1787 2963 17.
1865 2928 1899 2963 2.
1924 2925 1980 2963 Of.

432 2985 455 3020 2
480 2984 569 3030 Reg.
588 2985 645 3029 23,
671 2984 727 3020 23.
846 2986 880 3020 3.
906 2995 1000 3020 anno
1027 2986 1128 3021 1127.
1167 2985 1211 3022 V.
1238 2995 1348 3030 supra
1371 2996 1405 3020 n.
1426 2986 1457 3020 1.
