2028 3438
392 262 477 305 818
770 273 1009 304 HERBORDI
1043 272 1283 304 mametis.
1329 272 1416 302 Lm.
1438 271 1490 302 111
1519 269 1567 303 24
1592 287 1593 291 =

275 387 366 424 1127
391 378 503 421 viros
542 377 827 434 honorabiles,
868 381 988 435 aptos
1028 378 1080 421 ad
1110 390 1313 434 responsa
1341 376 1561 420 reddenda.
1584 375 1652 420 vel
1681 375 1943 433 accipienda3

393 455 540 498 ducem
572 454 660 498 adit
668 462 696 511 ¹,
727 468 870 512 preces
901 455 1051 510 fundit,
1085 457 1252 498 accusat
1280 452 1482 510 populum
1511 455 1553 496 et
1580 453 1752 497 excusat
1760 450 1788 496 ³.
1834 445 1945 502 Dein

394 531 555 588 potenti
585 531 756 575 suadela
784 532 953 587 mitigat
981 531 1284 586 indignantem,
1315 530 1444 584 iubet,
1476 529 1679 584 obsecrat,
1709 529 1945 573 faciteam-

393 608 655 664 positionem,
684 609 926 664 pacatisque
949 608 1001 651 ad
1022 607 1251 664 perfectum
1273 606 1479 662 omnibus,
1500 606 1663 662 legatus
1683 618 1779 651 eum·
1795 605 1945 661 legatis

394 697 540 740 pacem
572 683 693 728 affert
722 685 894 728 civitati.
942 685 1072 739 Hinc,
1111 683 1191 727 toti
1222 683 1393 727 ecclesie
1423 683 1695 738 valefaciens,
1733 680 1947 726 uui-isar-

393 760 640 804 sectionibus
682 760 859 804 Iulinam
897 761 958 804 ire
998 761 1233 804 dimittitur.
1355 759 1529 815 Maligni
1559 772 1669 803 vero
1694 758 1944 814 sacerdotes,

394 838 508 894 pleni
538 836 797 892 demonibus,
830 850 920 881 cum
954 838 1038 880 iam
1072 840 1215 893 aperte
1246 850 1330 879 non
1359 839 1545 893 possent,
1577 835 1644 880 vel
1673 849 1749 892 per
1771 834 1946 880 insidias

395 927 514 958 servo
535 913 616 956 Dei
646 927 795 957 nocere
825 913 961 956 moliti
991 911 1124 956 sunt².
1171 913 1385 957 Conducta
1415 913 1569 957 etenim
1594 925 1748 968 magna
1775 911 1947 955 sicario.-

394 1004 488 1033 rum
526 990 813 1045 multitudine,
852 990 966 1033 viam
998 989 1188 1033 abeuntis
1225 990 1269 1032 in
1301 990 1525 1034 artioribus
1554 989 1712 1045 navigii
1740 988 1844 1032 locis
1871 987 1947 1033 ob·-

395 1067 613 1120 sederunt3
651 1067 737 1109 suis
769 1066 934 1122 amicis,
966 1067 1144 1109 istarum
1174 1080 1315 1110 rerum
1345 1066 1516 1122 nesciis,
1553 1069 1735 1111 mortem
1762 1065 1947 1122 episcopi

395 1143 515 1199 quasi
544 1157 620 1200 per
649 1143 948 1186 divinationem
981 1144 1316 1199 prenunciantes.
1367 1143 1427 1186 At
1455 1143 1527 1186 ubi
1559 1143 1612 1186 ad
1641 1142 1816 1186 insidias
1847 1153 1947 1186 ven-

394 1223 484 1264 tum
516 1223 593 1275 est,
625 1220 765 1263 hostes
796 1233 916 1263 arma
945 1219 1190 1275 corripiunt,
1221 1219 1485 1263 funambulos
1512 1222 1668 1275 tenent,
1700 1219 1947 1274 navigantes

394 1297 619 1351 invadunt,
661 1297 906 1350 sanguinem
945 1297 1129 1352 episcopi
1171 1310 1296 1352 super
1327 1297 1468 1339 omnia
1498 1296 1698 1340 sitientes.
1759 1295 1821 1339 At
1847 1306 1948 1340 vero

396 1373 653 1418 Stetinenses
685 1377 727 1416 et
756 1374 903 1428 nostri,
937 1373 1008 1429 qui
1039 1387 1131 1416 cum
1161 1373 1354 1430 episcopo
1377 1377 1509 1429 erant,
1541 1386 1660 1416 arma
1679 1373 1863 1430 capiunt,
1893 1385 1946 1416 ex

393 1454 485 1494 rate
514 1449 751 1506 prosiliunt,
783 1449 939 1506 partim
963 1453 1077 1493 terra
1098 1450 1252 1506 partim
1276 1464 1384 1505 aqua
1404 1450 1650 1505 consistunt,
1680 1449 1767 1493 vim
1787 1448 1948 1493 viribus

394 1527 591 1570 audacter
622 1529 822 1569 arcentes.
872 1526 1059 1582 Cumque
1091 1527 1333 1582 aliquandiu
1364 1529 1596 1583 pugnatum
1627 1525 1776 1581 essev,
1806 1525 1852 1568 hi
1875 1525 1947 1581 qui

395 1604 445 1647 de
475 1603 640 1646 insidiis
672 1606 792 1646 erant
821 1617 846 1646 a
868 1602 1173 1647 Stetinensibus
1202 1607 1402 1660 ceperunt
1431 1603 1621 1658 agnosci3
1653 1606 1696 1646 et
1715 1602 1876 1646 confusi
1895 1601 1946 1645 de

394 1680 614 1723 malefacto
644 1680 851 1734 fugerunt.
972 1679 1031 1723 At
1061 1680 1273 1735 sacerdos,
1313 1681 1384 1735 qui
1418 1680 1495 1723 hec
1524 1679 1785 1723 machinatus
1816 1681 1944 1734 erat⁸,

395 1758 540 1801 eadem
570 1756 673 1799 hora
704 1756 816 1798 domi
845 1768 939 1799 cum
961 1756 1107 1800 amieis
1129 1757 1215 1800 suis
1236 1757 1437 1812 residens,
1470 1756 1642 1813 paralisi
1663 1759 1706 1800 et
1725 1755 1946 1800 vehemen-

394 1835 556 1877 tissimo
586 1833 787 1887 languore
807 1833 952 1876 vexari
976 1834 1099 1889 cepit,
1133 1834 1232 1888 suis,
1265 1836 1312 1876 ut
1331 1833 1525 1888 arbitror,
1558 1833 1638 1876 diis
1659 1845 1754 1876 eum
1783 1831 1946 1876 lanian-

393 1911 518 1954 tibus.
581 1909 790 1964 Cumque,
829 1923 901 1953 ore
940 1909 1070 1952 oculis
1109 1923 1158 1952 ac
1187 1913 1278 1953 tota
1306 1910 1413 1954 facie
1443 1910 1642 1965 distorta,
1680 1909 1862 1953 frontem
1892 1909 1946 1952 ad

395 1986 585 2043 scapulas
616 1989 799 2030 verteret
839 1986 904 2030 et‘¹
936 1987 1164 2030 miserabili
1195 1987 1381 2043 corporis
1419 1987 1645 2042 agitatione
1683 1986 1729 2030 in
1766 1989 1945 2031 mortem

394 2062 638 2117 solveretur,
671 2063 939 2106 exclamavit:
973 2064 1062 2106 Hec
1089 2065 1233 2120 patior
1251 2073 1430 2121 propter
1449 2066 1628 2107 insidias
1650 2072 1688 2107 et
1706 2064 1834 2117 mala,
1868 2077 1946 2120 que

394 2149 537 2183 contra
572 2140 760 2182 Ottonem
785 2141 891 2196 feci.
940 2140 987 2198 In
1018 2139 1096 2182 hac
1125 2153 1226 2183 voce
1256 2141 1387 2184 vitam
1416 2139 1563 2184 finivit.
1616 2140 1775 2182 Tantus
1806 2142 1944 2183 autem

392 2216 501 2259 fetor
532 2216 775 2259 subsecutus
806 2219 891 2271 est,
923 2219 971 2258 ut
1000 2215 1122 2259 Pluto
1152 2217 1244 2273 ipse
1273 2217 1511 2272 infernalis,
1544 2216 1611 2260 vel
1642 2215 1830 2272 quisquis
1858 2215 1948 2259 illic

394 2293 602 2335 maximus
634 2295 710 2346 est,
743 2292 795 2335 ab
825 2292 947 2335 huius
968 2293 1156 2335 faucibus
1179 2293 1341 2349 spirare
1360 2296 1590 2350 putaretur.
1711 2292 1816 2336 Item
1839 2291 1944 2335 alius

395 2369 563 2424 quidam
603 2368 654 2411 de
694 2369 978 2412 sacerdotibus
1011 2369 1154 2412 Ottoni
1194 2370 1426 2412 contrarius
1457 2382 1551 2412 cum
1583 2369 1636 2412 ad
1666 2368 1839 2423 negocia
1869 2381 1946 2411 sua

395 2458 489 2488 cum
519 2445 781 2488 institoribus
811 2446 918 2489 forte
949 2445 1186 2500 navigaret,
1220 2450 1262 2489 et
1291 2447 1335 2489 in
1365 2446 1503 2489 insula
1533 2445 1712 2501 quadam
1743 2448 1869 2488 naute
1898 2448 1946 2488 ut

396 2522 579 2565 assolent
609 2522 661 2564 ad
693 2535 789 2564 suas
821 2523 1135 2566 commoditates
1163 2523 1474 2579 applicuissent,
1505 2522 1584 2565 iste
1605 2522 1786 2565 alienata
1805 2524 1944 2566 mente

394 2611 471 2640 nec
500 2598 618 2641 vultu
655 2611 732 2642 nec
762 2612 862 2642 voce
894 2612 1041 2642 sanum
1073 2599 1173 2655 quid
1204 2612 1329 2654 agens
1360 2613 1386 2642 a
1417 2598 1637 2642 comitibus
1666 2601 1834 2642 notatus
1865 2601 1941 2642 est.

396 2673 582 2729 Cumque
620 2688 806 2718 seorsum
847 2676 898 2719 ab
938 2676 1030 2718 aliis
1070 2676 1115 2718 in
1154 2676 1259 2719 silva
1290 2675 1419 2719 veluti
1456 2688 1531 2731 per
1562 2675 1788 2718 amentiam
1817 2687 1944 2729 vaga-

394 2753 522 2804 retur,
554 2750 723 2794 iuvenes
755 2751 938 2807 quidam,
971 2752 1090 2808 quasi
1121 2766 1196 2808 per
1216 2752 1433 2795 lasciviam
1461 2750 1606 2805 secuti,
1638 2750 1815 2794 delirum
1844 2751 1943 2794 fune

395 2839 471 2882 per
507 2829 652 2880 guttur
690 2828 742 2869 ad
781 2828 973 2871 arborem
1003 2828 1137 2882 ligant
1168 2832 1209 2871 et
1239 2828 1467 2871 discedunt.
1530 2826 1604 2870 Ille
1634 2840 1731 2870 vero
1762 2827 1941 2870 incautis

491 2934 516 2955 a.
550 2926 672 2961 adiitN,
686 2926 748 2955 adit
756 2927 825 2957 BR.
868 2927 896 2957 b.
912 2937 992 2958 corr.
1001 2927 1034 2957 in
1045 2928 1212 2965 pugnarent
1220 2928 1259 2957 N.
1301 2936 1326 2956 c.
1343 2926 1472 2963 essetN,
1486 2927 1550 2956 erat
1557 2926 1596 2964 R,
1608 2926 1705 2957 fuerat
1712 2927 1749 2956 B.
1793 2927 1822 2956 d.
1837 2926 1941 2957 om.N.

491 2989 523 3022 1.
549 2986 604 3023 Cf.
621 2987 700 3024 Ebo
716 2989 769 3023 III
788 2990 845 3024 23.
1058 2991 1092 3025 2.
1118 2988 1172 3025 Cf.
1191 2989 1270 3025 Ebo
1286 2989 1339 3024 III
1359 2990 1416 3025 20.
