2028 3438
563 227 803 259 nnuman
814 226 986 259 connx.
1034 226 1091 260 58.
1109 225 1155 260 59
1563 214 1649 259 125

41 338 45 342 ’
72 332 772 386 ίωῑωθᾱὶσεΝονοωὺτίωΙοὶπειτο
793 334 1070 391 disponimus,
1102 333 1390 391 praesentium
1410 332 1647 377 litterarum

74 409 406 456 convocatione*
429 425 487 456 ex—
510 413 635 469 parte
665 411 779 463 beati
807 411 924 455 Petri
956 410 1243 468 apostolorum
1281 410 1487 468 principis
1525 424 1650 467 prae-

74 488 283 547 cipiontos
316 488 560 534 invitamusa
628 517 631 530 2
663 488 755 533 Hoc
794 489 920 533 etiam
966 488 1277 535 fraternitatem
1318 491 1503 532 vestram
1542 488 1649 531 scire

74 564 291 611 volumus&
307 567 435 624 quia,
465 570 688 611 utvsecure
722 567 777 610 ad
805 580 882 610 nos
904 565 1048 610 venire
1079 565 1186 608 etin
1207 568 1395 608 vestram
1414 565 1648 622 potentiam

73 642 176 688 Deo}
190 646 442 702 {protegente
470 644 645 701 possitis
674 644 834 699 redire,
856 643 1021 687 fideles
1059 643 1195 686 nostri
1226 656 1252 686 a
1281 642 1534 697 maioribus,
1577 643 1649 698 qui

71 723 174 770 suut
198 721 247 770 in
276 721 396 766 euri'a
424 720 648 776 H(einrici)
679 722 783 765 dicti
813 721 939 777 regis,
971 721 1209 764 iuramento
1232 720 1503 763 securitatem
1533 732 1648 763 rece-

71 802 240 856 penmt.
269 797 588 843 -Desideramus
619 799 730 843 enim
763 813 850 842 una
879 797 1096 842 vobiscum
1135 801 1339 853 tractare,
1379 797 1521 841 divino
1552 797 1655 863 falti.

76 875 249 932 auxilio,
281 875 463 933 qualiter
492 876 704 934 possimus
735 889 883 933 pacem
915 874 1163 919 confirmare
1197 877 1324 931 atque
1355 875 1408 918 ad
1439 874 1646 930 gremium

71 955 254 998 motae
275 954 425 999 matris
455 953 655 999 ecclesiae
686 953 946 997 scismaticos
976 952 1067 996 Deo
1096 952 1331 997 auxiliante
1361 965 1572 996 revocare.

76 1094 159 1144 59.
194 1081 433 1155 Gneqom'us-
454 1096 546 1140 VII
574 1113 694 1154 papa
726 1096 962 1152 Rudolfum
987 1110 1130 1152 rreqem
1161 1104 1199 1139 et
1230 1095 1422 1139 Saxones
1461 1097 1521 1138 ad
1548 1111 1647 1153 per-

80 1206 123 1221 -.,.
192 1175 473 1223 severantiam
493 1174 744 1218 cohortatur.
787 1173 857 1217 De
877 1174 1040 1230 synodo
1070 1173 1200 1216 addit·
1222 1181 1260 1216 et
1287 1174 1338 1215 de
1365 1173 1647 1230 archiepisco-

93 1262 114 1295 ζ
136 1287 138 1292 ,
164 1250 719 1308 1spuunt„-Aldaqdelmryv(nisti¹‘.
1471 1249 1523 1303 (Ε
1545 1250 1646 1302 153)

189 1338 443 1396 GregoriuS‘*
481 1340 704 1397 episcopus
740 1353 889 1383 servus
938 1352 1153 1383 servorum
1196 1338 1277 1382 Dei
1314 1338 1533 1383 Rodulfod·
1556 1340 1646 1395 regi

72 1417 349 1474 omnibusque
378 1430 522 1462 secum
551 1417 597 1463 iu
627 1430 758 1472 regno
791 1416 1006 1460 Saxonum
1038 1416 1416 1471 commanentibuS‚
1447 1420 1533 1460 tam
1557 1418 1646 1474 epi—

71 1495 383 1552 scopiawquam
417 1494 594 1539 ducibus
634 1498 676 1538 et
685 1501 703 1526 ⁶=
738 1494 961 1538 comitibus
999 1507 1078 1538 nec
1116 1507 1202 1537 non
1232 1494 1461 1538 maioribus
1495 1497 1536 1538 et
1567 1495 1647 1538 mi—

70 1572 258 1629 noribus,
289 1575 559 1630 peccatorum
591 1571 897 1616 absolutionem
928 1575 971 1616 et
1001 1572 1276 1629 apostolicam
1297 1571 1643 1616 benedictionem.

168 1677 173 1689 .‹
191 1649 298 1694 Gum
319 1649 487 1694 Veritas
507 1650 604 1707 ipsa
624 1649 754 1693 dicat:
789 1650 991 1706 omnium,
1023 1650 1096 1706 qui
1116 1652 1290 1706 propter
1314 1649 1528 1693 iusticiam
1549 1663 1646 1706 per-

70 1727 330 1781 secutionem
349 1727 583 1785 patiuntur,
604 1741 782 1783 regnum
803 1741 895 1771 esse
916 1727 1100 1771 celorum
1113 1724 1137 1782 ¹,
1168 1730 1210 1770 et
1231 1726 1446 1783 apostolus
1469 1727 1643 1771 clamet:

69 1804 304 1861 neminem,
343 1805 427 1849 nisi
464 1805 537 1861 qui
567 1804 756 1860 legitime
794 1806 1039 1860 certaverit,
1081 1819 1206 1862 posse
1237 1805 1429 1848 coronari
1439 1801 1467 1859 ²,
1499 1805 1644 1860 nolite,

69 1881 149 1926 filii
178 1882 276 1939 mei,
312 1883 359 1926 in
380 1882 488 1939 ahoe,
528 1882 601 1940 qui
639 1896 713 1926 vos
744 1883 828 1926 iam
860 1883 994 1927 multo
1028 1886 1219 1939 tempore
1252 1882 1460 1937 exagitat,
1495 1881 1644 1926 bellico

69 1959 213 2004 furore
252 1959 449 2014 deficere3
494 1959 625 2003 nolite
662 1974 738 2017 per
775 1959 903 2003 ullius
940 1960 1126 2004 fallentis
1174 1973 1380 2017 personae
1425 1960 1647 2004 mendacia

71 2037 124 2082 de
160 2040 305 2081 nostro
342 2036 457 2081 fideli
498 2037 705 2081 adiutorio
743 2037 949 2081 dubitare.
1006 2037 1090 2082 Sed
1127 2038 1263 2092 magis
1304 2037 1523 2094 magisque
1567 2051 1644 2094 pro

69 2104 228 2159 tuenda
257 2115 435 2160 veritate
469 2114 772 2170 ecclesiastica,
811 2129 889 2177 pro
921 2115 1184 2158 defendenda
1214 2118 1379 2158 vestrae
1410 2115 1644 2158 nobilitatis

70 2190 266 2236 libertate
275 2191 300 2248 ¹,
336 2191 472 2236 labori
508 2192 595 2236 iam
633 2192 787 2236 ciciusg
816 2192 1000 2236 finiendo
1038 2192 1269 2236 incumbite
1308 2196 1435 2236 etex
1466 2192 1644 2236 adverso

71 2266 333 2314 ascendendo
358 2283 439 2313 vos
471 2272 513 2313 et
542 2282 720 2326 corpora
749 2272 892 2313 vestra
922 2270 1041 2325 quasi
1075 2283 1243 2313 murum
1274 2282 1351 2326 pro
1384 2269 1507 2312 domo
1539 2269 1644 2313 Deih

68 2333 305 2404 *obponere'
336 2347 527 2402 satagite.
580 2346 705 2398 Quidi
743 2346 828 2390 iam
867 2347 911 2389 in
950 2347 1111 2390 duabus
1151 2346 1301 2403 synodi
1338 2349 1509 2390 nostrae
1545 2359 1645 2390 con-

69 2422 363 2468 ventionibus*
383 2425 436 2468 de
455 2438 554 2480 rege
574 2424 770 2468 Rodulfo¹
793 2427 836 2468 et
855 2423 907 2468 de
927 2423 1159 2468 Heinricom
1180 2426 1412 2467 statutum¹¹
1437 2424 1644 2480 quidque⁰

70 2500 132 2545 ibi
160 2501 214 2545 de
244 2515 348 2559 pace
379 2506 421 2546 et
450 2502 674 2546 concordia
704 2502 823 2556 regni
854 2501 1006 2544 etiamr
1042 2515 1138 2544 cum
1168 2501 1417 2545 iuramentis
1449 2502 1505 2545 sit
1534 2501 1645 2546 diffi-

70 2578 230 2635 nitum,
269 2592 346 2636 per
383 2582 549 2623 nostras
588 2579 752 2623 litteras
792 2582 834 2622 et
870 2592 946 2635 per
985 2582 1172 2622 vestrosq
1202 2578 1384 2634 legatos,
1423 2579 1507 2622 nisi
1536 2579 1644 2623 forte

165 2701 192 2722 a.
222 2691 383 2722 vocatione
401 2692 432 2722 V.
536 2692 567 2722 b.
599 2701 638 2723 ccv
659 2692 686 2730 V
705 2692 762 2728 66,
786 2691 816 2721 Z
826 2701 861 2730 p.
878 2691 950 2728 116,
980 2691 1007 2721 G
1029 2691 1202 2722 48—48v.
1234 2690 1366 2731 ἰκρίων
1387 2691 1481 2723 etiam
1505 2690 1568 2730 (B)
1592 2702 1643 2732 ap.

71 2744 252 2776 Bmmonem
273 2745 321 2775 De
343 2744 421 2775 bello
444 2744 612 2782 Santonico,
636 2745 722 2776 Mon.
744 2744 845 2775 Germ.
862 2745 920 2775 SS.
938 2744 965 2774 V
982 2745 1056 2774 379.
1162 2754 1188 2774 c.
1222 2744 1257 2775 G.
1272 2745 1339 2782 VZ,·
1362 2745 1393 2775 S.
1409 2744 1445 2775 G.
1544 2745 1574 2775 d.
1606 2744 1642 2775 R.

78 2796 171 2828 VZG.
255 2807 282 2828 e.
315 2799 346 2828 et
365 2807 422 2828 om.
441 2798 499 2828 VZ.
588 2797 609 2828 f.
642 2797 824 2828 liberalitate
842 2797 877 2827 G.
970 2805 998 2834 g.
1030 2797 1091 2827 iam
1113 2797 1208 2827 cicius
1230 2807 1287 2828 om.
1305 2797 1341 2828 G.
1430 2797 1460 2828 h.
1494 2797 1588 2828 Israel
1603 2798 1642 2828 B.

71 2849 92 2880 i.
126 2849 277 2889 Quicquid
295 2850 353 2888 VZ,
377 2850 544 2890 Quicquam
565 2850 600 2887 G,
625 2850 704 2887 Quid
726 2851 765 2880 B.
855 2849 885 2880 k.
919 2850 1044 2888 synodis
1066 2851 1170 2880 nostre
1193 2850 1402 2881 conventionis
1426 2850 1461 2881 G.
1552 2850 1571 2881 l.
1606 2850 1642 2880 R.

79 2902 171 2934 VZG.
244 2913 283 2933 m.
311 2903 348 2934 H.
363 2904 421 2934 VZ.
495 2914 525 2934 n.
555 2904 595 2934 sit
617 2903 689 2933 add.
703 2903 761 2933 VZ.
836 2912 863 2933 o.
893 2903 1037 2942 quicquid
1051 2902 1109 2932 VZ.
1184 2912 1215 2942 p.
1245 2905 1276 2933 et
1297 2903 1332 2933 G.
1409 2913 1436 2943 q.
1466 2905 1589 2934 nostros
1608 2902 1643 2933 G.

169 2973 200 3008 1.
228 2972 354 3008 Matth.
373 2973 406 3019 5,
425 2973 481 3009 ro.
602 2974 636 3008 2.
663 2974 685 3008 2
702 2971 860 3008 Timoth.
879 2973 912 3018 2,
934 2972 968 3008 5.
1089 2973 1123 3008 3.
1148 2972 1283 3009 Ezeeh.
1299 2974 1356 3019 13,
1376 2974 1412 3009 5.

1674 343 1767 380 1078

1673 1347 1765 1382 1079

1671 1395 1759 1426 Febr.
