2028 3438
0 779 3 790 -
0 758 1 765 ⁴
0 696 4 729 *<
0 675 5 682 r
0 479 13 650 νηγνπ-ι--κ-ν-ι-τ-

633 240 855 273 nmmum
885 241 1055 273 connx.
1103 239 1150 273 23
1615 227 1670 270 47

103 347 228 391 dnm.
265 346 398 391 Porro
436 346 549 404 quod
585 350 756 393 nostrae
801 347 1027 405 parvitatis
1073 346 1258 391 officium
1303 359 1405 401 erga
1442 358 1517 389 vos
1565 345 1674 389 exile
1702 355 1796 391 1062

102 422 231 474 nimis
276 427 320 469 et
356 424 543 469 ieiunum
591 427 680 469 tam
723 423 948 481 magnifica
995 424 1236 482 appenditis
1283 415 1571 478 estimatione,
1620 436 1674 467 ne

103 501 273 560 quidem
303 515 445 547 meum
475 503 675 547 meritum
706 503 779 547 sed
802 516 1058 560 propensum
1079 505 1245 546 vestrae
1273 501 1462 545 caritatis
1484 500 1673 556 intelligo

102 574 321 625 affectum.
356 579 438 625 Est
467 581 582 624 enim
611 580 692 625 hoc
723 580 954 638 sollempne
984 593 1158 638 prorsus
1197 583 1240 624 et
1267 579 1479 623 familiare
1510 578 1674 622 sincere

101 648 388 715 iiiligentibuS,
419 661 468 702 ut
496 658 788 702 tenuissimam
820 672 992 716 operam
1014 671 1173 713 eorum,
1206 670 1310 713 quos
1333 656 1527 712 diligunt,
1559 655 1675 700 velut

102 736 314 793 egregiam
344 739 388 781 et
417 735 688 792 singularem
705 736 980 780 admirentur.

218 813 278 858 Et
305 817 450 858 nostro
481 817 525 858 et
553 814 684 857 totius
705 814 825 869 regni
845 814 1016 857 nomine
1040 812 1231 869 gratulor
1251 812 1384 868 vobiS,
1418 811 1544 868 quod,
1576 825 1673 869 per-

101 891 203 936 ditis
233 891 467 936 emulorum
506 892 693 936 consiliis
733 895 822 935 tam
852 894 1017 935 mature
1049 904 1123 934 vos
1156 890 1407 946 occurrisse,
1448 893 1538 935 tam
1573 903 1673 947 pru-

100 961 251 1014 denter
279 982 332 1015 ea
360 969 604 1027 dissipasse,
637 983 691 1013 ex
710 969 864 1014 litteris
884 969 1037 1013 vestris
1058 968 1246 1024 cognovi.
1355 967 1671 1023 Verumtamen,

101 1046 203 1092 dum
233 1047 399 1104 singula
427 1060 594 1092 mecum
616 1047 766 1091 etiam⁸
798 1050 924 1102 atque
945 1046 1073 1090 etiam
1093 1049 1291 1101 retracto,
1324 1045 1506 1089 solidum
1537 1045 1672 1090 since—

46 1130 51 1135 '
100 1109 283 1182 rumque
309 1125 510 1182 gaudium
541 1125 615 1169 vix
647 1125 780 1169 audeo
811 1125 1046 1182 concipere.
1096 1124 1348 1181 Suspectum
1379 1124 1536 1181 quippe
1566 1123 1671 1167 mihi

101 1207 179 1260 est,
211 1203 323 1260 quod
353 1203 406 1248 de
435 1203 678 1248 marchione
699 1203 753 1247 D.
778 1206 821 1248 et
843 1202 919 1246 deb
943 1203 1260 1260 archiepiscopo
1280 1201 1527 1257 Moguntino
1542 1199 1564 1258 ¹,
1598 1202 1670 1259 qui

101 1289 149 1326 se
177 1281 294 1328 velut
322 1285 452 1339 eaput
480 1281 781 1326 coniurationis
813 1280 946 1337 effert,
978 1280 1109 1325 nichil
1140 1280 1383 1338 scripsistis.
1430 1279 1574 1324 Movet
1603 1293 1671 1324 me

102 1360 232 1404 etiam
269 1359 387 1404 ducis
424 1357 760 1404 Bawariorum⁰²
796 1362 885 1403 tam
932 1358 1056 1403 facile
1098 1361 1271 1416 recepta
1315 1358 1535 1415 purgatio,
1582 1361 1671 1402 tam

99 1437 225 1482 facile
254 1437 416 1485 credita
445 1438 674 1482 excusatio.
723 1437 893 1481 Dolosis
934 1438 1047 1481 enim
1078 1436 1264 1480 consiliis
1302 1436 1432 1479 nichil
1471 1436 1670 1479 dissimu-

98 1515 259 1563 latione
288 1516 429 1575 aptius
454 1515 554 1561 est‘.
602 1514 737 1567 Quam
769 1515 821 1560 ob
851 1529 942 1560 rem
963 1515 1092 1559 velim
1113 1528 1187 1558 vos
1208 1514 1331 1558 unice
1352 1514 1669 1570 commonitum,

99 1593 223 1638 utin
253 1604 404 1638 omnes
429 1598 573 1652 partes
603 1594 906 1651 circumspecte
936 1607 1011 1637 vos
1033 1593 1183 1648 agatis,
1214 1591 1345 1635 nichil
1377 1592 1429 1636 de
1451 1592 1585 1649 priori
1608 1593 1671 1636 di·

98 1670 275 1728 ligentia
302 1671 564 1716 remittatis..
590 1671 734 1717 Nostis
773 1684 932 1727 mores,
965 1671 1099 1714 nostis
1129 1674 1343 1727 tempora3
1387 1670 1488 1726 quid
1526 1670 1672 1714 credat

100 1752 176 1794 aut
204 1749 272 1794 cui
301 1749 459 1806 credat,
490 1762 614 1793 nemo
645 1749 785 1794 habet.
831 1748 890 1793 Et
918 1749 964 1792 in
994 1752 1082 1792 tam
1114 1748 1253 1792 dubiis
1275 1747 1401 1791 rebus
1432 1748 1671 1805 periculosa

100 1830 166 1871 est
195 1827 413 1883 securitas,
445 1827 680 1884 dampnosa
698 1827 894 1883 facilitas,
925 1826 1164 1885 perniciosa
1184 1826 1424 1870 credulitas.
1546 1825 1669 1881 Novi,

100 1917 228 1963 quam
267 1904 584 1963 supereffluenti
623 1905 700 1950 hec
743 1905 968 1960 instillem3
1016 1905 1090 1949 sed
1137 1907 1284 1948 exacto
1324 1904 1459 1948 amori
1499 1902 1670 1948 difficile

99 1983 271 2028 modum
300 1983 577 2041 persuaseris.

218 2060 283 2106 De
313 2061 467 2106 comite
496 2061 548 2105 N.
582 2074 710 2118 quam
748 2062 828 2106 sim
860 2060 1157 2116 exacerbatus,
1197 2061 1358 2104 utinam
1402 2059 1670 2104 dissimulare

99 2152 282 2198 possem.
329 2139 652 2184 Verumtamen⁰
684 2164 740 2171 -—
774 2139 874 2197 quia
910 2138 955 2182 id
992 2152 1077 2182 non
1107 2138 1207 2182 licet
1243 2139 1348 2182 mihi
1379 2138 1514 2193 nolle,
1557 2138 1669 2195 quod

98 2231 175 2263 vos
204 2221 426 2275 tantopere
445 2217 553 2261 velle
579 2216 790 2273 intelligo‘
821 2241 877 2247 —
909 2216 1286 2274 imperavi-dolori,
1319 2216 1477 2260 extorsi
1505 2216 1667 2270 animo3

99 2299 161 2352 ut,
191 2308 288 2340 cum
319 2295 374 2340 ad
403 2309 478 2339 vos
508 2308 677 2351 venero,
710 2309 763 2339 ex
794 2298 934 2339 vestra
964 2295 1191 2352 praecipue
1227 2295 1438 2338 sententia
1476 2297 1518 2337 et
1551 2293 1668 2337 ducis

98 2369 375 2428 B(ertholdi)³
406 2373 580 2417 consilio
611 2386 701 2417 rem
733 2373 905 2430 paciar⁸
937 2372 1145 2429 componi.

219 2450 395 2495 Comitis
425 2450 477 2494 N.
509 2464 681 2494 causam
703 2451 831 2495 etiam
864 2445 989 2507 atque
1011 2450 1138 2494 etiam
1170 2451 1335 2493 vestrae
1355 2448 1534 2493 fiduciae
1555 2462 1668 2493 com·
1711 2450 1716 2454 ’

99 2529 364 2573 mendatamh
403 2541 496 2573 esse
532 2528 648 2585 volo,
688 2542 742 2573 ne
778 2542 918 2573 comes
954 2528 1006 2572 N.
1035 2528 1081 2571 in
1125 2530 1314 2571 nostram
1353 2527 1553 2572 iniuriam
1591 2527 1668 2571 sub

101 2605 237 2650 alieno
267 2606 438 2650 nomine
469 2606 521 2650 de
550 2606 623 2650 illo
654 2606 900 2664 triumphet.
1286 2669 1290 2673 ι

219 2683 285 2728 De
322 2697 418 2728 mea
454 2697 551 2728 cum
589 2683 746 2728 domna
781 2683 1050 2741 imperatrice
1089 2679 1417 2740 disceptatione⁴
1455 2682 1499 2726 id
1532 2681 1668 2726 solum

195 2813 221 2834 a.
254 2803 344 2833 etiam
367 2812 492 2833 erasum
513 2807 559 2833 est
579 2802 613 2833 in
636 2803 665 2833 V.
749 2803 778 2833 b.
813 2803 850 2833 de
873 2812 929 2833 om.
946 2802 1002 2832 VZ.
1088 2811 1114 2832 c.
1143 2802 1367 2833 Bauwariorum
1385 2802 1416 2833 V.
1502 2801 1532 2847 (1.
1559 2810 1616 2831 om.
1629 2802 1667 2831 B.

101 2865 128 2886 e.
160 2855 221 2886 Sed
246 2854 309 2887 CB.
392 2856 413 2885 f.
445 2856 581 2894 intelligo
604 2856 681 2886 velle
704 2856 733 2886 V.
819 2865 846 2893 g.
879 2856 982 2894 pacior
1006 2855 1062 2885 VZ.
1146 2854 1177 2885 h.
1210 2855 1417 2886 commendam
1439 2855 1478 2885 B.

196 2944 228 2979 1.
254 2940 436 2988 sigefrido
460 2943 488 2978 I.
610 2944 644 2979 2.
678 2942 822 2979 Ottonis
854 2942 900 2978 de
929 2941 1127 2978 Northcim.
1195 2966 1200 2970 -
1247 2943 1282 2978 3.
1316 2941 1421 2978 ducis
1446 2940 1666 2978 Carinthiae.

99 3002 134 3038 4.
159 3001 331 3039 Bernoldi
355 3001 478 3038 chron.
505 3002 622 3046 (Mon.
641 3001 763 3038 Germ.
782 3001 846 3038 SS.
860 3002 894 3038 V
911 3002 1003 3045 428)
1031 3001 1141 3037 1062:
1177 3001 1341 3047 „Magna
1364 3000 1545 3037 dissensio
1571 2998 1669 3036 facta
