2028 3438
0 287 15 334 ην]
0 247 7 270 *¹*
0 0 18 234 *ramnum-ns!-

488 257 740 290 πιθα-σωκ
771 255 1144 289 ΒΑΜΒΕΒΘΕΝΒΕΒ.
1189 255 1224 290 a.
1241 255 1265 288 4
1575 244 1661 288 481

82 362 204 412 Galli
234 363 428 410 othmari
458 363 944 410 columbaniUodalrici
973 363 1141 419 Briccii,
1164 362 1368 408 Wicberti
1397 363 1662 419 confessoris,

92 436 238 486 Severi
256 440 534 498 'confessoriffl
557 441 771 486 Valentini
801 441 1067 496 confessoris,
1100 440 1322 484 Adalberti
1352 440 1556 484 martiris.

211 518 440 564 Sinistrum
468 519 605 564 altare
634 519 853 564 orientalis
885 519 1031 563 altaris
1069 518 1332 564 consecravit
1362 517 1527 573 Dagino
1559 517 1662 561 Par-

90 595 433 656 thenopolitanus
455 596 794 654 archiepiscopus
824 597 870 640 in
891 596 1092 641 honorem
1117 594 1511 642 sanctorumBlasii
1530 595 1662 640 Lant-

90 674 200 719 berti
221 674 437 734 Stephani.
451 675 779 733 protomartiris.
827 673 1018 730 Reliquie
1039 687 1140 718 vero
1160 673 1205 717 in
1227 673 1373 718 eodem
1396 673 1532 730 posite
1563 676 1662 717 sunt

90 752 226 797 sancti
270 751 476 811 Stephani
501 752 887 810 prothomartiris,
936 750 1090 795 Ciriaci
1131 750 1396 808 Cristophori
1443 751 1661 795 Saturnini

88 830 308 875 Anastasii
337 830 571 874 Innocentii
589 830 882 887 Appollinaris
912 829 1045 873 Blasii
1075 828 1308 873 Landberti
1329 828 1522 874 Mauricii
1543 829 1661 874 Cele-

88 907 192 958 stini
222 908 379 953 Donati
410 907 558 952 Gancii
588 907 790 952 Canciani
822 906 1081 952 Cancianille
1112 907 1349 950 martirum.

98 1007 109 1016 ’-
124 999 126 1025 1
139 988 169 1021 -⁴=
205 986 355 1031 Altare
375 989 475 1031 ante
491 986 672 1043 criptam
695 986 958 1030 consecravit
972 984 1224 1028 Aschericus
1240 983 1506 1040 Ungarorum
1525 985 1660 1028 archi-

88 1062 332 1122 episcopus¹
370 1063 420 1108 in'
451 1063 654 1108 honorem
693 1067 935 1107 sanctorum
967 1063 1254 1107 confessorum
1284 1062 1450 1120 Hylarii
1480 1062 1661 1118 Remigii

89 1141 274 1187 Vedasti.
328 1141 520 1198 Reliquie
556 1145 699 1186 autem
729 1142 773 1185 in
806 1141 952 1186 eodem
985 1144 1085 1185 sunt
1122 1141 1259 1198 posite
1298 1144 1541 1184 sanctorum
1571 1141 1660 1198 Hy-

86 1219 185 1264 larii
214 1219 397 1275 Remigii
436 1218 637 1264 Germani
668 1219 841 1263 Vedasti
873 1219 1059 1262 Amandi
1091 1216 1367 1262 vindemialis
1410 1217 1660 1263 Columbani

86 1296 291 1342 Macharii
322 1297 537 1354 monachi,
568 1296 762 1342 Medardi
791 1296 954 1341 Bertini
985 1296 1138 1341 Briccii
1168 1296 1363 1352 Ragnulfi
1393 1295 1659 1353 Leudegarii,

87 1375 140 1420 de
170 1375 393 1434 sepulchro
423 1375 609 1419 Domini.

87 1596 136 1643 4.
173 1597 325 1648 Versus
351 1598 459 1642 ‘libri
483 1598 798 1654 euanyeliorum
818 1598 871 1641 ab
895 1597 1097 1640 Heinrico
1116 1597 1172 1640 II
1191 1612 1288 1654 φερε
1309 1598 1503 1641 ecclesiae
1523 1598 1657 1641 Bam-

174 1676 507 1734 berqenoi-dono
538 1671 688 1719 dati-².

299 1764 644 1809 Rex-Heinrieus
665 1779 822 1821 ovans,
854 1764 952 1809 fidei
983 1764 1207 1822 splendore
1237 1777 1477 1821 coruscans,

299 1842 512 1887 Maximus
543 1843 737 1901 imperio,
768 1843 925 1887 fruitur
956 1857 1037 1900 quo
1070 1857 1249 1900 prosper
1280 1842 1407 1898 avito,

299 1920 414 1966 Inter
445 1935 572 1979 opum
605 1922 745 1965 varias
776 1935 909 1978 prono
942 1921 994 1966 de
1024 1925 1195 1978 pectore
1225 1935 1353 1977 gazas

299 1997 464 2043 Obtulit
493 1999 604 2043 hunc
633 1999 803 2055 librum,
835 1999 979 2043 divina
1009 1999 1101 2055 lege
1131 2000 1348 2055 refertum,

258 2089 279 2120 ε
299 2076 455 2121 Plenus
487 2091 631 2121 amore
661 2077 756 2134 Dei,
789 2077 884 2134 pius
915 2077 961 2121 in
992 2078 1169 2122 donaria
1199 2078 1368 2134 templi3

297 2154 356 2199 Ut
385 2155 442 2199 sit
472 2158 724 2212 perpetuum
755 2155 881 2199 decus
913 2155 1002 2199 illic
1033 2170 1156 2200 omne
1187 2170 1263 2214 per
1296 2170 1458 2200 aevum.

368 2231 571 2291 Princeps
602 2233 822 2289 aeclesiae,
854 2233 1046 2277 caelestis
1079 2234 1262 2290 claviger
1295 2234 1430 2290 aulae,

298 2310 333 2355 Ο
364 2309 502 2367 Petre,
534 2325 630 2355 cum
661 2311 793 2355 Paulo
824 2311 962 2366 gentis
993 2311 1163 2356 doctore
1195 2312 1375 2368 benigno

296 2387 421 2433 Hunc
450 2389 529 2434 tibi
560 2389 758 2433 devotum
790 2403 915 2447 prece
946 2390 1014 2435 fac
1045 2404 1172 2448 super
1203 2393 1319 2434 astra
1349 2390 1520 2434 beatum

239 2478 279 2509 ιο
300 2466 407 2511 Cum
439 2466 702 2523 Cunigunda‚
737 2468 817 2512 sibi
848 2471 1131 2523 conregnante
1163 2482 1324 2512 serena.

295 2543 389 2590 Hoc
417 2544 558 2602 Pater,
592 2546 669 2589 hoc
699 2545 849 2602 Natus,
881 2559 959 2590 nec
988 2559 1074 2590 non
1107 2549 1148 2589 et
1180 2545 1365 2603 Spiritus
1399 2545 1535 2590 almus

295 2622 484 2680 Annuat,
517 2626 711 2668 aeternus
743 2637 911 2681 semper
941 2623 1056 2667 Deus
1089 2623 1283 2668 omnibus
1313 2638 1435 2668 unus.

178 2899 207 2923 ι.
238 2891 403 2932 Dum-ipsi
423 2901 462 2923 ex
483 2891 588 2924 codice
609 2891 766 2932 quondam
788 2892 1023 2932 Bamberyensi,
1047 2891 1137 2923 hodie
1158 2892 1343 2924 Monacenei
1369 2891 1443 2923 Cim.
1459 2894 1508 2923 5⁷.

179 2961 212 2998 1.
237 2959 511 3007 strigoniensis.
608 2963 642 2998 2.
669 2962 725 2998 De
741 2962 798 2998 his
814 2962 984 2999 versibus
1009 2961 1056 2999 cf.
1074 2961 1206 3017 Hirsch
1222 2962 1451 3000 Jahrbnoher
1467 2963 1533 2999 des
1550 2962 1652 2999 deut-

82 3018 196 3056 schen
220 3020 354 3057 Reichs
378 3024 485 3057 unter
510 3021 682 3058 Heinrich
700 3022 735 3058 II
759 3022 802 3058 T.
821 3022 855 3058 Π
881 3023 961 3058 102.

140 3083 249 3118 Jnn'.
271 3087 464 3116 Bibliotheca
479 3088 517 3117 V.
1322 3083 1366 3117 31

1695 369 1790 406 1012

1686 419 1758 450 Mai.
1774 421 1793 450 6

1683 1706 1714 1732 c.
1734 1696 1828 1732 1012
