2028 3438
411 254 498 298 546
950 268 1012 298 Ex
1043 267 1265 299 anmoins
1295 268 1433 299 mmzo

294 382 384 418 1135
410 371 551 417 Georii
573 395 627 403 —-
653 373 739 416 sole
759 373 918 417 nobiles
941 376 982 416 et
1003 373 1297 417 eminentiores
1329 386 1505 430 persone
1534 371 1966 434 admitterentur423hic

410 449 592 492 minores
632 453 673 493 et
710 449 906 493 mulieres
937 450 980 492 in
1013 449 1167 493 Christi
1198 450 1392 493 militiam
1426 450 1571 493 ordine
1601 451 1799 494 canonico
1828 449 1966 494 locum

411 526 649 569 assumendi
694 527 966 570 invenirent⁶.
1102 526 1256 578 Quodsi
1298 526 1413 582 quisb
1453 527 1498 569 in
1537 526 1737 571 alterutra
1778 526 1964 582 ecclesia,

410 603 568 646 scilicet
591 604 722 647 sancti
744 603 858 647 Petri
878 603 944 646 vel
966 603 1099 646 sancti
1123 603 1338 660 Stephani,
1371 603 1521 646 maiori
1549 604 1637 647 zelo
1659 604 1788 647 divini
1811 604 1966 648 amoris

409 683 560 734 tactus,
592 680 759 723 artioris
784 704 834 709 —
861 680 903 723 id
937 683 999 723 est
1027 680 1267 730 monac-hice
1292 705 1341 710 -—
1367 680 1639 737 professionis
1660 680 1848 736 regulam
1869 681 1966 725 sub-

408 756 471 800 ire
492 748 629 811 vellet,
662 770 714 799 ne
745 756 808 798 illi
840 756 943 799 alias
976 757 1182 801 divertere
1213 771 1380 801 necesse
1413 760 1535 812 esset,
1566 757 1676 800 idem
1709 757 1965 810 beatiissim-

409 836 578 890 perator
599 836 720 877 extra
739 832 885 876 urbem
903 847 1048 877 versus
1070 834 1398 889 septentrionem
1429 834 1644 878 constituit
1665 835 1963 888 monasterinm

407 910 452 953 in
474 910 629 953 honore
651 910 783 953 sancti
806 909 1048 954 Michahelis
1073 910 1310 964 archangeli
1339 915 1381 954 et
1405 912 1537 954 sancti
1555 910 1774 964 Benedicti
1788 911 1964 964 anbatis

409 990 451 1030 et
483 987 630 1043 opibus
672 990 796 1042 atque
833 990 983 1029 ornatu
1022 986 1275 1031 sufficienter
1306 988 1467 1031 ditavit.
1597 986 1860 1041 His,f,tribus
1899 1001 1965 1043 ec-

409 1063 545 1108 clesiis
569 1067 714 1120 postea
734 1077 811 1120 per
832 1062 1106 1118 Guntherum‚
1133 1065 1317 1108 eiusdem
1337 1065 1686 1120 Babinbergensis
1708 1066 1965 1122 3011130001-

409 1144 496 1184 tum
530 1141 779 1197 praesulem,
813 1144 855 1184 et
883 1154 959 1197 per
979 1140 1251 1195 Reginoldum
1283 1142 1489 1196 quendam
1510 1142 1646 1186 virum
1677 1142 1861 1196 nobilem
1891 1142 1964 1194 1141-

409 1218 497 1261 dita
528 1221 591 1260 est
622 1221 771 1273 quarta
803 1217 974 1272 ecclesia
1006 1218 1048 1260 in
1082 1218 1236 1261 honore
1268 1222 1409 1262 sancte
1429 1218 1587 1262 Mariae
1617 1219 1764 1263 matris
1793 1210 1964 1272 Domini

410 1298 451 1338 et
481 1295 614 1338 sancti
637 1292 823 1349 Gengolfi
858 1295 1043 1337 martiris
1077 1298 1196 1338 extra
1227 1296 1370 1339 urbem
1393 1310 1537 1339 versus
1569 1296 1770 1345 orientem
1801 1296 1847 1339 in
1873 1295 1963 1340 loco

410 1372 592 1415 Tierstat
623 1371 699 1415 sub
732 1372 876 1414 ordine
909 1375 950 1414 et
980 1372 1237 1427 professione
1268 1373 1478 1416 canonica.
1528 1418 1529 1421 ,
1598 1373 1789 1429 Denique
1820 1376 1963 1426 sextus

410 1450 498 1493 eius
521 1449 631 1492 sedis
653 1449 874 1505 episcopus
896 1449 1186 1491 Heremannus
1208 1452 1327 1492 extra
1347 1450 1491 1493 urbem
1515 1463 1659 1493 versus
1684 1450 1963 1498 00011101110111ο

408 1526 454 1568 111
485 1526 640 1569 honore
680 1526 813 1569 sancti
844 1526 982 1568 Iacobi
1015 1526 1194 1581 apostoli
1226 1525 1300 1568 filii
1331 1526 1509 1570 Zebedei
1542 1527 1757 1582 ecclesiam
1788 1527 1866 1574 sub
1897 1540 1963 1574 or-

410 1603 506 1646 dine
545 1603 741 1646 canonico
780 1602 980 1645 iniciavit.
1037 1602 1156 1645 Hanc
1187 1602 1284 1646 Otto
1323 1603 1529 1659 humilis‘¹‚
1570 1607 1740 1655 octavus
1773 1604 1962 1653 >eiusdem

410 1680 519 1723 sedis
551 1679 784 1735 episcopus,
818 1682 1066 1735 cooperante
1096 1679 1339 1722 Eberhardo
1371 1682 1623 1736 praeposito,
1660 1681 1965 1726 consummavit

409 1760 452 1800 et
472 1757 679 1800 dedicavit
700 1770 747 1800 ac
769 1757 917 1812 stipem
952 1756 1221 1811 ordinemque
1248 1757 1335 1800 illic
1355 1757 1444 1800 Deo
1476 1758 1746 1801 servientium
1770 1758 1964 1802 decenter

409 1833 628 1890 disposuit.
759 1833 828 1876 Sic
865 1833 978 1876 locus
1017 1832 1368 1887 Babinbergensis
1408 1834 1592 1888 ecclesiis
1631 1838 1673 1878 01
1718 1835 1962 1891 patrociniis

409 1914 647 1953 sanctorum
677 1910 722 1952 in
753 1910 922 1953 modum
944 1910 1077 1953 crucis
1109 1910 1291 1965 undique
1322 1911 1507 1954 munitus
1529 1911 1694 1956 Christo
1715 1912 1809 1957 Iesu
1831 1912 1962 1955 cruci-

408 1986 491 2030 fixo
523 1987 796 2030 cottidianum
828 1990 870 2030 et
899 1987 1088 2030 sedulum
1120 1986 1302 2030 celebrat
1342 1987 1521 2031 officium
1555 1992 1597 2032 01
1630 1989 1847 2033 servitium
1884 2001 1960 2045 pro

409 2064 546 2120 primo
586 2078 660 2106 suo
699 2064 941 2118 fundatore,
988 2063 1184 2106 Heinrico
1224 2065 1424 2119 secundo,
1466 2065 1718 2121 imperatore
1757 2065 1961 2121 piissimo,

410 2141 580 2196 eiusque
611 2140 949 2196 cooperatoribus
981 2144 1022 2183 et
1053 2141 1358 2184 successoribus
1381 2141 1446 2184 vel
1468 2142 1852 2196 augmentatoribus
1874 2155 1962 2185 om-

409 2217 544 2260 nibus.
600 2217 657 2260 Et
688 2221 733 2260 ut
764 2217 866 2260 inibi
907 2217 1182 2260 militantibus
1214 2217 1393 2260 Domino
1435 2219 1570 2261 maior
1598 2207 1880 2275 tranquillitas
1921 2223 1963 2262 et

410 2295 611 2338 securitas
644 2308 692 2338 ac
727 2295 963 2337 reverentia
994 2294 1045 2337 ad
1082 2294 1399 2350 supplicandum
1432 2295 1521 2338 Deo
1551 2299 1810 2352 perseveret,
1841 2309 1963 2352 prae-

410 2371 519 2414 dicte
551 2371 732 2426 quinque
763 2371 961 2426 ecclesiae
992 2371 1051 2414 sic
1083 2374 1180 2413 sunt
1208 2370 1353 2426 locate,
1387 2375 1432 2414 ut
1461 2372 1548 2415 fere
1571 2372 1622 2415 ab
1644 2373 1756 2415 omni
1785 2373 1962 2429 strepitu

411 2451 453 2491 01
496 2448 679 2491 tumultu
723 2448 880 2491 forensi
925 2461 973 2490 ac
1018 2447 1212 2503 populari
1258 2448 1342 2490 sint
1392 2449 1683 2492 decentissime
1734 2452 1959 2504 segregate.

411 2524 526 2568 Obiit
556 2528 694 2568 autem
725 2524 797 2568 ille
828 2524 1002 2567 dilectus
1034 2524 1123 2567 Deo
1157 2527 1198 2567 et
1236 2524 1472 2567 hominibus
1504 2525 1724 2569 Heinricus
1757 2511 1960 2570 secundus

409 2601 652 2657 imperator,
685 2602 800 2644 cuius
822 2601 1025 2644 memoria
1046 2614 1210 2656 semper
1229 2601 1272 2642 in
1297 2600 1583 2645 benedictione
1605 2606 1680 2657 est,
1713 2616 1821 2646 anno
1842 2602 1961 2657 regni

411 2677 476 2719 sui
499 2678 568 2732 24,
601 2678 767 2734 imperii
792 2678 859 2732 11,
890 2678 976 2720 vite
997 2677 1067 2731 52,
1098 2678 1123 2719 2
1146 2677 1240 2719 Idus
1262 2677 1375 2730 Iulii3
1409 2681 1450 2720 et
1472 2678 1657 2734 sepultus
1680 2682 1744 2722 est
1772 2679 1816 2721 in
1838 2679 1960 2721 domo

411 2754 545 2796 sancti
565 2753 679 2796 Petri
712 2756 753 2797 01
773 2754 906 2797 sancti
927 2753 1095 2808 Gegorii
1126 2754 1324 2809 martyris
1356 2757 1452 2796 ante
1484 2754 1614 2798 altare
1647 2759 1790 2798 sancte
1811 2755 1958 2798 crucis·

502 2838 529 2858 a.
562 2829 711 2859 inveniret
731 2830 764 2860 T.
898 2831 928 2860 b.
960 2838 1018 2869 quo
1041 2830 1072 2860 T.
1204 2838 1230 2859 c.
1262 2829 1417 2859 occidente
1442 2830 1474 2860 T.
1599 2831 1628 2861 d.
1661 2832 1776 2861 amator
1795 2838 1960 2869 pauperum

412 2880 524 2911 Christi
545 2881 681 2911 omisisse
702 2881 825 2912 videtur
846 2883 877 2912 T.

506 2932 538 2966 1.
571 2931 670 2974 Quae
703 2936 903 2977 sequuntur
934 2942 1048 2977 usque
1081 2931 1127 2967 ad
1160 2959 1238 2978 „...
1271 2933 1524 2968 decentissime
1562 2931 1787 2978 segregate“‚
1823 2932 1961 2978 recepit

410 2988 631 3025 Adalbertus
655 2990 692 3025 in
709 2991 817 3027 Vitae
842 2991 999 3026 Heinrici
1025 2991 1057 3026 II
1082 2992 1168 3037 imp.
1195 2995 1304 3036 caput
1321 2993 1341 3027 7
1368 2992 1476 3035 (Mon.
1495 2991 1616 3028 Germ.
1635 2990 1699 3027 SS.
1716 2991 1768 3029 IV
1787 2992 1880 3036 794).
