2028 3438
0 780 6 891 ..r-*v
0 762 2 765 -
0 525 8 746 *—-⁷-.-<„v-.-⁷„
7 447 10 452 -

613 214 836 247 omnium
865 214 1036 247 comm.
1083 214 1142 249 54.
1159 214 1206 248 55
1606 207 1691 250 113

115 321 223 363 tum}
237 319 464 363 execrandi
490 319 646 364 furoris
676 335 909 378 prorupere
937 322 1213 376 violentiam„
1240 322 1300 367 Et
1329 326 1455 380 certe,
1488 337 1583 368 cum
1613 339 1692 382 pro

116 394 200 440 fide
222 408 287 440 ac
314 397 494 441 veritate
533 398 748 455 paciatur,
788 398 882 455 quis
913 398 1099 455 dubitet,
1138 400 1218 444 hoc
1255 400 1324 445 vel
1361 400 1443 444 sibi
1473 401 1541 445 vel
1569 402 1692 446 nobis

116 473 358 529 nonzmagis
381 474 675 519 calamitosum
705 489 797 520 esse
828 490 954 533 quam
976 476 1234 532 gloriosum?
1327 477 1555 535 Sperantes
1577 492 1690 535 ergo,

115 553 172 595 sut»
193 551 497 608 praediximus,
530 553 718 597 animum
749 557 937 598 vestrum
967 554 1013 597 in
1042 555 1230 598 fraterno
1262 568 1362 599 casu
1387 555 1529 599 debito
1559 557 1692 600 iusto-

116 627 381 685 quedolore
415 629 605 687 incendi,
644 645 722 688 per
758 631 900 689 ipsum
944 645 1016 675 vos
1056 632 1274 676 dominum
1322 637 1516 677 nostrum
1553 633 1692 677 Iesum

116 704 331 750 Christum
365 707 480 751 omni
509 721 662 763 genere
682 709 946 752 humillimae
977 709 1299 766 supplicationis
1325 710 1613 754 obsecramus:
1646 715 1693 754 ut

117 782 174 828 ad
199 782 466 828 liberandum
499 799 596 829 eum
619 799 742 830 omne
765 787 877 842 quod
897 787 1074 843 potestis
1096 787 1320 831 consilium
1340 788 1566 832 conferatis
1586 802 1693 833 neve

113 860 317 905 inultam?
355 865 446 907 tam
483 863 692 918 insignem
732 864 916 908 nominis
958 865 1201 921 ordinisque
1231 866 1364 909 vestri
1393 866 1691 910 contumeliam

114 937 205 992 ulla
231 939 396 984 ratione
415 940 662 998 patiamini.
709 941 1023 986 Providendum
1054 946 1119 986 est
1139 943 1264 998 enim,
1296 957 1350 987 ne
1379 943 1484 987 haec
1513 944 1692 1001 profana

114 1016 258 1073 'pestis'
277 1016 407 1061 latius
437 1021 675 1073 grassetur3
707 1018 916 1076 simulque
947 1020 1196 1076 cavendum,
1231 1034 1285 1064 ne
1316 1020 1596 1064 dissimulatio
1626 1021 1691 1064 in-

114 1093 259 1139 iuriae
281 1094 544 1150 singulorum
582 1094 658 1139 fiat
688 1095 865 1140 subinde
895 1098 1106 1154 pernicies
1137 1098 1341 1141 omnium.
1395 1098 1616 1143 Ostendite
1645 1099 1692 1143 in

114 1170 565 1229 vomant-semmua,
597 1173 718 1216 illum
749 1173 951 1218 dominici
981 1175 1258 1232 discipulatus
1289 1179 1568 1232 caracterem,
1608 1189 1689 1232 quo

113 1248 209 1306 ipse
237 1251 470 1309 praecepit,
501 1255 549 1295 ut
579 1250 848 1296 dilectionem
877 1252 1069 1297 habeatis
1101 1253 1156 1297 ad
1184 1253 1367 1298 invicem
1380 1250 1402 1297 ¹.

117 1469 200 1516 55»
231 1470 376 1516 OEerus
406 1472 730 1529 anberqemis
770 1474 916 1516 ducem
948 1475 1159 1531 quendam
1189 1483 1335 1531 royac,
1376 1483 1424 1517 ut
1455 1475 1691 1531 Rupertum

216 1551 477 1607 episcopum
491 1551 671 1593 vinculis
685 1550 1053 1607 Welfonislduois
1066 1552 1283 1594 Bavariae
1299 1550 1490 1595 eximatb.
1522 1550 1575 1605 (E
1585 1552 1689 1605 283)

207 1637 394 1682 ·Illustri
433 1642 476 1683 et
514 1639 736 1694 magnifico
768 1639 819 1683 N.
852 1640 948 1683 duci
985 1641 1156 1684 humilis
1198 1644 1240 1685 et
1275 1640 1490 1685 luctuosus
1525 1640 1689 1685 Baben-

112 1715 331 1772 bergensis
361 1715 499 1762 clerus
531 1717 703 1761 devotas
733 1718 779 1760 in
810 1716 978 1762 Christo
1010 1719 1221 1763 orationes
1232 1715 1260 1761 ².

168 1818 173 1830 ν
233 1793 340 1846 Quia
359 1794 718 1850 magnificentiam
737 1799 923 1839 vestram
944 1810 1029 1840 non
1049 1797 1186 1852 magis
1210 1796 1458 1839 fortitudine
1477 1796 1688 1851 insignem

114 1884 242 1928 quam
271 1871 496 1916 clementia
525 1872 812 1930 placabilem0,
853 1887 905 1917 ex
943 1874 1078 1918 bonae
1117 1874 1329 1932 opinionis
1365 1877 1531 1918 vestrae
1562 1874 1690 1918 odore

112 1948 199 1994 late
228 1948 498 2006 diffunditur,
537 1953 684 1993 contra
721 1950 1061 2006 indignissimum
1102 1952 1289 2008 facinus,
1333 1952 1444 2008 quod
1476 1952 1519 1995 in
1550 1951 1688 1995 Deum

113 2029 157 2071 et
195 2027 440 2084 episcopum
479 2031 670 2071 nostrum
712 2028 942 2072 admissum
982 2027 1082 2085 est³,
1129 2033 1177 2073 ut
1215 2043 1292 2087 pro
1335 2029 1586 2085 indignitate
1626 2029 1689 2073 rei

113 2103 488 2149 christianissimus
535 2105 665 2148 animi
712 2106 843 2149 vestri
886 2106 1002 2150 zelus
1045 2107 1258 2162 insurgat,
1305 2121 1381 2164 per
1425 2107 1567 2163 ipsum
1614 2120 1687 2150 vos

113 2180 328 2227 Christum
368 2182 649 2227 obsecramus.
772 2183 918 2239 Neque
958 2184 1072 2228 enim
1110 2183 1293 2241 simplici
1330 2185 1374 2227 in
1407 2197 1502 2227 eum
1534 2197 1688 2238 genere

112 2260 291 2304 sevitum
331 2263 407 2304 est.
462 2259 568 2303 Cum
608 2261 721 2304 enim
752 2264 794 2304 et
832 2261 1028 2318 episcopo
1068 2264 1110 2304 et
1149 2261 1203 2304 ad
1238 2261 1381 2305 sedem
1412 2260 1687 2318 apostolicam

111 2325 307 2393 religiosi)
327 2335 476 2381 habitu
498 2336 806 2401 proficiscenti⁴
829 2338 1053 2394 sacrilegas
1077 2352 1225 2382 manus
1247 2338 1503 2394 iniecissent,
1536 2338 1687 2383 deinde

111 2414 303 2471 ingentes
332 2415 548 2472 pecunias,
582 2428 686 2471 quas
719 2416 773 2459 ad
802 2416 912 2460 tanti
932 2415 1098 2459 itineris
1128 2416 1328 2472 inpensas
1349 2419 1590 2473 paraverat,
1622 2416 1686 2459 di-

206 2548 234 2570 a.
265 2539 361 2570 multi
380 2540 437 2571 VZ.
561 2539 592 2570 b.
624 2549 663 2570 ex
685 2539 712 2571 V
730 2541 827 2576 116v,
851 2540 881 2570 Ζ
892 2550 927 2579 p.
943 2540 1017 2570 254.
1142 2548 1170 2569 c.
1201 2539 1412 2578 inplacabilem
1435 2540 1471 2572 Z.

113 2606 283 2644 ottonem
301 2609 318 2644 Ι
343 2609 573 2655 episcopum,
605 2619 713 2655 quem
746 2609 882 2645 scimus
914 2618 1010 2645 anno
1037 2609 1128 2644 1106
1157 2619 1231 2645 non
1258 2609 1470 2655 „eriminum
1496 2609 1684 2646 diluendo-

111 2665 218 2704 rum“
246 2677 359 2704 causa
382 2668 449 2704 sed
473 2669 597 2714 regiae
621 2669 817 2715 legationis
842 2666 963 2704 officio
988 2667 1153 2703 functum
1177 2668 1214 2704 in
1239 2668 1383 2705 Italiam
1408 2679 1448 2705 se
1473 2669 1683 2705 contulisse.

212 2727 242 2763 1.
269 2725 323 2763 Cf.
347 2727 424 2763 Ioh.
446 2729 502 2774 13,
523 2729 582 2764 35.
727 2730 760 2764 2.
794 2727 898 2763 Hanc
931 2727 1123 2772 epistolam
1155 2737 1178 2762 a
1201 2728 1387 2773 superiore
1419 2728 1580 2774 separari
1611 2738 1685 2764 non

111 2794 234 2831 posse,
258 2785 333 2822 iam
356 2786 495 2822 indicat
519 2786 648 2823 eadem
673 2787 863 2832 utriusque
882 2786 1053 2822 salutatio
1070 2785 1178 2822 haec:
1207 2786 1548 2833 „Babenbergensis
1565 2788 1684 2823 clerus

112 2843 268 2881 devotas
299 2845 337 2880 in
361 2845 506 2882 Christo
531 2846 750 2882 orationes“.
788 2846 833 2882 V.
860 2848 933 2881 not.
952 2846 986 2881 3.
1106 2846 1142 2881 3.
1174 2844 1230 2882 Cf.
1255 2856 1314 2892 ep.
1332 2847 1380 2883 54
1403 2858 1439 2892 p.
1459 2847 1548 2882 112:
1580 2846 1683 2893 „hor—

111 2903 266 2940 rendum
291 2903 450 2950 facinus,
482 2905 581 2951 quod
605 2906 643 2941 in
667 2905 787 2941 Deum
813 2907 850 2940 et
875 2924 918 2930 -
937 2904 1123 2940 dominum
1149 2907 1314 2941 nostrum
1336 2925 1381 2932 --
1405 2906 1618 2952 episcopum
1637 2924 1682 2931 —

111 2967 389 3009 praesumptum
416 2964 508 3000 est“.
627 2964 662 3000 4.
695 2963 751 3000 Cf.
778 2974 890 3010 supra
913 2974 950 3010 p.
968 2965 1037 3000 112
1060 2975 1096 3000 n.
1114 2964 1148 3000 4.

171 3026 279 3062 Janx'.
301 3030 495 3059 Bibliotheca
510 3031 548 3058 V.
1374 3031 1397 3065 8

1766 336 1858 371 1077

1716 384 1816 415 Ian.-
1826 385 1904 422 Aug.

1763 1646 1855 1682 1077

1714 1694 1775 1725 Ian.
1782 1710 1814 1715 -
1824 1695 1900 1733 Aug.
