2028 3438
351 257 435 303 152
872 269 1093 300 UDALRIOI
1123 269 1291 302 connx.
1309 271 1311 273 ·
1339 267 1385 302 '73

231 390 322 426 1089
347 378 604 422 correctione
643 389 785 420 eorum
828 375 879 419 ab
917 375 982 419 his
1022 376 1093 432 qui
1130 376 1232 420 foris
1279 379 1378 420 sunt
1421 376 1577 420 bonum
1618 375 1912 428 testimonium

346 455 536 499 habeatis
575 454 632 498 et'
648 453 951 497 murmurantis
989 453 1134 510 populi
1170 453 1440 498 insolentiam
1478 451 1915 509 quiesooee=1=fiofflisz

346 532 403 576 Hi
441 545 562 587 vero,
603 531 675 587 qui
713 531 868 573 missas
903 533 1170 587 peccatorum
1208 532 1469 575 sacerdotum
1507 531 1810 587 respuimffwt.
1835 529 1913 586 qui

349 609 408 654 eis
441 612 537 652 ante
567 607 712 651 iudicii
743 608 878 651 nostri
909 620 1128 651 censuram
1159 609 1367 664 opinionis
1400 622 1499 652 suae
1519 606 1910 665 praeiudicium-im-

346 687 508 740 ferunt,
549 684 846 728 communione
881 687 1048 728 sanctae
1090 684 1288 728 ecclesiae
1325 698 1457 740 usque
1490 685 1542 728 ad
1573 683 1906 728 emendationem

347 763 581 820 priventur.
687 760 1008 805 Coniunctiones
1041 765 1180 806 autem
1211 762 1613 817 consanguineorum
1643 760 1735 805 fieri
1760 760 1914 818 pnohivi

347 839 461 894 bete3
493 838 691 895 quoniam
721 838 798 881 has
830 841 872 882 et
902 838 1068 882 divinae
1099 842 1141 882 et
1171 839 1299 882 seculi
1330 839 1554 895 prohibent
1582 838 1709 894 leges.
1741 840 1761 872 Γ
1799 859 1802 864 ¹
1855 856 1858 858 ¹
1904 863 1908 874 ι

467 915 713 959 Consideret
743 929 862 971 vero,
899 915 1052 959 fratres
1083 915 1367 971 dilectissimi,
1399 918 1540 959 vestra
1571 914 1778 960 excellens
1802 928 1909 973 paru-

348 993 511 1049 dentia,
545 1006 670 1048 quam
701 992 855 1035 bonum
889 993 964 1047 sit,
996 993 1221 1049 persistere
1251 994 1296 1035 in
1327 993 1639 1049 dispensatione
1669 992 1908 1042 vobis-cr&

349 1071 438 1114 dita
469 1072 511 1114 et
540 1070 586 1113 in
605 1069 687 1112 fide
706 1073 834 1124 recta,
867 1073 990 1126 atque
1020 1070 1216 1113 hereticis
1238 1073 1279 1113 et
1300 1070 1449 1114 emulis
1471 1069 1628 1113 Christi
1657 1060 1909 1126 repugmaxe',v

348 1151 391 1192 et
418 1160 632 1203 nunquam
665 1160 690 1190 a
719 1147 910 1190 veritatis
941 1147 1110 1190 tramite
1141 1147 1372 1202 declinare3
1415 1148 1611 1204 quoniam
1643 1147 1912 1191 dominusmet

348 1224 532 1268 salvator
552 1224 752 1279 omnium,
784 1224 902 1267 cuius
933 1223 1056 1267 fidem
1088 1227 1293 1279 tenemus,
1325 1225 1397 1280 qui
1427 1238 1503 1281 pro
1534 1224 1654 1268 nobis
1685 1224 1794 1271 mori
1822 1224 1908 1268 non

348 1302 556 1345 dubitavit
587 1305 629 1344 et
659 1302 829 1358 proprio
849 1314 926 1344 nos
958 1302 1160 1356 sanguine
1182 1302 1372 1357 redemit,
1404 1301 1529 1345 fidem
1549 1301 1664 1345 beati
1682 1300 1797 1354 Petri
1821 1302 1909 1344 non

348 1379 603 1422 defecturam
633 1379 842 1435 promisit,
875 1382 916 1422 et
946 1378 1190 1422 confirmare
1222 1392 1316 1422 eum
1347 1379 1499 1422 fratres
1530 1391 1626 1422 suos
1655 1377 1912 1433 admonuit&

348 1456 466 1507 Quod
487 1456 735 1512 apostolicos
756 1455 988 1512 pontifices,
1004 1469 1122 1499 meae
1145 1456 1386 1511 exiguitatis
1408 1454 1909 1513 praedecessoresbfleon-z

346 1533 523 1577 fidenter
543 1533 692 1576 fecisse
715 1546 893 1589 semper,
926 1533 1085 1576 cunctis
1110 1535 1173 1576 est
1194 1533 1427 1588 cognitum3
1462 1546 1636 1589 quorum
1661 1535 1705 1587 et
1731 1532 1907 1590 pusilla—2

346 1610 517 1653 nimitas
548 1623 655 1664 mea,
687 1609 786 1652 licet
815 1610 953 1667 impar
985 1613 1026 1654 et
1056 1610 1244 1666 minima,
1277 1624 1353 1667 pro
1379 1613 1572 1667 suscepto
1599 1612 1741 1654 tamen
1764 1610 1908 1655 divina

348 1687 589 1742 dignatione
621 1686 853 1749 ministerio
892 1687 1144 1743 pedissequa
1181 1688 1298 1743 cupit
1334 1687 1526 1731 existere.
1574 1687 1635 1730 Ve
1675 1687 1787 1730 enim
1825 1688 1908 1731 erit

347 1764 486 1819 nobis,
528 1764 600 1820 qui
630 1763 752 1806 huius
783 1749 1006 1807 ministerii
1037 1777 1140 1807 onus
1172 1765 1453 1820 suscepimus,
1492 1765 1529 1807 si
1559 1765 1779 1808 veritatem
1798 1762 1907 1808 fidei

348 1841 402 1885 ad
448 1841 571 1884 huius
617 1840 940 1884 destructionem
982 1841 1135 1884 erroris
1180 1841 1423 1897 praedicare
1469 1841 1806 1896 neglexerimus:
1844 1841 1908 1885 Ve

349 1918 428 1962 erit
466 1918 607 1973 nobis,
647 1918 683 1960 si
721 1918 939 1961 veritatem
980 1917 1146 1961 silentio
1179 1918 1529 1975 obpresserimus,
1570 1932 1695 1975 quam
1733 1919 1906 1973 erogare

347 1995 640 2038 nummulariis
656 1995 860 2038 iubemur.
897 1994 1070 2050 Idcirco,
1086 1995 1252 2050 fratres,
1270 1995 1412 2038 hortor
1428 1995 1691 2039 dilectionem
1706 1993 1910 2051 vestrm?

347 2072 532 2116 obtestor
563 2075 605 2115 et
635 2085 806 2115 moneo:
839 2075 899 2127 ut,
933 2086 1015 2127 qua
1045 2072 1204 2115 debetis
1235 2075 1278 2115 et
1309 2073 1498 2128 potestis,
1535 2072 1813 2118 sollicitudine
1841 2073 1905 2117 vi·-

347 2149 486 2204 giletis
517 2149 571 2192 ad
601 2149 913 2203 investigandos
945 2149 1149 2192 hereticos
1182 2152 1224 2193 et
1252 2149 1443 2195 inimicos
1475 2153 1642 2194 sanctae
1664 2150 1744 2194 Dei
1774 2150 1904 2194 eccle⁴

348 2227 455 2282 siae,
496 2229 537 2270 et
569 2240 594 2270 a
625 2227 737 2269 sanis
769 2226 998 2281 mentibus,
1037 2240 1090 2270 ne
1122 2227 1251 2282 pestis
1282 2226 1358 2270 hec
1387 2227 1512 2270 latius
1545 2226 1800 2283 divulgetur,
1838 2241 1904 2271 se-

349 2304 525 2347 veritate
547 2317 630 2359 qua
659 2303 835 2359 potestis
866 2316 942 2359 pro
965 2303 1123 2346 viribus
1146 2304 1398 2360 exstirpetis.
1443 2303 1661 2359 Quoniam,
1693 2305 1801 2348 sicut
1829 2304 1904 2348 ha-

348 2379 462 2423 bebit
494 2394 517 2422 a
547 2380 636 2423 Deo
676 2380 826 2435 dignae
857 2381 1204 2423 remunerationis
1243 2381 1497 2437 praemium,
1523 2381 1609 2437 ·qui
1644 2381 1902 2437 diligentius,

349 2456 458 2512 quod
491 2456 543 2499 ad
563 2456 741 2500 salutem
773 2457 1018 2500 commissae
1040 2457 1119 2500 sibi
1150 2457 1283 2514 plebis
1305 2457 1508 2514 proficiat,
1539 2458 1667 2501 fuerit
1690 2461 1900 2514 executus,

347 2533 408 2576 ita
446 2536 542 2576 ante
580 2534 764 2577 tribunal
794 2534 966 2577 Domini
1005 2533 1055 2577 de
1093 2537 1213 2578 reatu
1242 2534 1520 2589 negligentiae
1551 2549 1596 2578 se
1626 2548 1711 2578 non
1747 2535 1903 2592 poterit

349 2622 569 2665 excusare,
611 2611 845 2666 quicunque
881 2610 1046 2667 plebem
1086 2622 1204 2654 suam
1243 2615 1387 2655 contra
1423 2615 1512 2655 tam
1543 2611 1769 2667 sacrilegae
1804 2625 1901 2694 per-

351 2687 558 2731 suasionis
591 2690 779 2731 auctores
809 2687 991 2732 noluerit
1020 2688 1241 2731 custodire.

441 2790 468 2811 a.
501 2781 666 2811 ammonuit
688 2780 722 2811 Z.
935 2781 963 2812 b.
995 2790 1206 2821 praecessores
1227 2781 1262 2813 Ζ.
