2028 3438
419 282 503 324 748
800 294 1036 326 Hannonm
1066 295 1306 326 DIALOGUS.
1355 296 1498 326 1111111
1529 293 1599 327 4.5

195 412 280 444 ante
305 410 394 445 1121
420 416 540 443 arma
568 416 797 457 provocare
828 416 954 458 quam
985 403 1138 444 durum
1167 403 1241 454 sit,
1274 404 1482 459 ineaperti
1508 417 1593 445 non
1622 418 1785 454 summ3
1815 417 1968 460 quam-

419 479 481 520 vis
528 487 622 521 ante
667 480 717 520 de
753 479 817 521 liis
855 479 1085 535 triumphos
1121 479 1397 522 habuerimus.
1455 478 1662 532 Quocirca
1703 494 1790 523 meo
1823 481 1968 530 ‚animo

419 555 639 598 consilinm
675 557 846 598 incidit:
887 555 1098 598 Ruthenos
1139 563 1228 598 arte
1264 556 1408 598 melius
1449 557 1654 612 superari.
1709 556 1767 599 Et
1793 570 1846 599 ne
1876 557 1969 613 quis

418 632 674 688 impossibile
704 632 780 674 hoc
810 633 976 683 estimet,
1010 646 1097 673 ecce
1124 632 1276 674 vadam
1298 633 1356 674 ad
1374 632 1484 685 illos,
1519 641 1557 675 et
1574 634 1832 675 incruentam
1850 633 1969 676 nobis

419 710 469 751 de
500 710 666 751 tiranno
699 710 915 751 victoriam
945 708 1188 764 reportabo,
1228 708 1320 751 Deo
1352 709 1480 751 michi
1505 717 1714 765 prestante
1742 710 1967 766 ingenium.

420 783 502 827 Sed
533 784 632 840 quid
663 784 832 827 multis?
878 783 1041 827 Placuit
1071 783 1164 826 duci
1197 787 1238 827 et
1269 784 1527 841 principibus
1558 784 1755 841 experiri,
1786 785 1824 828 si
1850 783 1969 829 effec-

418 864 507 904 tum
546 860 698 903 habere
745 860 872 904 verba
907 860 1023 904 Petri
1061 863 1226 916 queant.
1355 860 1676 918 Assumptisque
1712 861 1814 905 viris
1851 861 1971 918 quasi

418 937 593 992 triginta
628 937 952 992 robustissimiS,
995 936 1092 980 ficta
1121 937 1368 981 necessitate
1399 937 1547 981 Petrus
1579 938 1631 981 ad
1661 951 1802 993 regem
1831 941 1970 982 trans-

417 1014 524 1068 fugit
544 1011 872 1067 Ruthenorum¹3
907 1027 1096 1069 eumque,
1129 1017 1218 1057 arte
1249 1015 1454 1057 sermonis
1485 1015 1826 1070 circumventum,
1860 1015 1970 1070 quod

418 1090 527 1133 male
558 1090 610 1134 de
641 1090 744 1133 duce
779 1091 974 1145 sentiret,
1015 1090 1211 1134 estimare
1242 1091 1352 1134 fecit.
1398 1091 1455 1134 Et
1484 1105 1582 1147 rex,
1625 1105 1673 1135 60
1706 1091 1814 1147 quod
1844 1091 1970 1135 fidem

418 1167 590 1210 haberet
621 1166 794 1221 homini,
827 1181 948 1222 quem
979 1167 1104 1210 etiam
1129 1167 1375 1223 prudentem
1397 1169 1540 1223 sensit,
1573 1168 1626 1211 ad
1645 1167 1779 1212 multa
1797 1168 1970 1223 negocia

419 1258 495 1287 sua
526 1245 614 1287 eius
644 1243 930 1286 familiaritate
962 1257 1060 1286 usus
1093 1246 1176 1297 est3
1210 1258 1396 1300 sperans,
1429 1245 1538 1300 quod
1569 1244 1736 1288 tandem
1767 1258 1842 1301 per
1873 1258 1968 1288 eum

418 1321 469 1364 de
499 1320 673 1364 Polonia
702 1323 791 1363 tota
821 1323 962 1376 posset
991 1321 1263 1377 triumphare.
1308 1321 1367 1364 At
1386 1320 1509 1364 Petro
1542 1321 1654 1365 aliud
1684 1321 1837 1365 mentis
1865 1324 1966 1365 erat.

417 1398 525 1441 Nam
556 1411 651 1440 cum
683 1397 750 1440 (116
781 1397 959 1452 quadam
991 1397 1110 1440 fictus
1142 1397 1358 1452 transfuga
1387 1398 1602 1455 ipsiusque
1632 1397 1733 1441 socii
1758 1410 1852 1441 cum
1872 1411 1969 1453 rege

417 1475 461 1517 in
493 1474 603 1517 saltu
639 1487 858 1517 nemorum
888 1474 1068 1517 venandi
1099 1474 1235 1529 gratia
1266 1478 1537 1530 vagarentur,
1577 1488 1672 1529 rex,
1710 1473 1838 1517 nichil
1868 1474 1969 1518 mali

417 1551 676 1607 suspicatus,
720 1551 935 1594 occasione
972 1551 1154 1594 ferarum
1192 1551 1355 1606 longius
1396 1565 1421 1594 a
1458 1550 1649 1595 menibus
1690 1550 1966 1605 abscesserat3

418 1627 703 1683 elongatisque
736 1626 842 1681 aliis,
874 1627 1022 1670 Petrus
1054 1640 1148 1670 cum
1180 1628 1266 1670 suis
1298 1628 1407 1671 circa
1427 1627 1546 1670 illum
1566 1630 1837 1671 remanserat.
1878 1627 1969 1679 Qua

416 1705 547 1748 frctus
580 1704 883 1760 oportunitate,
924 1707 1045 1760 capto
1077 1718 1193 1759 rege,
1231 1704 1513 1759 incruentam,
1545 1708 1592 1747 ut
1622 1703 1832 1760 pollicitus
1864 1707 1967 1759 erat,

418 1781 469 1824 de
499 1780 702 1823 Ruthenis
733 1780 950 1823 victoriam
991 1780 1157 1823 domino
1198 1794 1271 1823 suo
1311 1780 1406 1823 duci
1443 1781 1699 1837 reportavit„
1732 1780 1967 1836 Mirumque

418 1857 557 1911 dictu,
598 1856 724 1900 effera
760 1870 861 1911 gens
900 1856 973 1899 illa
1003 1857 1080 1899 hoc
1109 1857 1219 1900 facto
1250 1857 1310 1899 ita
1341 1857 1524 1900 edomita
1554 1861 1638 1912 est,
1678 1860 1733 1900 ut
1754 1870 1965 1913 nunquam

417 1937 564 1990 postea
595 1934 759 1976 vivente
798 1934 901 1976 duce
939 1947 1015 1976 nec
1055 1933 1221 1988 quidem
1261 1933 1312 1976 de
1349 1933 1455 1977 bello
1496 1934 1738 1988 cogitarent.
1858 1933 1966 1977 Nam

418 2024 493 2066 pro
527 2010 739 2066 ereptione
771 2011 835 2053 sui
866 2011 1069 2065 tirannus,
1102 2010 1297 2066 quicquid
1329 2010 1534 2053 maiorum
1566 2024 1733 2053 suorum
1758 2010 1895 2054 studio
1918 2023 1966 2054 ac

418 2068 592 2131 solercia
623 2087 667 2129 in
698 2087 903 2130 thesauris
935 2086 1151 2130 collectum
1182 2087 1334 2130 habere
1365 2090 1542 2143 poterat,
1574 2087 1673 2130 dare
1701 2090 1866 2130 coactus
1888 2090 1964 2142 est,

418 2178 565 2207 aurum
604 2167 645 2207 et
685 2167 901 2218 argentum
938 2167 979 2207 61
1010 2177 1170 2219 queque
1207 2164 1394 2220 preciosa
1424 2163 1468 2205 in
1500 2163 1608 2206 vasis
1640 2166 1682 2206 et
1710 2163 1893 2207 vestibus
1924 2166 1966 2207 61

418 2241 544 2284 variis
585 2254 711 2297 opum
750 2240 965 2296 speciebus
1005 2240 1240 2296 quadrigis⁸
1277 2244 1318 2284 et
1355 2240 1523 2283 camelis
1562 2240 1606 2282 in
1636 2239 1850 2282 Poloniam
1891 2253 1964 2296 ap-

418 2317 702 2373 portantibus;
741 2317 800 2359 ita
837 2321 883 2359 ut
919 2317 1125 2360 Ruthenia
1155 2319 1244 2359 tota
1281 2316 1449 2359 insolita
1489 2318 1735 2372 paupertate
1771 2316 1964 2360 contabe-

418 2398 560 2437 sceret.
683 2393 863 2448 Deinde,
904 2392 974 2435 ubi
1011 2392 1152 2435 federa
1188 2406 1382 2436 mansure
1420 2392 1535 2448 pacis
1572 2393 1837 2436 iureiurando
1875 2396 1962 2436 tam

418 2484 490 2513 rex
524 2484 649 2525 quam
681 2470 902 2526 optimates
933 2468 1217 2512 Ruthenorum
1249 2469 1541 2523 solidaverant,
1573 2469 1705 2512 eciam
1736 2469 1812 2512 hoc
1841 2469 1963 2526 polli-

418 2546 501 2588 ceri
533 2545 613 2588 fide
644 2538 893 2588 firmissima
913 2545 1047 2599 rogati
1080 2548 1188 2600 sunt,
1221 2558 1274 2588 116
1295 2545 1535 2588 Pomeranis
1557 2545 1668 2588 ultra
1687 2545 1823 2589 forent
1843 2545 1962 2588 auxi-

417 2621 485 2663 lio.
614 2622 768 2665 Contra
805 2622 898 2664 illos
937 2622 1046 2664 enim
1085 2622 1184 2664 totis
1222 2621 1378 2664 viribus
1410 2621 1494 2663 dux
1524 2635 1694 2664 manum
1724 2621 1864 2666 levare
1893 2635 1961 2665 00-

416 2698 576 2751 gitavit.

302 2779 390 2815 1121
537 2774 576 2815 5.
624 2773 700 2816 His
731 2774 921 2817 omnibus
954 2787 1050 2828 ergo
1089 2773 1222 2830 ipsius
1258 2773 1310 2816 ad
1342 2776 1482 2816 votum
1513 2773 1775 2830 compositis,
1814 2773 1960 2816 Pome-

417 2849 579 2892 raniam
617 2849 839 2893 insultibus
877 2850 1032 2893 crebris
1071 2853 1289 2894 concutere
1319 2852 1483 2893 vastare
1522 2863 1570 2893 ac
1607 2850 1800 2907 populari
1836 2850 1957 2907 cepit.

513 2957 539 2978 a.
572 2948 736 2986 quadrigiis
758 2949 798 2985 N,
822 2949 974 2987 quadrigis
995 2949 1065 2979 BR.

513 3012 543 3046 1.
570 3010 802 3047 Wolodarum
827 3011 1025 3056 principem
1049 3011 1317 3057 Haliczensem3
1342 3021 1377 3047 v.
1396 3011 1543 3056 Roepell
1566 3011 1582 3046 Ι
1608 3011 1688 3047 266.
