2028 3438
439 267 678 299 Hunssonm
707 265 950 298 mamone.
998 266 1084 296 Lm.
1109 266 1142 296 11
1173 263 1230 297 32.
1249 264 1295 298 33
1563 252 1616 295 77
1623 253 1649 295 9

76 375 299 430 {reatinam
336 375 430 419 fons
472 375 616 419 subter
648 388 738 419 eam
775 373 1094 428 amenissimus,
1134 386 1257 428 quam
1299 372 1418 429 plebs
1455 372 1650 428 simplex,
1678 381 1771 417 1124

80 453 268 499 numinis
299 452 476 498 alicuius
508 452 814 496 inhabitatione
845 464 1010 495 sacram
1043 450 1260 504 estimans,
1294 463 1447 504 magna
1479 463 1652 493 venera-

80 531 201 576 tione
225 530 402 575 colebat.
455 529 576 574 Hanc
608 530 735 573 etiam
769 529 990 586 episcopus
1022 541 1137 572 cum-
1159 530 1256 584 post
1287 527 1522 570 destructas
1554 527 1651 570 con-

81 609 194 653 tinu
224 607 411 652 incidere
441 606 580 663 vellet,
612 611 785 662 rogatus
818 610 882 650 est
913 620 937 650 a
970 605 1139 663 populo,
1171 619 1224 648 ne
1252 605 1422 648 faceret.
1470 604 1652 647 Promit-

82 685 229 731 tebant
267 686 401 741 enim,
441 699 656 741 nunquam
699 698 743 728 se
782 683 958 728 ulterius
999 683 1075 727 sub
1114 683 1284 726 nomine
1326 682 1540 737 religionis
1577 695 1654 725 nec

82 763 278 809 arborem
318 762 437 807 illam
475 763 699 807 colituros⁴¹
736 775 814 805 nec
853 761 1014 814 locum3
1062 761 1134 804 sed
1173 760 1302 803 solius
1342 759 1491 803 umbre
1529 763 1654 815 atque

84 840 327 886 amenitatis
357 840 508 896 gratia,
541 840 640 896 quia
671 840 749 883 hoc
780 842 999 896 peccatum
1031 851 1116 881 non
1149 838 1217 893 sit,
1250 837 1414 881 salvare
1441 837 1556 880 illam
1580 850 1654 894 po-

82 918 170 963 tius
208 924 335 975 quam
366 917 523 962 salvari
555 918 607 962 ab
639 917 713 961 illa
745 931 789 961 se
822 916 940 960 velle.
1004 915 1094 968 Qua
1125 918 1322 972 suscepta
1362 914 1654 972 promissione,

84 997 319 1053 Aequieaco
350 996 489 1052 inquit
518 996 742 1052 episcopus
773 997 825 1038 de
855 997 1017 1038 arbore.
1065 993 1153 1038 Sed
1181 995 1291 1037 illud
1315 995 1456 1036 vivum
1478 991 1655 1036 nunwnb

84 1075 262 1118 nort-ium
299 1083 532 1118 vestrarum
570 1075 620 1117 de
657 1075 793 1116 medio
834 1073 929 1116 tolli
965 1080 1146 1129 oportet3
1187 1073 1288 1128 quia
1324 1086 1399 1114 nee
1431 1072 1658 1127 auqurium

85 1167 161 1196 neo
189 1152 475 1210 coroileyium⁸
507 1166 693 1195 exercere
725 1151 967 1194 christianis
999 1150 1104 1193 licet.

192 1229 278 1273 Ὶ33.Δ
325 1228 550 1273 Habebant
595 1229 706 1272 enim
748 1227 957 1271 caballum
996 1227 1103 1270 mire
1142 1226 1446 1281 magnitudinis
1485 1229 1527 1269 et
1566 1225 1659 1282 pin-

82 1313 228 1363 guem,
257 1307 370 1362 nigri
400 1306 553 1351 coloris
585 1310 628 1350 et
659 1319 799 1349 acrem
833 1305 966 1348 valde.
1007 1304 1098 1355 *Iste
1129 1308 1217 1348 toto
1250 1305 1351 1348 anni
1375 1308 1565 1360 tempore
1587 1316 1660 1346 va-

86 1385 225 1441 cabat,
256 1387 457 1441 tanteque
487 1384 568 1428 fuit
598 1384 850 1439 sanctitatis,
883 1386 931 1426 ut
960 1382 1122 1426 nullum
1155 1382 1402 1437 dignaretur
1431 1395 1658 1435 sessorem3

88 1462 319 1519 habuitque
356 1475 487 1506 unum
526 1462 579 1506 de
618 1465 799 1518 quatuor
838 1461 1126 1504 sacerdotibus
1156 1460 1410 1517 templorum
1444 1460 1659 1503 custodem

88 1540 473 1596 diligentissimum.
522 1539 696 1591 Quando
730 1553 827 1594 ergo
860 1540 1012 1582 itinere
1042 1539 1235 1582 terrestri
1258 1542 1404 1582 contra
1426 1538 1565 1581 hostes
1589 1541 1662 1580 aut

89 1618 313 1676 predatum
345 1617 408 1662 ire
439 1617 694 1674 cogitabant,
728 1620 920 1661 eventum
955 1617 1017 1660 rei
1047 1617 1126 1660 1100
1156 1616 1280 1659 1110ᾶο
1313 1630 1388 1673 per
1414 1615 1533 1658 illum
1556 1614 1662 1658 sole-

90 1696 195 1741 bant
216 1696 483 1754 prediscere:
515 1695 649 1739 Haste
672 1708 823 1738 novem
846 1694 1178 1752 disponebantur
1199 1694 1341 1750 humo,
1373 1694 1516 1751 spacio
1539 1693 1662 1736 unius

91 1774 224 1819 cubiti
254 1774 306 1819 ab
337 1774 519 1818 invicem
552 1773 774 1817 disiuncte.
830 1771 972 1816 Strato
1004 1786 1102 1827 ergo
1135 1772 1296 1816 caballo
1329 1775 1455 1827 atque
1485 1771 1663 1825 frenatO,

90 1852 311 1908 sacerdos,
342 1852 397 1897 ad
429 1865 554 1908 quem
585 1851 699 1894 illius
731 1850 970 1907 pertinebat
1000 1850 1212 1905 custodia,
1244 1853 1406 1894 tentum
1438 1849 1557 1892 freno
1588 1862 1664 1905 per

90 1931 277 1975 iacentes
322 1930 466 1974 hastas
511 1929 557 1972 in
602 1932 892 1972 transversum
940 1928 1120 1972 ducebat
1157 1931 1222 1971 ter
1261 1931 1386 1984 atque
1424 1926 1662 1971 reducebat.

92 2008 252 2061 Quodsi
282 2007 459 2065 pedibus
490 2005 704 2050 inoffensis
733 2006 949 2061 hastisque
974 2005 1267 2049 indisturbatis
1290 2019 1420 2061 equus
1442 2003 1664 2058 transibat,

91 2086 262 2142 signum
301 2085 485 2129 habuere
523 2084 818 2142 prosperitatis
858 2087 900 2127 et
937 2083 1074 2127 securi
1112 2083 1365 2140 pergebant3
1407 2083 1473 2125 sin
1510 2085 1664 2136 autem,

96 2163 379 2220 quiescebant.
502 2162 593 2206 Hoc
624 2175 723 2217 ergo
754 2175 886 2217 genus
918 2161 1096 2204 sortium
1129 2160 1315 2217 aliasque
1346 2160 1508 2215 ligneas
1529 2159 1667 2203 calcu-

95 2241 288 2296 lationes,
310 2241 355 2284 in
375 2240 526 2297 quibus
548 2239 710 2283 navalis
733 2252 873 2296 pugne
896 2238 963 2281 vel
984 2239 1112 2295 prede
1134 2238 1457 2282 considerabant
1478 2237 1666 2292 auguria,

97 2318 290 2375 quamvis
322 2318 501 2362 multum
533 2317 812 2361 renitentibus
836 2316 1060 2372 aliquibus,
1093 2316 1173 2360 Dei
1204 2316 1374 2359 tandem
1405 2312 1561 2358 auxilio
1594 2329 1667 2372 pe-

96 2396 212 2440 nitus
251 2396 431 2450 abrasit3
469 2396 694 2452 ipsumque
730 2394 897 2451 profani
930 2394 1119 2437 vaticinii
1150 2393 1380 2449 caballum,
1420 2406 1473 2436 ne
1505 2391 1667 2449 simpli-

98 2473 216 2518 cibus
249 2477 361 2517 esset
391 2473 636 2517 offensionis
667 2472 856 2527 laqueus,
889 2471 931 2514 in
965 2471 1091 2515 aliam
1123 2474 1280 2515 terram
1310 2470 1434 2514 vendi
1456 2470 1667 2527 precepit3

99 2564 292 2595 asserens
315 2550 425 2594 hunc
446 2551 580 2605 magis
603 2549 818 2605 quadrigis
841 2563 965 2605 quam
984 2549 1222 2605 propheciis
1239 2549 1448 2591 idoneum.
1543 2547 1669 2591 Cum-

101 2641 183 2684 que
219 2641 364 2671 omnes
405 2628 726 2685 superstitiones
758 2630 800 2670 et
831 2626 1104 2670 enormitates
1136 2640 1233 2669 suas
1266 2626 1463 2683 episcopo
1495 2626 1670 2670 docente

102 2705 366 2760 abiecissent,
389 2705 572 2748 monuit:
596 2708 643 2747 ut
664 2718 808 2747 omnes
830 2703 1096 2759 christianos,
1117 2703 1270 2747 fratres
1293 2717 1388 2747 suos
1409 2707 1669 2761 reputantes,

102 2795 180 2825 nec
201 2782 430 2826 venderent
460 2795 537 2825 nec
561 2780 846 2825 interficerent
866 2795 1000 2836 neque
1022 2781 1272 2837 captivando
1305 2785 1563 2837 torquerent,
1595 2795 1669 2824 nec

103 2859 306 2903 terminos
337 2873 479 2902 eorum
515 2859 734 2902 turbarent
764 2871 842 2901 nec
874 2858 1024 2914 predas
1057 2871 1110 2901 ex
1141 2858 1201 2901 eis
1232 2858 1447 2911 tollerent3
1482 2859 1554 2902 sed
1587 2860 1671 2901 fra-

104 2939 223 2980 terne
255 2950 304 2979 ac
336 2936 547 2980 socialiter
580 2950 624 2979 se
656 2949 749 2979 cum
784 2935 977 2979 omnibus
1009 2939 1216 2991 gererent,
1249 2936 1477 2992 eademque
1506 2936 1557 2980 ab
1588 2936 1671 2978 illis

202 3039 230 3060 a.
261 3030 315 3060 sic.
441 3031 470 3061 b.
503 3039 624 3061 numem
648 3029 687 3061 N.
813 3039 840 3060 c.
873 3030 1060 3067 sortilogium
1083 3030 1155 3068 NB,
1179 3030 1366 3068 sortilegium
1388 3030 1427 3061 R.
