2028 3438
213 407 304 442 1127

173 457 244 494 post
264 455 350 484 Mart.

377 277 466 320 404
902 287 1131 320 UDALRIOI'
1152 287 1319 320 connx.
1367 286 1433 320 231

378 395 581 438 bonarum
612 407 752 438 rerum
782 394 918 449 inscii,
949 397 998 437 ut
1026 395 1219 449 ignorare
1250 393 1496 448 debeamus,
1522 393 1614 449 quis
1636 406 1661 436 a
1681 387 1929 448 quoieth‘uo

379 471 524 515 ordine
556 485 581 515 a
611 471 816 515 catholica
839 471 1136 514 ,communione
1168 471 1361 514 eicendus
1393 471 1458 513 sit.

497 549 602 600 Quia
641 561 747 603 ergo
776 549 970 591 incautae
1001 551 1042 590 et
1079 548 1250 590 illicitae
1288 545 1846 602 communicationis?·›qunsi
1877 544 1931 588 ad

380 626 648 682 obprobrium
681 625 963 681 simplicitatis
993 628 1160 667 nostrae
1191 625 1235 667 in
1269 624 1424 667 eisdem
1444 624 1596 667 litteris
1616 621 1930 676 vestris÷2argui-

381 716 486 758 mur,
523 702 688 759 culpam
719 706 922 756 nostram,
955 701 991 744 si
1020 705 1161 744 tamen
1193 701 1315 757 culpa
1346 705 1410 744 est
1440 700 1628 755 dicenda,
1660 699 1931 745 auribnus-vo-

381 783 492 823 strae
533 779 778 836 prudentiae
809 779 967 835 placuit
1005 782 1205 821 retexere.
1328 778 1518 821 Domnus
1550 775 1930 830 &ebehardusstff

382 870 518 912 quem>
544 857 712 912 quidem
749 856 885 899 locum
926 859 967 899 et
1004 870 1156 899 nomen
1187 856 1343 898 dudum
1383 856 1492 898 inter
1523 860 1604 898 vos
1637 851 1934 898 habuissemdev

381 934 534 988 signati
565 937 607 976 et
636 933 755 976 electi
798 934 983 990 episcopi
1015 948 1039 976 a
1071 947 1192 989 quam
1235 932 1426 988 plurimis
1467 931 1752 985 audieramus,
1768 962 1771 965 -
1787 942 1934 986 περιτο*-

380 1010 592 1053 bationem
624 1024 722 1052 vero
752 1010 886 1065 ipsius
917 1011 1092 1053 necdum
1126 1013 1240 1053 certa
1271 1012 1312 1052 et
1340 1009 1531 1063 legitima
1556 1007 1759 1053 relatione
1776 1011 1935 1060 *cogno-

380 1101 574 1131 veramus
599 1111 651 1116 —
674 1087 916 1143 vespertina
945 1087 1048 1130 hora
1079 1087 1130 1130 de
1161 1087 1374 1143 inproviso
1403 1086 1523 1128 nobis
1544 1083 1835 1142 *nescientibus
1864 1095 1935 1126 ve-

382 1164 521 1218 niens,
559 1164 669 1220 apud
701 1177 777 1206 nos
816 1164 1052 1220 hospitatus
1084 1168 1157 1207 est.
1215 1163 1339 1206 Mane
1380 1166 1518 1206 autem
1548 1162 1698 1216 facto,
1720 1160 1936 1217 mandavit

382 1241 521 1284 nobis:
560 1254 636 1297 pro
668 1254 794 1283 causa
825 1233 1036 1284 sua'velle
1067 1255 1142 1283 nos
1174 1241 1395 1284 convenire
1426 1243 1467 1283 et
1497 1239 1714 1282 consilium
1733 1241 1936 1281 nostrum

383 1332 508 1374 super
528 1318 694 1372 negotio
717 1331 790 1360 suo
814 1318 968 1361 audire.
1017 1318 1134 1369 Quod
1155 1331 1231 1361 nec
1251 1317 1434 1360 heretico
1457 1316 1624 1372 quidem
1648 1314 1936 1359 *excommuni-

383 1395 594 1438 catissimo
627 1395 1037 1450 denegandum'esse
1075 1399 1311 1448 censentes,
1351 1395 1462 1437 iusta
1500 1394 1658 1449 petenti
1697 1391 1934 1436 annuimus.

382 1469 520 1527 Venit,
552 1485 720 1515 causam
753 1485 870 1515 suam
903 1472 1116 1528 exposuit3
1157 1475 1409 1528 acceptoque
1439 1483 1666 1527 responso,
1687 1468 1820 1513 mox*
1852 1468 1937 1512 dis-

384 1550 521 1592 cessit.

501 1626 608 1678 Quid
646 1626 796 1680 igitur,
836 1625 1047 1667 karissimi
1077 1626 1228 1668 fratres
1267 1628 1308 1667 et
1339 1624 1530 1667 domini?
1570 1623 1761 1667 Hoccine*
1783 1621 1937 1667 est÷ad

385 1707 670 1760 contemptum
701 1703 829 1745 totius
862 1702 1060 1745 ecclesiae
1092 1702 1496 1745 excommunicatum
1526 1701 1571 1743 in
1601 1700 1806 1744 catholica
1827 1712 1939 1742 com-

385 1781 581 1823 munione
611 1779 824 1835 recipere?
871 1779 1065 1834 Hoccine,
1097 1780 1282 1835 inquam,
1316 1782 1380 1821 est
1406 1778 1616 1834 peccatori
1636 1788 1793 1820 cornua
1812 1775 1938 1820 dare?

385 1857 479 1900 Non
510 1857 570 1900 sic
602 1857 854 1900 arbitramur
886 1870 1136 1912 quemquam
1168 1856 1378 1912 desipere,
1418 1858 1465 1898 ut
1495 1855 1572 1898 hoc
1601 1856 1844 1911 praesumat
1873 1866 1939 1897 sa-

386 1949 515 1993 pere31
539 1935 639 1990 quia»
666 1935 748 1976 nen
782 1934 843 1976 sic
874 1934 1055 1989 sapiunt,
1087 1947 1170 1975 non
1204 1933 1262 1975 sic
1287 1932 1474 1976 scribunt
1503 1935 1645 1988 patres
1666 1934 1708 1974 et
1728 1931 1938 1975 doctores⁶

388 2012 615 2055 catholicae
647 2011 856 2054 ecclesiae.
912 2010 1134 2053 Possemus
1175 2009 1367 2065 equidem
1402 2009 1528 2052 latius
1560 2012 1602 2052 et
1640 2006 1940 2052 subtiliusali—

390 2089 487 2145 quid
519 2088 571 2131 de
602 2088 723 2131 modo
757 2091 799 2130 et
829 2088 973 2130 ordine
1005 2086 1444 2130 excommunicationis
1474 2086 1688 2129 faciendae
1714 2084 1940 2128 secundum

388 2166 661 2209 tradicionem
685 2168 920 2208 sanctorum
954 2169 1119 2220 patrum
1144 2164 1368 2216 disserere;
1400 2163 1480 2205 nisi
1513 2177 1588 2218 pro
1610 2162 1715 2204 vicio
1738 2161 1835 2204 duci
1860 2160 1941 2204 sci-

389 2257 550 2286 remus:
579 2243 624 2284 in
644 2256 689 2285 re
711 2242 946 2295 manifesta,
969 2242 1216 2297 praesertim
1238 2240 1348 2296 apud
1371 2240 1526 2294 doctos,
1556 2239 1700 2282 odiosa
1719 2238 1939 2282 verborum

390 2321 509 2376 copia
540 2319 740 2362 diffluere.
795 2319 913 2361 Unde
953 2318 1259 2374 praetermissis
1291 2317 1376 2371 his,
1417 2330 1495 2371 que
1531 2317 1721 2359 fomitem
1751 2315 1940 2357 odiorum

391 2401 432 2440 et
463 2396 761 2439 discordiarum
796 2409 996 2449 generare
1028 2395 1174 2449 solent,
1208 2408 1257 2437 ea
1286 2394 1425 2449 potius
1458 2393 1658 2447 dicamus,
1680 2405 1796 2448 rquae
1825 2391 1941 2448 pacis

392 2478 433 2517 et
463 2474 708 2516 concordiae
737 2473 993 2515 nutrimenta
1023 2471 1262 2528 praebeant.

510 2551 641 2605 Igitur
671 2550 722 2592 de
753 2550 873 2592 nobis
905 2550 965 2591 sic
993 2548 1198 2591 habetote.
1247 2547 1349 2590 Orta
1369 2549 1618 2602 tempestate
1637 2546 1681 2587 in
1704 2544 1941 2599 mari,Do›—

393 2628 574 2682 minum,
612 2627 886 2669 dormientem
917 2626 962 2668 in
992 2626 1110 2680 navi,
1149 2625 1252 2667 fusis
1285 2637 1359 2680 pro
1391 2623 1508 2666 vobis
1541 2622 1649 2677 quod
1681 2622 1815 2664 solum
1846 2629 1942 2677 pos-

393 2717 536 2746 sumus
567 2704 647 2759 piis
680 2703 886 2759 precibus,
919 2702 1101 2745 excitare
1132 2701 1414 2744 indesinenter
1435 2699 1725 2742 incumbimus.
1772 2698 1941 2752 Quodsi,

393 2779 573 2823 Domino
595 2781 709 2822 votis·
734 2781 888 2822 nostris
920 2782 1127 2821 annuente
1159 2782 1200 2821 et
1220 2777 1354 2820 ventis
1386 2780 1428 2819 et
1457 2776 1565 2818 mari
1594 2775 1943 2831 imperante„diu

395 2857 630 2900 desiderata
667 2856 950 2910 tranquillitas
989 2856 1210 2898 subsecuta
1247 2854 1392 2907 fuerit,
1431 2853 1482 2895 de
1519 2855 1659 2894 vestra
1696 2851 1942 2894 liberatione

395 2935 496 2977 haut
517 2947 635 2977 secus
657 2946 705 2976 ac
725 2936 869 2975 nostra
889 2932 1259 2986 congaudebimus;
1287 2931 1352 2972 sin
1374 2929 1495 2972 aliter
1516 2929 1626 2984 quod
1646 2928 1760 2971 Deus
1783 2930 1945 2971 avertat

489 3037 514 3057 a.
547 3028 763 3057 communionis
785 3027 842 3056 VZ.
1007 3026 1035 3055 b.
1069 3034 1195 3063 moxque
1221 3023 1252 3054 0.
1417 3033 1442 3053 c.
1475 3023 1598 3053 doctore
1620 3022 1650 3053 V.
