2028 3438
0 206 6 220 ⁴·
0 173 3 191 -’
0 0 16 142 *π’-ψυ-

628 208 850 242 unAnmor
879 209 1050 242 oonnx.
1100 207 1167 242 129
1597 197 1684 241 243

113 313 378 372 domium-ut
406 315 520 373 patri
549 314 676 372 filius,
707 328 803 360 cum
833 315 916 360 fide
947 319 990 360 et
1013 315 1192 360 veritate
1214 328 1300 372 per
1330 314 1473 358 omnia
1504 328 1548 358 se
1579 315 1684 359 mihi
1711 326 1804 362 1105

113 390 424 448 obauditurum,
455 405 550 437 eum
580 393 768 438 lacrimis
790 393 1084 450 promittere·;
1118 392 1155 436 si
1186 391 1449 436 solummodo
1471 391 1561 435 sedi
1583 406 1684 449 apo·
1717 374 1792 405 ⁰⁶⁰·

112 468 286 514 stolieae
315 469 466 514 vellem
495 470 774 515 reconciliari.

229 546 353 599 Quod·
386 560 484 592 cum
518 548 838 605 promptissime
875 547 1118 591 annuissem
1158 546 1223 590 etb
1254 545 1548 590 deliberationi
1585 559 1685 590 suae

112 626 156 668 et
183 623 359 669 consilio
389 624 629 683 principum
660 625 730 669 in⁶
759 625 840 670 hoc
869 624 1030 669 totum‘*
1061 637 1129 667 me
1165 623 1495 681 mancipandum
1526 624 1685 680 promi-

110 700 283 757 ὠκέως
312 715 389 746 ·me
418 702 464 746 in
494 703 710 760 praesenti
738 702 961 747 nativitate
993 715 1039 746 se
1073 701 1376 759 perducturum
1406 700 1682 757 Moguntiam‚

111 782 168 823 nt:
189 778 250 823 ibi
274 776 536 824 deffhonore.
561 783 624 824 et·
655 780 996 825 reconciliatione
1035 792 1131 823 mea
1168 792 1296 835 quam
1333 778 1498 822 fidelius
1538 782 1684 836 posset

110 850 392 914 amaturum,
423 859 467 901 et
494 856 594 902 inde
624 857 670 901 in
701 871 806 915 pace
828 861 871 902 et
902 856 1148 907 securitate‘
1177 869 1246 900 me
1274 856 1560 900 reducendum
1586 870 1683 913 pro-

108 933 228 979 misit
248 936 304 979 ἐπ
323 950 374 979 ea
392 937 565 980 veritate
595 945 633 979 et
651 937 755 991 fide,
789 951 875 994 qua
900 944 1066 993 patrem
1087 951 1114 978 a
1133 935 1230 990 filio
1252 934 1459 977 honorari
1479 943 1517 977 et
1536 935 1681 989 filium

110 1029 140 1057 a
160 1018 295 1070 ραινο
310 1015 551 1071 praeeipit⁸
580 1014 700 1057 Deus
731 1014 869 1071 diliqi.
991 1012 1083 1056 Hac
1115 1011 1408 1068 promissione,
1441 1024 1522 1067 que
1553 1011 1681 1055 etiam

108 1089 258 1146 gentili
288 1089 551 1134 observanda
582 1093 659 1146 est,
692 1104 879 1147 securus,
909 1089 1126 1134 illorsumh
1158 1089 1286 1133 ibam.

224 1166 301 1212 Et·
323 1166 435 1212 filius
472 1181 592 1212 meus
633 1167 943 1225 aliquantulum
987 1169 1278 1225 praecesserat
1315 1180 1403 1221 me3
1451 1179 1545 1209 cum
1587 1179 1682 1210 ecce

109 1244 280 1302 quidam
302 1243 461 1290 fideles
499 1246 599 1290 meii
629 1249 894 1291 occurrentes
926 1246 1031 1289 mihi
1064 1244 1283 1289 verissime
1316 1242 1584 1287 affirmabant
1613 1257 1681 1287 me

109 1322 330 1381 deceptum
362 1326 406 1367 et
434 1323 649 1381 proditum
670 1324 748 1368 sub
770 1324 880 1367 falsa
909 1324 1026 1381 pacis
1059 1325 1101 1366 et
1121 1321 1218 1366 fidei
1239 1322 1479 1378 sponsione.
1601 1321 1681 1365 Re-

108 1403 282 1445 vocatus
312 1400 477 1445 autem*
508 1400 618 1445 filius
653 1415 772 1446 meus
811 1404 854 1446 et
887 1402 1042 1445 iterum
1080 1399 1388 1444 instantissime
1420 1412 1446 1442 a
1475 1397 1560 1442 me'
1592 1412 1682 1442 am-

108 1478 316 1535 monitus,
345 1478 425 1523 sub
456 1479 645 1523 eiusdem
674 1478 775 1523 fidei
806 1482 848 1523 et
878 1478 1131 1523 sacramenti
1162 1477 1462 1532 obtestatione,
1495 1476 1680 1519 animam

108 1568 236 1601 suam
258 1569 338 1614 pro
367 1555 512 1600 anima
540 1570 637 1601 mea
665 1557 770 1613 fore,
806 1557 1003 1614 promisit
1031 1556 1151 1599 iamm
1182 1555 1367 1599 secunda
1396 1555 1499 1597 vice.

194 1653 197 1670 1
228 1632 334 1678 Cum
365 1640 490 1690 ergon
523 1634 576 1678 ad
605 1634 765 1691 locum,
806 1635 877 1692 qui
906 1634 1043 1690 Binga
1074 1633 1265 1688 dicitur⁰‚
1303 1631 1679 1689 pervenissemus»,

106 1710 192 1756 iam
231 1711 440 1756 existente
479 1712 549 1756 die
577 1712 755 1756 Veneris
793 1715 891 1756 ante
928 1712 1195 1756 nativitatem
1230 1710 1441 1765 Dominis,
1479 1722 1679 1753 numerus
1703 1721 1775 1752 Dec.
1793 1723 1833 1752 22

108 1792 388 1834 armatorum'
418 1803 589 1834 suorum
621 1790 707 1834 iam
738 1791 842 1834 satis
874 1790 1118 1846 augebatur.
1167 1789 1256 1832 Iam
1284 1788 1401 1831 fraus
1425 1787 1521 1844 ipsa
1541 1801 1586 1831 se
1608 1787 1679 1831 de-

106 1869 249 1924 tegere
279 1867 513 1912 videbatur.
559 1867 617 1912 Et
646 1867 758 1911 filius
791 1868 843 1911 ad
865 1882 953 1912 me:
986 1869 1131 1921 Pater,
1164 1866 1325 1922 inquit⁸
1348 1867 1465 1909 vobis
1487 1853 1677 1908 seceden-

107 1946 208 1990 dum
238 1953 299 1990 eet
325 1947 372 1989 in
398 1947 584 1989 vicinum
605 1946 818 1990 castellum
830 1942 853 1989 ¹.
905 1946 1018 2001 Quia
1041 1961 1116 1989 nee
1137 1947 1357 2002 epiecopus
1379 1939 1679 2001 Moquntinus'

106 2025 155 2068 ὑι
184 2025 392 2067 civitatem
421 2038 543 2067 suam
573 2025 763 2068 admittet
792 2039 879 2078 voe,
914 2039 1043 2080 quam
1073 2024 1149 2066 diu
1180 2024 1313 2066 erici&
1339 2024 1387 2064 in
1412 2022 1575 2072 banno,·
1605 2036 1680 2064 nec

106 2116 180 2145 voe
209 2103 455 2159 inpacatum
485 2110 525 2145 et
552 2102 914 2145 inreconciliatum
934 2102 1067 2144 audeo
1096 2102 1286 2157 inyerere
1305 2101 1489 2143 inimicis
1509 2100 1677 2142 nostris.

107 2178 206 2223 Illic
247 2181 508 2223 nativitatem
547 2180 730 2223 Domini
737 2186 751 2202 ‘¹
791 2194 883 2222 cum
924 2180 1040 2222 omni
1046 2185 1059 2201 v
1097 2179 1255 2221 honore
1292 2187 1330 2221 et
1367 2191 1473 2234 pace
1518 2178 1678 2233 aqati83

107 2271 376 2315 quoscunque
411 2258 620 2315 placuerit
659 2258 798 2311 vobis,
847 2257 1059 2300 vobiscum
1096 2257 1296 2299 habeatis.
1360 2255 1454 2311 qu
1493 2256 1675 2306 interim,

107 2344 265 2392 quanto
295 2337 521 2379 instantius
552 2343 709 2392 quanto
730 2335 903 2390 fidelius
933 2342 1093 2391 potero,
1130 2348 1211 2390 pro
1241 2333 1362 2376 nobis
1393 2333 1581 2388 utrisque
1613 2332 1677 2374 Za-

107 2412 276 2456 borabo.
326 2412 440 2467 Quia
471 2428 643 2456 causam
672 2421 854 2456 vestram
885 2427 970 2455 esse
1000 2426 1135 2454 meam
1166 2412 1370 2454 existimo.
1492 2408 1553 2451 At
1577 2421 1675 2463 ego:

107 2490 178 2533 Mi
205 2489 378 2545 inquam
398 2491 484 2545 fili,
518 2493 629 2534 testis
662 2499 698 2534 et
727 2491 856 2533 iudea:
875 2504 1110 2532 sermonum
1134 2497 1171 2532 et
1189 2489 1299 2544 fidei
1329 2489 1434 2531 assit
1462 2489 1571 2530 inter
1601 2502 1677 2530 noe

59 2585 61 2589 ’
107 2567 259 2611 hodiew
275 2568 422 2618 'Deu85
453 2570 542 2625 qui,
576 2569 784 2625 quomodo
816 2576 853 2611 te
882 2570 929 2610 in
959 2569 1098 2610 virum
1129 2575 1165 2613 et
1195 2567 1383 2608 heredem
1413 2580 1549 2608 meum
1578 2580 1676 2622 per-

201 2653 228 2674 a.
260 2644 401 2683 promisit
421 2645 461 2682 E,
484 2645 566 2684 cepit
586 2645 762 2684 promittere
784 2643 819 2674 G.
916 2643 946 2673 b.
977 2645 1007 2673 et
1024 2659 1055 2663 -
1074 2643 1282 2682 promisissem
1304 2651 1361 2672 mn.
1379 2641 1414 2671 G.
1511 2650 1536 2671 c.
1570 2651 1626 2671 mn.
1639 2641 1677 2671 E.

107 2697 139 2728 d.
171 2698 288 2728 tantum
310 2698 348 2728 E.
444 2708 470 2728 e.
502 2697 618 2728 honore
640 2700 671 2728 et
692 2707 748 2728 om.
765 2697 804 2727 B.
901 2696 922 2727 f.
955 2705 1061 2735 pacem
1083 2698 1114 2726 et
1136 2696 1328 2726 securitatem
1351 2695 1389 2725 Ε.
1494 2703 1522 2733 g.
1554 2703 1677 2734 praeee-

106 2751 154 2790 pit
174 2751 245 2781 ΒΕ.
349 2750 380 2780 h.
411 2750 532 2781 illorum
554 2751 592 2781 E.
697 2751 717 2781 i.
750 2750 810 2781 mei
831 2766 862 2770 —-
881 2749 956 2780 mihi
977 2759 1035 2780 om.
1050 2750 1087 2780 E.
1186 2749 1214 2779 k.
1248 2749 1358 2779 iterum
1376 2747 1465 2785 VZB,
1490 2749 1590 2778 autem
1612 2747 1677 2778 GE.

107 2803 129 2834 l.
157 2813 176 2834 a
195 2813 244 2834 me
265 2813 322 2834 om.
336 2803 394 2834 VZ.
478 2812 518 2833 m.
546 2812 603 2834 om.
619 2803 684 2834 GE.
772 2813 802 2833 n.
832 2812 887 2841 ego
903 2803 941 2833 E.
1033 2811 1061 2833 o.
1089 2803 1214 2832 vocatur
1228 2802 1266 2832 E.
1357 2811 1388 2840 p.
1415 2802 1623 2841 pervenissem
1639 2801 1678 2831 Ε.

107 2864 138 2896 q.
169 2866 226 2888 om.
244 2856 333 2887 VZE.
458 2866 483 2886 r.
514 2865 665 2887 armorum
687 2858 725 2887 E.
852 2865 876 2886 s.
909 2865 965 2886 om.
981 2855 1020 2886 B.
1149 2857 1172 2885 t.
1203 2855 1322 2886 fueritis
1345 2855 1375 2887 V.
1501 2864 1532 2885 n.
1564 2854 1677 2885 om.E.

107 2918 136 2940 v·
168 2918 225 2940 om.
240 2909 280 2940 B.
404 2919 441 2940 W.
472 2919 529 2940 om.
548 2910 638 2941 VZB.

204 2961 238 2997 1.
263 2960 509 2998 Beckelheim.
654 2963 688 2998 2.
713 2960 937 2998 Ruthardus.

1253 2989 1262 2997 ¹
1315 3020 1393 3056 16*
