2028 3438
578 260 801 293 nnAmex
831 260 1002 294 oonnx.
1052 259 1131 294 199.
1148 259 1219 294 200
1597 252 1685 295 365

106 364 403 423 vonduonlogi
431 366 551 412 fecit:
583 368 880 413 Investituram
912 371 1229 427 episcopatuum
1251 377 1289 412 et
1313 369 1579 417 abbatiarum
1606 386 1686 428 per

106 445 460 489 manam‘laieam
477 446 582 502 fieri
600 449 717 490 omni
733 449 858 490 modo
873 448 1159 505 prohibemus.
1198 445 1318 498 Quod
1339 459 1435 490 cum
1456 447 1686 505 placuisset

105 519 330 579 omnihus,
367 523 510 581 ipsum
540 536 635 568 cum
672 525 823 569 ceteris
863 524 1080 581 omnibus,
1121 539 1201 582 que
1231 525 1341 570 lecta
1371 529 1490 581 sunt,
1529 525 1684 570 iudicio

112 600 247 644 sancti
279 599 465 658 Spiritus
497 606 539 647 et
570 602 819 647 auctoritate
850 602 1136 646 ecclesiastica
1165 602 1453 647 firmaverunt.

230 678 400 724 Allatae
432 683 530 724 sunt
560 681 740 738 denique
771 680 971 724 candelae
996 681 1328 737 quadringentae
1349 681 1501 737 viginti
1522 684 1684 739 septem

106 758 156 800 ‘et
185 746 386 802 accensae
406 757 530 802 datae
551 758 742 814 singulae
764 758 954 815 singulis,
986 759 1227 803 tenentibus
1256 759 1441 815 baculos,
1475 760 1684 817 episcopis

107 823 409 880 etabbatibus.
457 835 778 894 Iniunctumque
800 840 864 881 est
885 837 966 881 eis:
999 840 1046 880 ut
1067 851 1226 894 omnes,
1260 838 1457 882 candelas
1476 841 1683 894 tenenteS,

110 915 412 969 assurgerent.'
493 913 682 971 Cumque
705 919 906 970 astarent,
928 916 1104 959 recitata
1127 919 1227 960 sunt
1246 916 1473 960 multorum
1497 917 1682 972 nomina,

108 980 215 1048 ¹quos
231 975 473 1050 praecipue
494 993 858 1037 excommunicare
880 999 1161 1050 proposuerat
1181 994 1361 1038 domnus
1393 1008 1518 1052 papa.
1571 994 1684 1038 Inter

110 1078 216 1125 quos
243 1069 373 1127 primi
402 1070 609 1114 nominati
640 1074 739 1114 sunt
769 1084 845 1115 rex
866 1070 1123 1126 H(einricus)
1156 1076 1220 1116 et·
1242 1072 1457 1116 Romanae
1484 1072 1684 1117 ecclesiae

108 1145 282 1191 invasor
299 1146 527 1205 Bmdinus,
560 1152 602 1193 et
632 1162 734 1207 prae
756 1150 905 1193 ceteris
939 1153 980 1193 et
1008 1164 1103 1193 cum
1125 1150 1276 1194 ceteris
1307 1151 1453 1195 multis
1485 1150 1683 1209 sollemp-

108 1224 221 1271 niter
250 1227 618 1271 excommunicati.
748 1226 945 1271 Absolvit
982 1228 1111 1271 etiam
1142 1229 1320 1272 domnus
1357 1243 1471 1286 papa
1501 1230 1683 1273 auctori-

107 1301 197 1348 tate
235 1304 467 1361 apostolica
506 1318 532 1348 a
569 1304 771 1349 fidelitate
810 1306 922 1361 regis
962 1319 1129 1362 omnes,
1172 1310 1378 1363 quotquot
1416 1308 1681 1362 iuraverant3

107 1381 191 1426 nisi
221 1381 331 1426 forte
359 1382 628 1440 resipisceret
659 1386 701 1427 et
732 1383 932 1427 ecclesiae
963 1383 1043 1427 Dei
1075 1385 1351 1429 satisfaceret.

142 1472 144 1474 ’
228 1459 306 1504 His
344 1460 526 1518 denique
565 1461 648 1505 rite
686 1461 930 1518 completis,
972 1463 1222 1506 auctoritate
1252 1462 1392 1506 Patris
1434 1467 1477 1507 et
1506 1463 1605 1507 Filii
1641 1468 1683 1508 et

104 1536 301 1595 Spiritus
326 1538 465 1583 sancti
493 1551 639 1583 omnes
662 1539 842 1583 absolvit
872 1543 998 1596 atque
1019 1540 1215 1595 signavit.
1262 1539 1321 1584 Et
1341 1541 1402 1584 sic
1423 1542 1477 1585 ad
1509 1543 1683 1599 propria

106 1626 239 1660 unum
269 1629 476 1674 quemque
505 1617 644 1662 redire
675 1617 870 1675 permisit
901 1618 967 1662 eth
998 1619 1165 1662 concilii
1195 1618 1320 1662 finem
1352 1619 1464 1663 fecit.

105 1711 107 1715 ¹
191 1720 196 1723 »
225 1691 346 1746 Quod
366 1695 455 1739 vidi
485 1699 528 1740 et
549 1696 704 1751 audivi,
732 1695 926 1751 fideliter,
960 1699 1116 1753 quanto
1140 1697 1307 1741 brevius
1330 1698 1463 1754 potui,
1495 1698 1682 1755 pedestri

103 1782 300 1817 sermone
318 1772 547 1831 descripsi.

108 1913 226 1962 200.
255 1915 444 1962 Calioetm
460 1917 518 1961 II
526 1934 650 1976 papa
675 1918 874 1962 Udalrico
904 1920 1099 1976 episcopo
1122 1919 1432 1963 Constantiensi
1453 1923 1678 1978 praecipit,

176 2012 179 2019 ⁸
254 2003 303 2038 ut
333 1995 712 2053 Sohafliuaenaibus
744 1997 932 2039 ablatum
954 1999 1186 2054 praedium
1216 1999 1405 2042 reddat-³.
1499 1998 1551 2052 (E
1574 1999 1678 2053 300)

225 2083 417 2128 calixtus
456 2085 705 2143 episcopus*¹
737 2100 884 2130 servus
922 2100 1140 2131 servorum
1172 2087 1253 2131 Dei
1285 2088 1516 2132 venerabili
1556 2089 1679 2132 fratri

105 2146 336 2216 ffldalrieo)
368 2163 566 2221 episcopo
598 2168 640 2208 et
670 2163 882 2207 canonicis
915 2169 1085 2209 sanctae
1107 2165 1449 2210 Constanciensis
1478 2167 1678 2230 ecclesiae

104 2238 282 2284 salutem
314 2243 357 2284 et
386 2241 663 2299 apostolicam
695 2241 1042 2286 benedictionem.

225 2317 527 2363 Scaflmsenses
547 2320 701 2363 fratres
724 2320 923 2375 agitatam
948 2321 1020 2364 diu
1042 2321 1349 2377 querimoniam
1381 2326 1572 2380 repetere
1593 2337 1678 2367 non

102 2394 327 2440 desistunt.
380 2396 704 2454 Conqueruntur
742 2398 875 2454 enim,
918 2399 1029 2455 quod
1067 2399 1308 2456 praedium,
1348 2415 1373 2443 a
1405 2401 1567 2445 Tutone
1605 2402 1677 2445 illo

104 2472 166 2518 eis
187 2473 388 2531 oblatum,
409 2489 486 2533 per
502 2475 746 2520 violentiam
770 2477 982 2520 auferatis.
1026 2476 1288 2534 Precipimus
1310 2478 1441 2533 igitur
1462 2478 1677 2523 dilectioni

102 2555 290 2597 vestrae:
329 2556 378 2596 ut
407 2553 468 2597 eis
499 2556 573 2597 aut
607 2554 827 2611 praedium
859 2555 999 2611 ipsum
1031 2555 1075 2597 in
1108 2568 1212 2611 pace
1244 2559 1286 2599 et
1317 2557 1456 2613 quiete
1487 2558 1675 2602 reddatis

105 2633 191 2686 aut,
224 2630 261 2674 si
291 2631 393 2687 quid
423 2631 468 2674 in
499 2645 548 2675 eo
578 2632 684 2675 iuris
715 2632 869 2676 habere
901 2632 1125 2688 confiditis,
1160 2637 1367 2690 oportuno
1388 2635 1480 2679 loco
1503 2640 1546 2680 et
1570 2639 1676 2680 tem-

102 2721 207 2765 pore
239 2708 292 2752 ad
323 2709 612 2766 exequendam
644 2710 855 2754 iusticiam
879 2710 1070 2754 veniatis.
1121 2711 1405 2757 Veruntamen
1428 2713 1532 2757 illud
1554 2715 1675 2758 nobis

103 2783 319 2830 honestius
351 2790 394 2830 et
423 2786 568 2830 utilius
600 2788 827 2843 videretur,
860 2788 897 2831 si
928 2789 1139 2844 quisque⁸‚
1179 2790 1289 2845 quod
1320 2804 1442 2834 suum
1475 2795 1552 2847 est,
1585 2792 1676 2836 sine

104 2863 301 2907 scandalo
342 2866 384 2908 et
422 2864 530 2908 sicut
566 2865 718 2910 fratres
756 2866 955 2909 condecet
994 2866 1217 2923 optineret.
1275 2867 1371 2912 Etsi
1401 2869 1452 2913 N.
1486 2867 1599 2913 ille‘¹
1631 2870 1675 2913 in

197 2991 224 3012 a.
258 2984 288 3012 et
309 2992 365 3013 om.
381 2983 438 3013 VZ.
563 2984 592 3014 b.
627 2985 670 3015 sic
692 2984 763 3015 add.
781 2986 819 3015 E.
924 2995 950 3015 c.
983 2995 1021 3016 ex
1043 2986 1070 3016 V
1088 2987 1190 3023 l21v,
1220 2987 1248 3017 Z
1272 2998 1302 3027 p.
1321 2989 1400 3018 266.
1507 2989 1536 3019 d.
1569 2999 1624 3019 om.
1641 2989 1675 3020 Z.

104 3044 131 3064 e.
163 3035 231 3074 quis
254 3035 284 3065 V.
409 3037 429 3067 f.
463 3037 513 3067 ille
536 3048 591 3067 om.
607 3039 637 3068 V.
966 3038 996 3073 1.
1024 3038 1133 3074 Tuto.

1724 383 1816 418 1119

1709 431 1774 462 Oct.
1790 433 1829 462 30

1709 2102 1800 2136 1120

1706 2150 1768 2180 lau.
1785 2152 1802 2181 3
