2028 3438
422 246 508 291 826
807 259 1045 291 Huaeoam
1074 259 1315 292 mAnoeth.
1361 261 1448 291 Lm.
1469 260 1523 291 111
1550 259 1603 304 33

420 365 675 419 iungeretur.
737 365 848 409 Dum
886 366 963 410 hec
993 365 1091 409 Otto
1131 365 1275 409 crebro
1313 369 1521 422 moneret,
1562 379 1701 411 sermo
1737 366 1792 411 ad
1824 366 1971 417 ducem

420 441 607 498 perlatus
646 445 721 485 est.
783 441 924 485 Primo
957 442 1070 499 apud
1100 455 1145 486 se
1174 442 1245 486 ille
1275 445 1456 487 tractare
1487 443 1620 500 cepit,
1658 442 1809 488 deinde
1837 444 1972 488 eonsi-

419 517 521 561 lium
562 531 656 562 cum
696 517 789 562 aliis
828 518 1001 574 habere,
1043 519 1309 575 postmodum
1348 523 1487 563 autem
1523 520 1662 577 ipsum
1693 520 1890 565 Ottonem
1916 520 1973 565 ad

420 595 640 638 consilium
661 608 824 649 vocare,
857 595 1022 651 plenius
1054 595 1105 638 ab
1137 609 1185 639 eo
1215 609 1304 639 rem
1335 597 1588 651 cogniturus.
1707 596 1859 653 Itaque·
1872 595 1970 640 Otto

421 695 476 702 —
510 671 561 715 de
600 670 876 728 imperatorel
910 684 958 714 ac
988 672 1177 727 potentia
1207 673 1325 727 regni
1356 673 1571 716 Teutonici
1601 676 1645 717 et
1674 673 1727 717 de
1753 670 1972 717 nobilitate

195 754 279 797 post
304 753 395 789 1087
419 748 623 805 principis
654 761 788 805 pauca
818 748 1066 804 premittens
1089 763 1167 791 —-:
1200 749 1252 793 de
1281 749 1484 793 viduitate
1515 750 1670 793 sororis
1701 751 1791 794 eius
1820 749 1971 793 domne

420 824 573 879 Iudite;
608 824 799 880 quodque
829 825 1070 881 imperator,
1103 825 1228 879 digno
1259 839 1351 869 eam
1382 827 1573 882 coniugio
1598 826 1795 884 copulare
1813 825 1970 881 volens,

421 901 663 957 aliquandiu
685 915 775 944 eam
797 915 880 944 non
903 902 992 944 sine
1013 901 1154 946 labore
1175 903 1422 957 servaverit3
1454 903 1616 966 felicem
1637 904 1740 958 fore,
1767 903 1835 947 cui
1855 905 1971 947 tante

420 978 765 1035 pulchritudinis,
807 981 923 1022 tante
962 979 1192 1022 nobilitatis
1230 979 1374 1023 thorus
1414 981 1684 1035 contingeret.
1744 980 1812 1023 Ex
1849 983 1972 1037 parte

421 1058 559 1098 autem
590 1055 707 1098 ducis
737 1054 954 1098 monebat:
986 1055 1098 1099 ultra
1127 1057 1171 1099 in
1202 1057 1358 1113 nuptiis
1382 1056 1509 1100 nichil
1537 1057 1575 1100 ei
1603 1057 1860 1113 querendum
1889 1056 1971 1100 nisi

420 1131 576 1175 amieos
615 1145 746 1186 genus
784 1134 826 1175 et
854 1133 1108 1188 potentiam,
1147 1136 1293 1190 utpote
1323 1134 1390 1177 cui
1421 1147 1521 1190 opes
1551 1133 1744 1177 habunde
1773 1133 1970 1190 suppedi-

419 1211 570 1252 tarent.
618 1208 724 1260 Quid
757 1209 904 1265 plura?
949 1209 1046 1252 Dux
1077 1210 1168 1266 ipse
1200 1223 1425 1266 omnesque
1445 1210 1608 1254 consilii
1628 1211 1717 1254 eius
1742 1209 1970 1267 participes

420 1299 446 1329 a
465 1285 554 1329 Deo
588 1299 820 1329 sermonem
853 1300 943 1331 esse
974 1288 1127 1332 dicunt.
1175 1288 1282 1331 Dein
1313 1288 1448 1342 magis
1476 1300 1524 1331 ac
1544 1288 1677 1343 magis
1697 1287 1844 1331 ducem
1874 1286 1970 1330 hor-

418 1366 562 1406 tantur
592 1363 670 1418 sui,
702 1367 875 1407 monent
906 1359 1071 1421 publice
1103 1378 1151 1408 ac
1180 1365 1398 1422 privatim:
1430 1365 1509 1407 hoc
1537 1367 1627 1408 tam
1655 1365 1804 1420 ingens
1829 1363 1968 1419 decus,

417 1444 506 1484 tam
538 1443 742 1496 oportune
762 1442 997 1484 venientem
1029 1441 1203 1496 gloriam
1225 1445 1388 1485 mature
1409 1428 1672 1499 captandam.
1717 1439 1800 1485 Ubi
1830 1443 1969 1484 autem

419 1517 473 1561 ad
503 1517 673 1574 plenum
705 1517 799 1560 duci
829 1532 897 1561 res
930 1519 1068 1561 animo
1101 1519 1222 1574 sedit,
1253 1532 1336 1562 non
1367 1519 1485 1575 prius
1515 1519 1685 1574 aggredi
1712 1518 1857 1574 voluit,
1887 1518 1970 1562 nisi

420 1598 462 1638 et
490 1594 569 1638 hoc
599 1594 859 1651 principibus
890 1595 1075 1652 placeret
1100 1595 1284 1639 Polonie.
1332 1596 1484 1639 Habito
1514 1596 1643 1651 igitur
1671 1595 1875 1652 colloquio
1905 1595 1970 1638 in-

420 1671 535 1715 venit
566 1684 794 1714 assensum.
856 1672 969 1716 Idem
1003 1686 1145 1716 omnes
1177 1673 1362 1716 sentiunt
1393 1673 1588 1728 probant3
1628 1672 1821 1729 cupiunt,
1851 1675 1970 1716 tanta

419 1748 610 1791 claritate
641 1752 840 1803 tantaque
871 1749 1088 1793 nobilitate
1118 1750 1320 1792 illustrari
1350 1749 1578 1793 Poloniam.
1633 1750 1730 1793 Otto
1761 1750 1897 1793 clarus
1928 1752 1970 1793 et

418 1838 594 1879 magnus
634 1824 777 1868 haberi
809 1839 885 1881 pro
916 1826 992 1868 tali
1023 1826 1208 1869 consilio.
1270 1826 1327 1869 Et
1358 1839 1451 1870 ecce
1482 1840 1564 1882 qua
1594 1827 1712 1870 illum
1743 1826 1969 1870 sublimare

418 1902 596 1958 parabat
632 1902 771 1945 divine
803 1903 937 1956 gratie
968 1903 1144 1946 bonitas.
1192 1902 1304 1954 Quid
1337 1902 1475 1946 enim?
1524 1903 1679 1958 Agitur
1709 1903 1761 1947 de
1790 1903 1965 1947 nunciis.

420 1978 517 2022 Otto
549 1978 730 2034 eligitur,
764 1980 937 2023 comites
969 1980 1084 2034 digni
1109 1979 1333 2035 magnique
1354 1980 1434 2023 viri
1456 1980 1493 2023 ei
1514 1980 1810 2034 decernuntur3
1841 1980 1968 2023 vesti-

419 2059 501 2111 tur,
534 2058 719 2111 ornatur,
752 2056 909 2099 ditatur
940 2056 1213 2112 omnibusque
1243 2057 1503 2112 necessariis,
1536 2069 1615 2112 que
1635 2070 1735 2100 usus
1755 2057 1968 2113 honorque

418 2133 638 2189 poscebat,
681 2133 843 2176 abunde
881 2133 1124 2187 instruitur3
1164 2135 1305 2189 sicque
1343 2134 1388 2177 in
1425 2133 1558 2177 multa
1594 2134 1731 2188 gratia
1760 2133 1966 2189 dirigitur,

419 2213 581 2264 gratam
613 2223 714 2253 sane
743 2210 989 2266 imperatori
1017 2210 1266 2265 legationem
1296 2213 1550 2267 portaturus.

538 2286 600 2329 Eo
640 2287 791 2330 etenim
833 2290 1021 2343 tempore
1060 2301 1177 2330 soror
1206 2287 1473 2344 imperatoris
1503 2287 1547 2329 in
1578 2286 1847 2330 contubernio
1878 2286 1966 2330 eius

419 2363 671 2406 morabatur.
718 2363 766 2406 In
797 2377 879 2419 qua
909 2363 980 2407 ille
1011 2364 1165 2420 sepius,
1196 2363 1294 2407 licet
1324 2363 1426 2406 alias
1457 2363 1572 2418 felix,
1603 2364 1769 2407 fortune
1791 2363 1966 2406 infelici-

418 2442 548 2482 tatem
587 2437 821 2495 expertus²,
862 2440 960 2495 quia
997 2454 1090 2483 eam
1121 2441 1293 2484 honeste
1325 2454 1491 2483 servare
1521 2453 1605 2483 non
1634 2441 1792 2496 potuit,
1830 2452 1966 2483 remo-

418 2516 541 2558 vendi
580 2530 670 2559 eam
704 2531 727 2559 a
759 2530 803 2559 se
835 2517 1070 2560 occasiones
1112 2517 1234 2560 anxie
1266 2517 1465 2572 querebat
1501 2517 1707 2560 honestas.
1767 2511 1965 2573 Acceptis

417 2593 546 2647 igitur
575 2594 734 2636 nuntiis
766 2597 807 2636 et
836 2594 1037 2649 petitione
1067 2594 1197 2648 ducis,
1229 2594 1382 2649 gaudet
1412 2594 1607 2646 miratur;
1641 2593 1965 2636 dissimulativo·

417 2673 558 2712 tamen
590 2670 714 2713 corde
752 2683 945 2726 premens
986 2674 1026 2713 et
1064 2670 1270 2724 gravitate
1302 2670 1412 2713 virili
1442 2670 1583 2725 gaudii
1614 2670 1963 2724 magnitudinem3

515 2807 540 2827 a.
574 2798 791 2829 dissimulative
814 2799 853 2829 N.

512 2867 545 2901 1.
571 2867 739 2902 Heinrico
764 2868 826 2903 IV.
969 2869 1002 2903 2.
1035 2868 1135 2902 Haec
1166 2870 1251 2903 sunt
1274 2867 1438 2903 Einharti
1463 2867 1509 2902 de
1534 2867 1662 2904 Garolo
1685 2868 1732 2903 M.
1757 2867 1880 2904 verba.
1918 2868 1962 2904 V.

417 2924 580 2960 Einharti
596 2925 671 2961 Vit.
690 2925 809 2961 Caroli
827 2926 874 2961 M.
893 2936 924 2962 c.
941 2927 985 2961 19
1009 2927 1134 2971 (supra
1150 2927 1193 2961 Τ.
1211 2926 1263 2963 IV
1279 2927 1381 2969 526):
1408 2924 1485 2971 „Ac
1508 2929 1656 2971 propter
1670 2925 1748 2972 hoc,
1773 2926 1858 2962 licet
1873 2926 1963 2961 alias

418 2982 514 3030 felix,
541 2983 715 3019 adversae
740 2983 906 3021 fortunae
931 2984 1192 3029 malignitatem
1213 2986 1384 3030 expertus
1401 2983 1490 3020 est“.
1528 2983 1581 3020 Cf.
1600 2995 1710 3031 supra
1732 2995 1768 3030 p.
1787 2985 1856 3020 703
1879 2995 1914 3020 n.
1929 2985 1961 3020 1.
