2028 3438
0 366 5 377 '
62 376 221 403 *infirm

326 255 578 287 nmmum
602 255 845 288 numetis.
889 256 978 287 Lm.
1000 257 1030 287 1.
1076 256 1355 289 Pnoonmtm
1541 247 1628 291 705

557 402 782 448 LIBER
833 369 1166 448 PRIMUS.⁷

657 504 1026 549 Prooemium·.

54 448 58 458 ’
101 468 106 475 .
149 455 263 481 ἠ’-,Ηίςμ
308 464 339 473 ,ι

59 609 117 635 „121
150 591 294 636 «Eme
318 599 400 649 'pre
429 593 622 636 manibus
654 597 719 637 est
748 593 838 637 dies
875 593 1213 638 anniversariusb
1246 594 1521 651 depositionis
1553 596 1627 640 do-

58 668 256 713 mint-mi
280 670 514 724 vet-nostri,
553 670 688 714 felicis
727 672 929 714 memorie
961 671 1128 715 Ottonis
1168 672 1354 728 episcopi
1388 672 1628 716 Babenber-

54 745 233 800 gensis&
281 744 390 797 Quid
421 747 647 804 expectas?
692 748 834 802 Redde
866 748 1134 805 promissum.
1240 748 1287 792 In
1308 749 1388 792 hac
1409 750 1520 793 enim
1544 750 1646 806 die,

50 828 181 878 qnam
217 826 389 878 gratam
436 825 558 869 nobis
605 829 730 881 atque
774 826 996 869 iocundam
1044 826 1146 869 facit
1189 826 1323 882 ipsius
1369 827 1625 882 recordacio,

54 899 182 945 velim
212 907 277 947 ,4-
303 914 478 946 narrare
506 902 714 959 incipiens
749 928 802 933 —-
837 903 997 958 omnia,
1038 917 1118 959 que
1159 903 1211 947 ab
1243 903 1316 947 illo
1354 905 1548 959 gnaviter
1578 917 1628 948 ac

46 981 204 1031 -sancte
229 981 351 1034 gesta-
380 983 497 1035 sunt,
536 984 662 1036 prout
692 981 799 1024 scire
837 981 1032 1038 potuisti,
1074 994 1261 1037 exponas
1293 995 1515 1038 moresque
1546 982 1628 1025 viri

47 1068 109 1101 ,w
130 1055 220 1101 vito
249 1055 457 1105 instituta.
512 1056 594 1101 Sed
637 1058 738 1112 quid
774 1062 815 1101 te
851 1058 965 1101 illius
1008 1071 1182 1115 operum
1214 1072 1432 1102 morumve
1462 1059 1626 1115 lateret,

56 1133 130 1189 qni
159 1146 292 1179 annos
319 1133 456 1178 ferme
475 1135 712 1190 quindecim
728 1133 738 1152 ¹
768 1149 982 1190 nunquam
1015 1135 1068 1178 ab
1090 1135 1180 1178 eius
1201 1135 1474 1179 contubernio
1497 1137 1628 1180 absti—

55 1210 175 1255 tisri?
216 1210 405 1267 Etenim,
438 1225 518 1267 que
550 1212 628 1255 hoc
650 1213 793 1269 spacio
815 1213 959 1268 gessit,
993 1217 1054 1267 tu,
1086 1216 1134 1256 ut
1155 1216 1402 1270 cooperator
1423 1214 1625 1269 omnium,

55 1287 497 1345 oeulispresentibus,
514 1289 766 1346 aspicieba83
808 1304 888 1346 que
921 1304 1018 1334 vero
1050 1293 1148 1334 ante
1181 1290 1452 1347 adoptionem
1483 1291 1545 1334 tui
1569 1315 1624 1322 —

48 1364 272 1422 presulatu
301 1365 347 1410 in
377 1365 499 1423 ipso²
528 1367 595 1411 vel
627 1368 752 1411 etiam
787 1372 884 1411 ante
915 1367 1176 1424 presulatum
1209 1392 1265 1397 ——
1299 1368 1500 1423 gesserit,
1538 1372 1624 1412 tam

49 1442 198 1499 ipsius
217 1456 352 1499 vquam
387 1444 572 1488 aliorum
611 1445 715 1488 haut
751 1445 878 1488 dubio
916 1445 1053 1488 relatu
1091 1448 1295 1501 conperta
1330 1445 1487 1488 retines
1533 1446 1627 1488 uni-

55 1527 190 1564 versa.
218 1559 237 1565 .⁴
289 1563 291 1565 ,
581 1562 584 1565 .

158 1596 534 1654 Fateordnquit
564 1598 809 1642 Sefridus
846 1612 924 1642 nec
954 1613 1022 1642 me
1051 1598 1156 1642 latet
1178 1599 1400 1654 quicquam
1423 1600 1626 1655 omnium,

52 1687 137 1731 vque
166 1675 221 1719 de
255 1675 328 1719 illo
367 1679 486 1730 sunt3
525 1680 775 1732 gratumque
818 1676 972 1731 habe0,
1012 1676 1122 1731 quod
1155 1676 1356 1732 postulas.
1417 1676 1499 1720 Sed
1532 1690 1627 1721 ecce

55 1753 421 1810 qui-supervenit,
455 1753 576 1797 Timo
608 1755 726 1810 prior
758 1754 941 1810 optimus
973 1754 1015 1796 id
1047 1753 1227 1797 fortasse
1265 1767 1342 1810 pro
1374 1767 1443 1797 me
1473 1768 1626 1797 munus

54 1829 198 1883 inibit3
231 1830 424 1887 dicetque
454 1831 554 1886 tibi,
595 1831 705 1886 quod
737 1832 859 1888 petis.
916 1831 1023 1874 Nam
1057 1845 1162 1887 eque
1199 1834 1245 1874 ut
1277 1845 1352 1886 ego
1385 1831 1477 1888 ipse
1509 1833 1627 1875 novit

55 1907 210 1953 omnia.
257 1907 342 1952 Iste
362 1908 518 1965 quippe
550 1913 626 1963 est,
661 1922 782 1964 quem
814 1909 932 1952 aiunt
954 1909 1088 1965 ipsius
1110 1908 1331 1951 mimulum
1351 1909 1482 1952 fuisse
1504 1910 1626 1965 quin-

55 1998 284 2041 quennem3
316 1985 545 2041 habuitque
570 1986 764 2029 dominus
795 1989 915 2029 meus
947 1999 1074 2042 super
1105 1999 1199 2029 eum
1224 1985 1366 2029 oculos
1398 1986 1544 2040 bonos,
1577 2000 1625 2030 eo

55 2062 167 2119 quod
203 2062 359 2106 illustri
393 2065 504 2106 esset
537 2063 754 2119 parentela
785 2066 827 2106 et
859 2063 910 2106 ab
941 2063 1046 2120 ipsis
1079 2062 1297 2106 cunabulis
1330 2063 1383 2105 ad
1416 2067 1626 2106 monaste-

52 2139 162 2184 rium
195 2139 440 2195 translatus,
473 2143 515 2183 et
547 2140 657 2195 quod
689 2144 799 2184 esset
829 2153 933 2196 puer
964 2140 1159 2194 graciose.
1185 2139 1524 2196 pulchritudinis,
1563 2141 1625 2183 io-

53 2217 215 2261 cundus
245 2217 368 2260 valde
398 2219 525 2272 atque
555 2217 784 2272 mirabilis,
823 2217 945 2261 factis
977 2221 1019 2261 et
1050 2216 1197 2260 dictis‘¹
1229 2230 1373 2260 omnes
1404 2216 1622 2261 letificans.

54 2294 163 2339 Ecce
194 2294 248 2338 ad
278 2307 355 2338 nos
387 2294 533 2338 sedere
565 2294 760 2338 declinat.

173 2371 323 2416 Prior
353 2371 553 2427 itaque,
586 2372 699 2414 dum
734 2375 1072 2426 assurgentes
1105 2371 1212 2414 sibi
1234 2385 1384 2414 manu
1410 2386 1624 2428 repres-

54 2449 232 2504 sisset,
264 2449 350 2492 ubi
382 2449 604 2492 assedit:
638 2449 746 2500 Quid
779 2449 954 2505 inquit
985 2452 1061 2503 est,
1095 2449 1206 2504 quod
1233 2451 1318 2491 tam
1341 2449 1502 2492 intent‘e
1524 2462 1623 2492 con-

53 2526 201 2571 fertis?
232 2529 433 2583 poterone
463 2526 637 2570 audire?
676 2511 848 2580 lterum,
881 2530 928 2568 ut
959 2526 1122 2582 opinor,
1155 2539 1292 2569 sermo
1326 2525 1445 2569 vobis
1476 2529 1541 2569 est
1571 2526 1623 2570 de

55 2602 208 2648 Ottone
237 2607 394 2648 nostro.

148 2731 175 2752 a.
210 2721 334 2762 Scripsi
354 2721 469 2752 LIBER
491 2721 645 2752 PRIMUS.
674 2722 873 2751 Prooemium.
913 2722 950 2750 In
973 2721 1009 2750 N
1025 2720 1100 2751 haec
1122 2720 1291 2751 habentur.-
1317 2721 1470 2760 Incipiunt
1490 2721 1622 2760 capitula

53 2775 123 2806 libri
148 2775 238 2814 primi
267 2775 304 2805 de
327 2775 389 2805 vita
414 2776 446 2805 et
467 2775 609 2814 operibus
634 2775 714 2805 beati
737 2774 856 2804 Ottonis
879 2774 1138 2811 babenbergensis
1161 2774 1309 2813 episcopi.
1347 2773 1547 2814 (Sequuntur
1567 2784 1621 2804 ca-

49 2827 151 2868 pitum
173 2826 345 2866 lemmata).
377 2828 548 2867 Expliciunt
563 2827 696 2866 capitula
716 2827 806 2866 primi
828 2826 907 2857 libri.
943 2827 1096 2866 Dyalogus
1118 2827 1185 2857 loco
1207 2827 1357 2866 prohemii
1379 2828 1411 2857 in
1426 2828 1518 2858 vitam
1539 2827 1622 2857 beati

54 2879 174 2911 Ottonis
196 2881 341 2920 episcopi.
481 2881 511 2910 b.
544 2881 744 2911 aniversarius
768 2880 807 2910 N.
947 2889 973 2909 c.
1007 2879 1263 2918 Babcngergensis
1286 2880 1326 2910 N.
1385 2876 1398 2885 ²
1470 2881 1500 2910 d.
1531 2880 1620 2910 factis

53 2934 85 2963 et
105 2933 196 2964 dictis
215 2933 305 2964 factis
328 2934 368 2964 N.

151 2998 183 3032 l.
210 2997 463 3032 1124—1139.
750 2997 784 3031 2.
814 2996 1063 3032 1103-1124,

111 3059 220 3094 JAnt'.
241 3062 434 3090 Bibliotheca.
449 3062 487 3089 V.
1287 3055 1334 3089 45

1669 605 1759 640 1158

1652 654 1716 684 Iun.
1732 655 1772 683 30
