2028 3438
399 276 423 318 7
429 275 485 318 26
799 287 1039 319 Hunnonm
1070 286 1311 318 numetis.
1358 287 1445 318 Lm.
1467 287 1484 317 1
1514 285 1561 320 30

178 405 378 440 1112-1123
398 396 487 437 tum
520 393 770 450 corripiens:
812 394 937 438 Absit
966 394 1103 449 inquit
1133 403 1179 437 ut
1208 403 1366 437 tantum
1398 396 1520 438 decus
1550 395 1624 438 sub
1654 402 1740 438 tam
1765 392 1846 436 vili
1867 406 1954 437 see-

400 480 507 514 mate
536 480 757 514 rema-neat.
806 470 993 527 Cumque
1023 470 1087 514 bis
1120 473 1192 513 aut
1220 474 1285 513 ter
1316 470 1499 525 sigillum
1531 471 1682 515 malleo
1706 472 1954 527 percuteret,

400 548 569 602 sanguis
592 548 642 591 (16
663 547 813 591 cistula
843 547 1004 604 plumbi
1030 547 1213 590 cucurrit
1237 547 1321 590 acsi
1343 547 1394 591 de
1415 561 1590 605 corpore
1620 546 1824 591 animalis.
1872 545 1955 590 Sed
2019 552 2028 555 ”

401 624 527 680 quid?
573 625 783 668 Turbatur
804 625 1037 681 episcopus,
1067 624 1366 667 ferramentum
1388 625 1575 682 proicit·,
1607 627 1777 681 stupent
1796 636 1954 678 omnes,

401 714 504 757 opus
536 704 703 758 ceptum
736 702 955 756 omittitur,
988 701 1041 744 ad
1073 702 1302 744 orationem
1335 705 1422 744 tam
1453 702 1544 758 ipse
1574 703 1700 758 quam'
1719 710 1863 744 omnes
1884 700 1956 756 qui

401 778 575 821 aderant
613 792 658 821 se
692 781 985 834 prosternunt,
1025 778 1238 820 commissi
1276 778 1440 821 veniam
1479 777 1752 834 postulantes.
1873 775 1956 820 Sed

400 854 525 898 Pater
557 855 819 910 omnipotens
852 855 1019 911 sapiens
1052 857 1093 897 et
1122 854 1340 910 benignus,
1373 855 1443 910 qui
1465 855 1517 898 ad
1539 853 1801 911 disciplinam
1821 853 1954 897 filium

401 932 565 975 erudire
603 932 801 988 parabat,
841 932 959 986 gravi
997 931 1137 974 statim
1177 931 1378 986 languore
1416 932 1555 986 tetigit
1585 931 1781 975 Ottonem
1819 943 1955 985 suum,

402 1008 503 1051 adeo
535 1012 582 1051 ut
612 1009 697 1051 vite
726 1009 951 1051 terminum
985 1011 1163 1064 putaret.
1212 1007 1344 1062 Igitur
1375 1008 1662 1052 invalescente
1685 1007 1830 1052 morbo
1861 1019 1955 1051 cum

401 1085 577 1128 evadere
606 1098 691 1128 non
722 1088 924 1141 speraret,
957 1098 1065 1139 eum,
1099 1098 1221 1140 quem
1254 1085 1437 1128 maxime
1469 1085 1597 1128 fidum
1629 1097 1678 1129 ac
1706 1084 1956 1128 familiarem

399 1162 557 1217 habuit,
580 1162 771 1206 abbatem
796 1161 939 1205 Sancti
959 1161 1204 1205 Michahelis
1221 1161 1540 1205 Wolframmum
1555 1159 1564 1179 ¹
1582 1162 1759 1217 vocavit,
1785 1165 1844 1216 ut,
1869 1161 1956 1204 sive

402 1239 455 1281 ad
483 1239 612 1282 vitam
645 1239 734 1282 sive
771 1239 823 1281 ad
854 1242 1032 1282 mortem
1063 1252 1130 1281 res
1161 1242 1370 1294 vergeret,
1409 1238 1490 1282 fide
1521 1243 1563 1282 et
1593 1239 1790 1295 obsequio
1821 1237 1955 1289 fidelis

402 1316 524 1359 amici
554 1319 753 1359 uteretur.
803 1315 881 1366 Qui
913 1315 1009 1358 dum
1044 1316 1132 1358 eius
1162 1315 1313 1358 lectulo
1345 1316 1560 1360 assisteret
1591 1316 1763 1372 eiusque
1793 1315 1957 1359 dolores

401 1393 536 1435 modis
569 1393 719 1448 quibus
750 1395 917 1449 poterat
945 1393 1132 1436 relevare
1163 1396 1349 1448 curaret,
1389 1393 1486 1436 Otto
1519 1393 1686 1449 beatus,
1727 1393 1956 1436 monastice

401 1469 615 1525 religionis
646 1470 871 1526 precipuus
895 1474 1069 1524 amator,
1102 1470 1291 1513 habitum
1314 1471 1505 1514 monachi
1528 1470 1818 1514 ardentissime
1838 1469 1956 1525 flagi-

401 1547 537 1600 tabat3
571 1561 596 1589 a
626 1546 769 1589 multis
801 1547 922 1589 annis
953 1561 997 1590 se
1029 1547 1170 1590 dicens
1201 1547 1245 1589 in
1273 1548 1488 1604 proposito
1517 1547 1725 1602 habuisse,
1756 1547 1956 1603 depositis

401 1623 708 1680 pontificalibus
740 1624 783 1666 in
806 1627 1053 1680 paupertate
1075 1624 1249 1680 spiritus
1272 1627 1313 1666 et
1334 1624 1582 1667 contritione
1603 1624 1739 1667 cordis
1759 1623 1848 1667 Deo
1870 1637 1957 1668 ser-

402 1701 489 1743 vire
521 1700 596 1743 sub
628 1700 820 1754 magistri
852 1701 1101 1743 obedientia.
1149 1701 1301 1744 Verum
1334 1701 1476 1756 abbas,
1509 1701 1573 1744 vir
1593 1714 1746 1756 gnarus
1778 1714 1827 1744 ac
1857 1714 1958 1757 pru-

402 1778 503 1820 dens
536 1781 577 1820 et
608 1777 750 1831 magni
781 1777 957 1832 consilii,
993 1777 1270 1821 obedientiam
1305 1778 1472 1833 quidem
1503 1778 1732 1833 egrotantis
1759 1778 1956 1835 suscepit,

409 1854 660 1897 desiderium
690 1853 866 1896 laudans
899 1867 946 1896 ac
976 1854 1242 1910 petitionem;
1277 1869 1401 1911 porro
1422 1855 1473 1898 de
1495 1855 1640 1899 habitu
1661 1854 1824 1898 distulit
1841 1854 1958 1910 inge-

410 1931 540 1973 niose.
588 1930 697 1973 Hinc
726 1937 823 1987 post
853 1931 1011 1987 aliquot
1042 1931 1130 1974 dies
1161 1931 1404 1975 melioratur
1435 1936 1615 1987 egrotus.
1663 1932 1761 1976 Voti
1784 1945 1957 1987 memor,

412 2008 599 2050 habitum
633 2008 770 2063 querit
798 2008 1031 2062 religionis3
1072 2008 1257 2065 disponit
1287 2010 1338 2052 de
1368 2009 1491 2052 rebus
1522 2009 1629 2063 suis3
1667 2009 1720 2052 ad
1749 2012 1958 2053 monaste-

403 2085 511 2127 rium
545 2098 590 2127 se
622 2085 783 2140 portari
813 2084 997 2127 mandat.
1053 2085 1195 2128 Abbas
1227 2086 1377 2140 igitur,
1415 2085 1523 2128 letus
1554 2086 1606 2129 de
1633 2086 1797 2130 fervore
1828 2086 1958 2130 votivi

404 2162 481 2216 sui,
506 2161 703 2204 adhibitis
726 2161 790 2203 sui
811 2161 992 2204 nominis
1014 2162 1297 2218 compluribus
1318 2162 1502 2205 honestis
1524 2163 1639 2218 viriS,
1663 2163 1713 2207 de
1734 2163 1811 2207 hoc
1831 2163 1957 2207 verbo

404 2253 498 2281 cum
532 2239 590 2281 eis
623 2237 913 2280 communicat.
960 2238 1019 2281 At
1039 2239 1082 2280 hi
1105 2239 1284 2294 quidem,
1316 2240 1546 2295 perspectis
1573 2240 1778 2295 omnibus,
1809 2239 1958 2283 inutile

405 2316 562 2358 factum
594 2315 757 2357 dicunt:
796 2328 1018 2370 personam
1057 2315 1204 2370 talem,
1244 2316 1415 2359 ecclesie
1446 2320 1487 2359 et
1516 2317 1770 2373 pauperibus
1803 2316 1957 2360 Christi

405 2395 491 2434 tam
522 2391 815 2445 necessariam,
850 2391 902 2433 ad
934 2391 1145 2434 silentium
1177 2393 1421 2436 monasterii
1449 2394 1640 2436 transire.
1688 2393 1833 2450 Itaque
1864 2406 1956 2436 cum

406 2468 641 2512 reverentia
673 2468 913 2524 episcopum
945 2468 1186 2523 interrogat,
1220 2469 1255 2511 si
1285 2469 1535 2525 promissam
1567 2469 1647 2512 sibi
1678 2470 1957 2514 obedientiam

407 2545 583 2601 implere
617 2545 751 2588 vellet.
800 2544 874 2587 Ille
906 2558 1024 2588 vero:
1060 2546 1111 2587 In
1143 2548 1228 2588 eius
1259 2546 1395 2600 inquit
1424 2549 1602 2599 nomine,
1638 2549 1713 2603 qui
1738 2562 1818 2603 pro
1839 2548 1957 2590 nobis

409 2623 501 2664 Deo
531 2625 650 2678 patri
678 2637 808 2678 usque
839 2624 896 2664 ad
925 2631 1096 2664 ‘mortem
1125 2619 1337 2675 obedivit&
1370 2624 1448 2665 tibi
1475 2625 1638 2666 obedire
1655 2632 1832 2679 paratus
1852 2639 1956 2666 sum.

410 2697 487 2740 Cui
508 2698 599 2740 ille:
632 2700 690 2741 Et
711 2714 782 2755 eqo
813 2698 950 2753 inquit
977 2701 1022 2741 in
1042 2701 1208 2742 nomine
1228 2701 1361 2756 ipsius
1383 2700 1461 2742 tihi
1479 2701 1611 2752 iubeo,
1642 2709 1763 2756 pater
1782 2703 1957 2743 sanctis-

410 2777 524 2826 sime,
558 2776 631 2816 sub
665 2790 785 2818 onere
815 2778 974 2832 accepti
1002 2778 1217 2832 reqi'minis
1247 2791 1377 2832 usque
1408 2777 1465 2818 ad
1495 2778 1604 2818 diem
1633 2779 1860 2820 vocationis
1893 2786 1959 2820 tue

412 2866 674 2907 permanere,
708 2854 765 2893 acl
794 2853 990 2895 honorem
1021 2862 1058 2895 et
1087 2853 1305 2896 utilitatem
1337 2853 1519 2904 ecclesie,
1553 2854 1610 2895 acl
1640 2854 1958 2897 consolationem

507 2959 535 2980 a.
567 2950 695 2988 proiecit
717 2950 757 2987 N,
780 2952 889 2989 proicit
913 2951 974 2982 CB.

507 3013 539 3048 1.
568 3013 818 3048 1112—1123.
1103 3014 1136 3049 2.
1161 3013 1312 3059 Philipp.
1331 3014 1364 3059 2,
1389 3013 1423 3049 8.
