2028 3438
457 249 699 282 mancam
729 247 973 280 unrocus
1019 248 1108 279 Lm.
1130 248 1182 279 111
1212 246 1270 280 30.
1287 246 1329 280 31
1593 236 1680 280 823

107 354 413 402 viniminomm
435 356 690 409 consistunt3
723 354 934 419 siquidem
965 367 1161 409 agrorum
1191 353 1328 398 cultus
1357 367 1480 398 rarus
1511 355 1571 399 ibi
1602 357 1677 399 est.
1705 365 1797 400 1127

105 432 240 478 Porro
277 433 324 477 in
353 433 468 478 victu
498 432 567 477 vel
605 433 651 476 in
681 432 829 476 habitu
860 432 1039 476 vestium
1078 445 1230 488 parum
1269 431 1376 475 lauti
1411 431 1570 475 habent
1608 435 1681 476 aut

89 510 447 569 lpulc-'hriffldiniffl
482 510 648 554 Nostri
685 522 784 565 ergo
822 509 1054 554 mediocres
1093 509 1139 552 in
1170 509 1471 566 conparatione
1508 509 1679 552 illorum

101 587 280 644 gloriosi
319 591 453 632 erant.
574 587 739 631 Iwanus
770 600 870 630 vero
909 585 1119 643 presbiter
1149 585 1464 642 archiepiscopo
1505 599 1551 629 se
1585 587 1679 642 ipso

104 665 244 711 maior
262 678 367 710 esse
396 664 630 709 videbatur.
685 663 873 719 Cumque
905 666 1017 707 esset
1046 662 1147 706 boni
1178 662 1285 717 oris,
1323 663 1376 706 ad
1408 663 1551 706 omnia
1581 676 1680 706 con-

102 742 247 800 posite
265 742 540 800 respondens,
572 741 692 785 illum
714 741 836 785 valde
858 740 1110 795 oblectabat,
1141 739 1354 795 nichilque
1381 740 1484 784 satis
1517 740 1557 784 ei
1588 753 1680 784 esse

102 819 276 878 potuit,
292 819 498 876 quidquid
529 819 581 863 de
612 818 767 863 Ottone
799 818 1009 862 audiebat.
1065 816 1200 861 Fama
1230 817 1385 861 etenim
1419 821 1516 861 ante
1549 830 1680 860 annos

106 897 254 956 plures
280 897 394 942 hunc
413 900 560 941 notum
582 896 753 950 habuit3
787 899 830 939 et
858 909 971 939 nunc
1001 894 1175 950 gloriari
1206 897 1332 951 atque
1362 894 1487 938 letari
1517 894 1679 939 habun-

104 975 278 1020 dantius
308 975 442 1032 cepit,
481 974 593 1031 quod
624 975 714 1018 eius
746 973 895 1028 dignos
934 977 977 1016 et
1011 972 1224 1030 preclaros
1255 972 1431 1015 nuncios
1461 975 1680 1029 presentes

105 1051 295 1108 haberet,
326 1052 446 1097 cuius
475 1054 596 1096 tanta
627 1055 670 1096 et
699 1055 787 1095 tam
818 1050 1011 1108 preclara
1040 1050 1155 1093 facta
1179 1049 1343 1105 vulgari
1373 1050 1489 1093 fama
1519 1050 1678 1107 passim

106 1129 319 1188 predicari
354 1129 473 1187 prius
505 1130 704 1173 audisset.
758 1129 824 1172 De
854 1128 1064 1183 legatione
1107 1130 1248 1171 autem
1285 1127 1374 1171 eius
1415 1127 1469 1171 ad
1505 1140 1679 1185 presens

102 1207 238 1252 >nichil
266 1221 314 1252 se
332 1207 590 1265 respondere
619 1220 744 1264 posse
765 1207 944 1262 dicebat,
975 1205 1058 1249 nisi
1081 1208 1178 1249 ante
1203 1205 1417 1262 principes
1438 1205 1679 1248 Danorum⁸

104 1289 235 1344 atque
272 1287 492 1342 magnates
538 1299 615 1343 per
652 1285 815 1340 aliquas
854 1283 1045 1327 inducias
1083 1282 1375 1327 consuluisset.
1514 1283 1679 1327 Iwanus

108 1367 251 1410 autem
282 1368 326 1408 et
353 1363 503 1420 legati,
535 1363 613 1407 hoc
642 1362 813 1417 longum
847 1361 928 1405 sibi
959 1361 1217 1416 iudicanteS,
1250 1360 1408 1404 dimitti
1438 1374 1484 1404 se
1514 1364 1678 1416 rogant,

107 1456 166 1487 ne
192 1455 320 1500 super
339 1455 486 1486 eorum
515 1454 636 1484 mora
664 1440 984 1484 contristaretur
1006 1439 1240 1496 episcopus
1289 1438 1453 1482 Annuit
1482 1438 1554 1482 ille
1585 1452 1679 1482 cum

108 1520 389 1576 benignitate3
422 1532 470 1563 ac
499 1518 664 1562 litteras
686 1517 862 1561 donaria
887 1530 1123 1572 navemque
1154 1516 1508 1572 grandiusculam,
1541 1516 1679 1560 butiro

107 1598 294 1657 plenam,
325 1598 491 1653 signum
513 1596 749 1640 dilectionis
782 1598 824 1638 et
851 1594 1035 1638 amicitie
1059 1594 1232 1639 mittens
1254 1594 1466 1651 episcopo,
1499 1594 1678 1649 dicebat,

104 1675 357 1734 quantocius
389 1689 441 1720 ex
463 1674 638 1718 consilio
669 1673 910 1731 principum
940 1686 1016 1728 per
1037 1685 1135 1715 suos
1167 1672 1329 1726 legatos
1352 1672 1404 1715 de
1426 1671 1552 1715 verbo
1584 1685 1680 1728 pre—

109 1742 330 1799 dicationis
362 1766 407 1797 se
437 1765 750 1809 responsurum.
859 1749 979 1801 Quod
1008 1752 1150 1793 utrum
1184 1763 1408 1806 perperam
1440 1763 1494 1792 an
1516 1749 1679 1806 simpli-

108 1831 215 1876 citer
243 1831 422 1887 dixerit,
459 1828 764 1888 parum.n0bis
797 1831 1059 1885 compertum
1091 1830 1167 1871 est.
1222 1827 1332 1870 Nam
1364 1827 1464 1870 dum
1496 1840 1571 1884 per
1603 1826 1679 1870 ali-

109 1922 215 1967 quos
244 1909 335 1953 dies
365 1909 454 1952 eius
484 1907 661 1951 nuncios
693 1909 1024 1963 expectaremus,
1058 1905 1109 1949 de
1140 1905 1332 1961 partibus
1353 1904 1607 1948 Alamannie
1639 1908 1680 1948 et

109 1987 162 2032 de
192 1986 317 2031 domo
346 1984 687 2040 Babenbergensi
724 1983 867 2040 plures
898 1982 1042 2025 nuncii
1074 1986 1298 2038 venerunt,
1337 1983 1502 2037 magnis
1534 1986 1576 2026 et
1606 1995 1679 2026 ne-

109 2065 304 2110 cessariis
335 2063 473 2109 causis
505 2063 749 2120 episcopum
780 2058 1061 2110 revocantes¹.

207 2143 301 2186 ⁷31.
347 2141 531 2185 Rutheni
562 2142 701 2183 autem
734 2138 892 2182 crebris
924 2137 1149 2180 insultibus
1180 2136 1437 2181 Pomeranos
1467 2136 1681 2180 lacessunt

110 2224 154 2265 et
173 2219 476 2264 Stetincnsium
496 2218 601 2262 fines
626 2216 800 2261 armatis
831 2215 1009 2259 navibus
1042 2212 1330 2272 perturbant2.
1379 2213 1582 2270 Cumque,
1615 2227 1680 2257 se-

109 2297 195 2342 mel
225 2300 269 2342 et
296 2297 362 2341 bis
393 2295 643 2354 repercussi,
676 2309 701 2338 a
722 2293 830 2338 bello
859 2306 1023 2337 cessare
1054 2292 1301 2347 noluissent,
1335 2291 1595 2335 Stetinenses
1628 2305 1679 2335 ex

110 2374 285 2420 consilio
315 2373 528 2418 communi
559 2386 678 2417 arma
708 2375 890 2416 tractare
921 2374 1124 2428 ceperunt
1163 2374 1288 2426 atque
1323 2370 1478 2413 iterum
1510 2369 1680 2412 venien-

109 2453 225 2498 tibus
245 2452 492 2497 coadunatis
510 2451 668 2494 viribus
690 2462 922 2493 occurrere.
965 2447 1048 2492 Sed
1069 2448 1172 2503 quid
1193 2447 1342 2504 plura?
1384 2447 1519 2490 Tanta
1540 2450 1681 2502 strage

109 2530 294 2575 Rutheni
323 2530 407 2573 fusi
439 2532 539 2572 sunt
569 2532 611 2572 et
640 2527 749 2571 tanti
771 2541 824 2571 ex
845 2527 905 2570 eis
926 2527 970 2569 in
993 2525 1284 2582 captivitatem
1309 2524 1484 2579 redacti,
1515 2528 1576 2579 ut,
1609 2524 1682 2580 qui

111 2607 290 2652 evadere
326 2609 574 2664 potuerunt,
615 2605 779 2648 nullum
817 2604 930 2647 ultra
960 2603 1189 2646 victoribus
1229 2602 1385 2646 bellum
1422 2600 1678 2644 intulerintb.

113 2685 373 2730 Stetinenses
403 2685 546 2739 igitur,
580 2683 658 2726 hac
688 2682 865 2725 victoria
895 2681 1082 2736 gloriosi,
1114 2680 1284 2723 domiuo
1315 2679 1409 2722 Iesu
1441 2678 1607 2722 Christo
1641 2682 1682 2722 et

113 2776 234 2807 servo
257 2763 346 2806 eius
367 2762 515 2806 Ottoni
544 2761 746 2804 honorem
778 2758 1087 2811 asscribebant3
1119 2757 1335 2801 Ruthenos
1355 2756 1469 2800 ultra
1490 2757 1575 2799 iam
1597 2769 1682 2798 non

212 2926 239 2947 a.
272 2916 428 2947 Donorum
451 2916 491 2946 N.
708 2914 737 2943 b.
770 2912 935 2943 intulerunt
958 2912 1029 2948 NB,
1055 2911 1213 2941 intulerint
1235 2911 1273 2942 R.

212 3005 244 3040 1.
271 3002 327 3041 Cf.
353 3002 434 3039 Ebo
458 3002 511 3038 111
537 3002 594 3038 24.
883 3000 916 3035 2.
950 2997 1005 3035 Cf.
1031 2998 1110 3035 Eho
1134 2998 1187 3034 III
1212 2999 1269 3034 23.
