<?xml version="1.0" encoding="UTF-8"?>
<!DOCTYPE html PUBLIC "-//W3C//DTD XHTML 1.0 Transitional//EN"
    "http://www.w3.org/TR/xhtml1/DTD/xhtml1-transitional.dtd">
<html xmlns="http://www.w3.org/1999/xhtml" xml:lang="en" lang="en">
 <head>
  <title>
</title>
<meta http-equiv="Content-Type" content="text/html;charset=utf-8" />
  <meta name='ocr-system' content='tesseract 3.04.00' />
  <meta name='ocr-capabilities' content='ocr_page ocr_carea ocr_par ocr_line ocrx_word'/>
</head>
<body>
  <div class='ocr_page' id='page_1' title='image "bibliothecarerum05wattuoft_0741.png"; bbox 0 0 2028 3438; ppageno 0'>
   <div class='ocr_carea' id='block_1_1' title="bbox 426 256 1646 300">
    <p class='ocr_par' dir='ltr' id='par_1_1' title="bbox 426 256 1646 300">
     <span class='ocr_line' id='line_1_1' title="bbox 426 256 1646 300; baseline -0.001 0"><span class='ocrx_word' id='word_1_1' title='bbox 426 267 667 300; x_wconf 61' lang='grc' dir='ltr'><strong>ΗΕΒ-30301</strong></span> <span class='ocrx_word' id='word_1_2' title='bbox 697 266 942 299; x_wconf 73' lang='grc' dir='ltr'><strong>ῡῐΑιοουε.</strong></span> <span class='ocrx_word' id='word_1_3' title='bbox 990 268 1078 299; x_wconf 79' lang='lat' dir='ltr'><strong>Lm.</strong></span> <span class='ocrx_word' id='word_1_4' title='bbox 1100 268 1118 298; x_wconf 94' lang='lat'>1</span> <span class='ocrx_word' id='word_1_5' title='bbox 1148 266 1291 300; x_wconf 82' lang='lat'>27-30</span> <span class='ocrx_word' id='word_1_6' title='bbox 1559 256 1646 300; x_wconf 81' lang='lat'><strong>725</strong></span> 
     </span>
    </p>
   </div>
   <div class='ocr_carea' id='block_1_2' title="bbox 0 373 1727 1680">
    <p class='ocr_par' dir='ltr' id='par_1_2' title="bbox 0 373 1727 1680">
     <span class='ocr_line' id='line_1_2' title="bbox 73 373 1646 432; baseline -0.002 -11"><span class='ocrx_word' id='word_1_7' title='bbox 73 375 194 421; x_wconf 85' lang='lat' dir='ltr'><strong>ilium</strong></span> <span class='ocrx_word' id='word_1_8' title='bbox 234 373 488 420; x_wconf 84' lang='lat' dir='ltr'><strong>humilitatis</strong></span> <span class='ocrx_word' id='word_1_9' title='bbox 519 388 649 419; x_wconf 85' lang='lat' dir='ltr'><strong>causa</strong></span> <span class='ocrx_word' id='word_1_10' title='bbox 679 388 823 419; x_wconf 88' lang='lat' dir='ltr'><strong>ocreas</strong></span> <span class='ocrx_word' id='word_1_11' title='bbox 856 373 923 419; x_wconf 90' lang='lat' dir='ltr'><strong>vel</strong></span> <span class='ocrx_word' id='word_1_12' title='bbox 963 373 1198 419; x_wconf 85' lang='lat' dir='ltr'><strong>subtalares</strong></span> <span class='ocrx_word' id='word_1_13' title='bbox 1238 374 1420 418; x_wconf 88' lang='lat' dir='ltr'><strong>dissutos</strong></span> <span class='ocrx_word' id='word_1_14' title='bbox 1460 374 1646 432; x_wconf 90' lang='lat' dir='ltr'><strong>plerum-</strong></span> 
     </span>
     <span class='ocr_line' id='line_1_3' title="bbox 74 451 1646 512; baseline -0.003 -13"><span class='ocrx_word' id='word_1_15' title='bbox 74 467 157 512; x_wconf 79' lang='lat' dir='ltr'><strong>que</strong></span> <span class='ocrx_word' id='word_1_16' title='bbox 185 453 242 499; x_wconf 77' lang='lat' dir='ltr'><strong>ad</strong></span> <span class='ocrx_word' id='word_1_17' title='bbox 270 455 477 498; x_wconf 74' lang='lat' dir='ltr'><strong>sartorem</strong></span> <span class='ocrx_word' id='word_1_18' title='bbox 509 453 690 497; x_wconf 81' lang='lat' dir='ltr'>misisse.</span> <span class='ocrx_word' id='word_1_19' title='bbox 738 451 1100 497; x_wconf 85' lang='lat' dir='ltr'><strong>Murmurantibus</strong></span> <span class='ocrx_word' id='word_1_20' title='bbox 1132 455 1272 495; x_wconf 88' lang='lat' dir='ltr'><strong>autem</strong></span> <span class='ocrx_word' id='word_1_21' title='bbox 1305 452 1356 496; x_wconf 90' lang='lat' dir='ltr'><strong>de</strong></span> <span class='ocrx_word' id='word_1_22' title='bbox 1387 452 1465 495; x_wconf 91' lang='lat' dir='ltr'><strong>hoc</strong></span> <span class='ocrx_word' id='word_1_23' title='bbox 1498 452 1646 508; x_wconf 90' lang='lat' dir='ltr'><strong>aliqui-</strong></span> 
     </span>
     <span class='ocr_line' id='line_1_4' title="bbox 3 529 1648 588; baseline -0.002 -11"><span class='ocrx_word' id='word_1_24' title='bbox 3 529 22 569; x_wconf 48' lang='grc' dir='ltr'><strong>*ἶ</strong></span> <span class='ocrx_word' id='word_1_25' title='bbox 74 532 173 577; x_wconf 63' lang='lat' dir='ltr'><strong>bus:</strong></span> <span class='ocrx_word' id='word_1_26' title='bbox 222 531 362 577; x_wconf 72' lang='lat' dir='ltr'><strong>Sinite</strong></span> <span class='ocrx_word' id='word_1_27' title='bbox 390 530 530 588; x_wconf 75' lang='lat' dir='ltr'><strong>inquit</strong></span> <span class='ocrx_word' id='word_1_28' title='bbox 562 531 752 588; x_wconf 77' lang='lat' dir='ltr'><strong>fratres,</strong></span> <span class='ocrx_word' id='word_1_29' title='bbox 793 533 917 575; x_wconf 73' lang='lat' dir='ltr'><strong>sinite</strong></span> <span class='ocrx_word' id='word_1_30' title='bbox 925 547 938 582; x_wconf 94' lang='lat'><strong>,·</strong></span> <span class='ocrx_word' id='word_1_31' title='bbox 969 546 1035 573; x_wconf 76' lang='lat' dir='ltr'><strong>res</strong></span> <span class='ocrx_word' id='word_1_32' title='bbox 1067 532 1275 588; x_wconf 74' lang='lat' dir='ltr'><strong>episcopii</strong></span> <span class='ocrx_word' id='word_1_33' title='bbox 1303 531 1521 574; x_wconf 71' lang='lat' dir='ltr'><strong>elemosine</strong></span> <span class='ocrx_word' id='word_1_34' title='bbox 1552 540 1648 573; x_wconf 77' lang='lat' dir='ltr'><strong>sunt</strong></span> 
     </span>
     <span class='ocr_line' id='line_1_5' title="bbox 7 609 1321 667; baseline -0.004 -12"><span class='ocrx_word' id='word_1_35' title='bbox 7 615 21 665; x_wconf 50' lang='lat' dir='ltr'>g</span> <span class='ocrx_word' id='word_1_36' title='bbox 65 610 282 667; x_wconf 75' lang='lat' dir='ltr'><strong>fidelium3</strong></span> <span class='ocrx_word' id='word_1_37' title='bbox 312 611 434 654; x_wconf 67' lang='lat' dir='ltr'><strong>vania</strong></span> <span class='ocrx_word' id='word_1_38' title='bbox 464 609 608 653; x_wconf 67' lang='lat' dir='ltr'><strong>usibus</strong></span> <span class='ocrx_word' id='word_1_39' title='bbox 640 625 710 652; x_wconf 78' lang='lat' dir='ltr'><strong>eas</strong></span> <span class='ocrx_word' id='word_1_40' title='bbox 739 611 971 667; x_wconf 74' lang='lat' dir='ltr'><strong>profliqare</strong></span> <span class='ocrx_word' id='word_1_41' title='bbox 1000 623 1086 652; x_wconf 73' lang='lat' dir='ltr'><strong>non</strong></span> <span class='ocrx_word' id='word_1_42' title='bbox 1118 610 1321 652; x_wconf 74' lang='lat' dir='ltr'><strong>debemus.</strong></span> 
     </span>
     <span class='ocr_line' id='line_1_6' title="bbox 15 679 1646 746; baseline -0.002 -15"><span class='ocrx_word' id='word_1_43' title='bbox 15 679 31 746; x_wconf 35' lang='lat' dir='ltr'>J</span> <span class='ocrx_word' id='word_1_44' title='bbox 193 687 266 731; x_wconf 77' lang='lat'><strong>28.</strong></span> <span class='ocrx_word' id='word_1_45' title='bbox 313 685 403 731; x_wconf 88' lang='lat' dir='ltr'><strong>Hcc</strong></span> <span class='ocrx_word' id='word_1_46' title='bbox 433 686 478 744; x_wconf 88' lang='lat' dir='ltr'><strong>in</strong></span> <span class='ocrx_word' id='word_1_47' title='bbox 510 687 665 731; x_wconf 89' lang='lat' dir='ltr'><strong>vestitu</strong></span> <span class='ocrx_word' id='word_1_48' title='bbox 697 687 734 730; x_wconf 91' lang='lat' dir='ltr'><strong>ei</strong></span> <span class='ocrx_word' id='word_1_49' title='bbox 765 686 987 742; x_wconf 83' lang='lat' dir='ltr'><strong>frugalitas</strong></span> <span class='ocrx_word' id='word_1_50' title='bbox 1018 685 1118 740; x_wconf 84' lang='lat' dir='ltr'><strong>fuit3</strong></span> <span class='ocrx_word' id='word_1_51' title='bbox 1152 689 1196 729; x_wconf 87' lang='lat' dir='ltr'><strong>at</strong></span> <span class='ocrx_word' id='word_1_52' title='bbox 1226 686 1270 729; x_wconf 88' lang='lat' dir='ltr'><strong>in</strong></span> <span class='ocrx_word' id='word_1_53' title='bbox 1292 685 1406 728; x_wconf 89' lang='lat' dir='ltr'><strong>victu</strong></span> <span class='ocrx_word' id='word_1_54' title='bbox 1439 684 1646 740; x_wconf 92' lang='lat' dir='ltr'><strong>quomodo</strong></span> 
     </span>
     <span class='ocr_line' id='line_1_7' title="bbox 0 752 1649 829; baseline -0.002 -21"><span class='ocrx_word' id='word_1_55' title='bbox 0 796 15 829; x_wconf 52' lang='lat' dir='ltr'><strong>J,</strong></span> <span class='ocrx_word' id='word_1_56' title='bbox 75 771 121 809; x_wconf 77' lang='lat' dir='ltr'><strong>se</strong></span> <span class='ocrx_word' id='word_1_57' title='bbox 149 763 438 819; x_wconf 75' lang='lat' dir='ltr'><strong>restrinxerit,</strong></span> <span class='ocrx_word' id='word_1_58' title='bbox 471 764 548 808; x_wconf 68' lang='lat' dir='ltr'><strong>vix</strong></span> <span class='ocrx_word' id='word_1_59' title='bbox 589 752 664 808; x_wconf 88' lang='lat' dir='ltr'><strong>ulli</strong></span> <span class='ocrx_word' id='word_1_60' title='bbox 696 764 895 808; x_wconf 82' lang='lat' dir='ltr'>credibile</span> <span class='ocrx_word' id='word_1_61' title='bbox 927 763 1149 807; x_wconf 89' lang='lat' dir='ltr'><strong>videbitur.</strong></span> <span class='ocrx_word' id='word_1_62' title='bbox 1207 763 1316 806; x_wconf 90' lang='lat' dir='ltr'><strong>Nam</strong></span> <span class='ocrx_word' id='word_1_63' title='bbox 1349 762 1507 806; x_wconf 84' lang='lat' dir='ltr'><strong>dixisse</strong></span> <span class='ocrx_word' id='word_1_64' title='bbox 1538 761 1649 805; x_wconf 92' lang='lat' dir='ltr'><strong>hunc</strong></span> 
     </span>
     <span class='ocr_line' id='line_1_8' title="bbox 74 840 1648 900; baseline -0.002 -13.166"><span class='ocrx_word' id='word_1_65' title='bbox 74 855 152 900; x_wconf 86' lang='lat' dir='ltr'><strong>pro</strong></span> <span class='ocrx_word' id='word_1_66' title='bbox 173 845 288 887; x_wconf 85' lang='lat' dir='ltr'><strong>certo</strong></span> <span class='ocrx_word' id='word_1_67' title='bbox 309 841 562 899; x_wconf 86' lang='lat' dir='ltr'><strong>accepimus,</strong></span> <span class='ocrx_word' id='word_1_68' title='bbox 595 855 808 897; x_wconf 89' lang='lat' dir='ltr'><strong>nunquam</strong></span> <span class='ocrx_word' id='word_1_69' title='bbox 839 855 883 885; x_wconf 89' lang='lat' dir='ltr'><strong>se</strong></span> <span class='ocrx_word' id='word_1_70' title='bbox 906 841 958 884; x_wconf 91' lang='lat' dir='ltr'><strong>ad</strong></span> <span class='ocrx_word' id='word_1_71' title='bbox 981 842 1223 885; x_wconf 86' lang='lat' dir='ltr'><strong>sacietatem</strong></span> <span class='ocrx_word' id='word_1_72' title='bbox 1246 854 1400 898; x_wconf 87' lang='lat' dir='ltr'><strong>panem</strong></span> <span class='ocrx_word' id='word_1_73' title='bbox 1420 841 1465 883; x_wconf 90' lang='lat' dir='ltr'><strong>in</strong></span> <span class='ocrx_word' id='word_1_74' title='bbox 1487 840 1648 897; x_wconf 88' lang='lat' dir='ltr'><strong>episco-</strong></span> 
     </span>
     <span class='ocr_line' id='line_1_9' title="bbox 74 918 1648 978; baseline -0.002 -14"><span class='ocrx_word' id='word_1_75' title='bbox 74 923 179 978; x_wconf 75' lang='lat' dir='ltr'><strong>patu</strong></span> <span class='ocrx_word' id='word_1_76' title='bbox 209 919 456 964; x_wconf 86' lang='lat' dir='ltr'><strong>comedisse.</strong></span> <span class='ocrx_word' id='word_1_77' title='bbox 505 918 682 977; x_wconf 86' lang='lat' dir='ltr'>Semper</span> <span class='ocrx_word' id='word_1_78' title='bbox 712 921 824 964; x_wconf 90' lang='lat' dir='ltr'><strong>enim</strong></span> <span class='ocrx_word' id='word_1_79' title='bbox 857 919 1022 963; x_wconf 88' lang='lat' dir='ltr'><strong>sobrius</strong></span> <span class='ocrx_word' id='word_1_80' title='bbox 1054 932 1102 963; x_wconf 91' lang='lat' dir='ltr'><strong>ac</strong></span> <span class='ocrx_word' id='word_1_81' title='bbox 1135 933 1240 976; x_wconf 91' lang='lat' dir='ltr'><strong>pene</strong></span> <span class='ocrx_word' id='word_1_82' title='bbox 1270 919 1435 963; x_wconf 89' lang='lat' dir='ltr'><strong>ieiunus</strong></span> <span class='ocrx_word' id='word_1_83' title='bbox 1464 918 1515 962; x_wconf 89' lang='lat' dir='ltr'><strong>de</strong></span> <span class='ocrx_word' id='word_1_84' title='bbox 1545 931 1648 961; x_wconf 88' lang='lat' dir='ltr'><strong>cena</strong></span> 
     </span>
     <span class='ocr_line' id='line_1_10' title="bbox 75 996 1647 1055; baseline -0.003 -12"><span class='ocrx_word' id='word_1_85' title='bbox 75 997 143 1043; x_wconf 77' lang='lat' dir='ltr'><strong>vel</strong></span> <span class='ocrx_word' id='word_1_86' title='bbox 163 997 343 1055; x_wconf 85' lang='lat' dir='ltr'><strong>prandio</strong></span> <span class='ocrx_word' id='word_1_87' title='bbox 364 997 570 1052; x_wconf 84' lang='lat' dir='ltr'><strong>surrexit3</strong></span> <span class='ocrx_word' id='word_1_88' title='bbox 601 999 796 1055; x_wconf 84' lang='lat' dir='ltr'><strong>apposita</strong></span> <span class='ocrx_word' id='word_1_89' title='bbox 817 999 958 1042; x_wconf 89' lang='lat' dir='ltr'><strong>omnia</strong></span> <span class='ocrx_word' id='word_1_90' title='bbox 979 997 1158 1041; x_wconf 87' lang='lat' dir='ltr'><strong>infirmis</strong></span> <span class='ocrx_word' id='word_1_91' title='bbox 1179 996 1436 1054; x_wconf 87' lang='lat' dir='ltr'><strong>pauperibus</strong></span> <span class='ocrx_word' id='word_1_92' title='bbox 1459 1009 1507 1039; x_wconf 92' lang='lat' dir='ltr'><strong>ac</strong></span> <span class='ocrx_word' id='word_1_93' title='bbox 1529 1009 1647 1040; x_wconf 88' lang='lat' dir='ltr'><strong>men-</strong></span> 
     </span>
     <span class='ocr_line' id='line_1_11' title="bbox 76 1071 1649 1133; baseline -0.001 -14"><span class='ocrx_word' id='word_1_94' title='bbox 76 1075 182 1120; x_wconf 81' lang='lat' dir='ltr'><strong>dicis</strong></span> <span class='ocrx_word' id='word_1_95' title='bbox 211 1071 457 1133; x_wconf 79' lang='lat' dir='ltr'><strong>inpertienS.</strong></span> <span class='ocrx_word' id='word_1_96' title='bbox 577 1075 765 1127; x_wconf 88' lang='lat' dir='ltr'><strong>Quodam</strong></span> <span class='ocrx_word' id='word_1_97' title='bbox 799 1077 947 1120; x_wconf 90' lang='lat' dir='ltr'><strong>ieiunii</strong></span> <span class='ocrx_word' id='word_1_98' title='bbox 978 1079 1168 1133; x_wconf 88' lang='lat' dir='ltr'><strong>tempore</strong></span> <span class='ocrx_word' id='word_1_99' title='bbox 1199 1075 1334 1119; x_wconf 85' lang='lat' dir='ltr'><strong>multa</strong></span> <span class='ocrx_word' id='word_1_100' title='bbox 1365 1074 1542 1132; x_wconf 81' lang='lat' dir='ltr'><strong>piscium</strong></span> <span class='ocrx_word' id='word_1_101' title='bbox 1576 1087 1649 1131; x_wconf 91' lang='lat' dir='ltr'><strong>pe-</strong></span> 
     </span>
     <span class='ocr_line' id='line_1_12' title="bbox 18 1143 1648 1211; baseline -0.002 -13"><span class='ocrx_word' id='word_1_102' title='bbox 18 1143 21 1147; x_wconf 26' lang='lat'><em>*</em></span> <span class='ocrx_word' id='word_1_103' title='bbox 74 1153 200 1198; x_wconf 84' lang='lat' dir='ltr'><strong>nuria</strong></span> <span class='ocrx_word' id='word_1_104' title='bbox 227 1153 321 1198; x_wconf 82' lang='lat' dir='ltr'><strong>fuit.</strong></span> <span class='ocrx_word' id='word_1_105' title='bbox 370 1153 453 1198; x_wconf 91' lang='lat' dir='ltr'><strong>Sed</strong></span> <span class='ocrx_word' id='word_1_106' title='bbox 476 1153 645 1210; x_wconf 87' lang='lat' dir='ltr'><strong>quidam</strong></span> <span class='ocrx_word' id='word_1_107' title='bbox 669 1158 916 1211; x_wconf 87' lang='lat' dir='ltr'><strong>procurator</strong></span> <span class='ocrx_word' id='word_1_108' title='bbox 937 1154 1026 1198; x_wconf 91' lang='lat' dir='ltr'><strong>eius</strong></span> <span class='ocrx_word' id='word_1_109' title='bbox 1047 1153 1202 1197; x_wconf 90' lang='lat' dir='ltr'><strong>lucium</strong></span> <span class='ocrx_word' id='word_1_110' title='bbox 1227 1167 1356 1210; x_wconf 89' lang='lat' dir='ltr'><strong>parve</strong></span> <span class='ocrx_word' id='word_1_111' title='bbox 1386 1152 1648 1209; x_wconf 82' lang='lat' dir='ltr'><strong>quantitatis,</strong></span> 
     </span>
     <span class='ocr_line' id='line_1_13' title="bbox 75 1230 1650 1290; baseline -0.003 -13"><span class='ocrx_word' id='word_1_112' title='bbox 75 1234 264 1290; x_wconf 82' lang='lat' dir='ltr'><strong>emptum</strong></span> <span class='ocrx_word' id='word_1_113' title='bbox 287 1231 448 1276; x_wconf 85' lang='lat' dir='ltr'><strong>duobus</strong></span> <span class='ocrx_word' id='word_1_114' title='bbox 469 1231 629 1288; x_wconf 83' lang='lat' dir='ltr'><strong>solidis,</strong></span> <span class='ocrx_word' id='word_1_115' title='bbox 656 1232 878 1289; x_wconf 85' lang='lat' dir='ltr'><strong>prandenti</strong></span> <span class='ocrx_word' id='word_1_116' title='bbox 904 1232 1067 1288; x_wconf 85' lang='lat' dir='ltr'><strong>adtulit,</strong></span> <span class='ocrx_word' id='word_1_117' title='bbox 1091 1232 1196 1276; x_wconf 90' lang='lat' dir='ltr'><strong>bene</strong></span> <span class='ocrx_word' id='word_1_118' title='bbox 1220 1235 1438 1289; x_wconf 82' lang='lat' dir='ltr'><strong>paratum3</strong></span> <span class='ocrx_word' id='word_1_119' title='bbox 1461 1230 1650 1274; x_wconf 89' lang='lat' dir='ltr'><strong>modeste</strong></span> 
     </span>
     <span class='ocr_line' id='line_1_14' title="bbox 77 1309 1649 1366; baseline -0.003 -11"><span class='ocrx_word' id='word_1_120' title='bbox 77 1310 314 1366; x_wconf 70' lang='lat' dir='ltr'><strong>obsecrans,</strong></span> <span class='ocrx_word' id='word_1_121' title='bbox 347 1312 395 1353; x_wconf 90' lang='lat' dir='ltr'><strong>ut</strong></span> <span class='ocrx_word' id='word_1_122' title='bbox 425 1323 470 1354; x_wconf 88' lang='lat' dir='ltr'><strong>se</strong></span> <span class='ocrx_word' id='word_1_123' title='bbox 503 1309 674 1354; x_wconf 90' lang='lat' dir='ltr'><strong>uberius</strong></span> <span class='ocrx_word' id='word_1_124' title='bbox 705 1309 895 1354; x_wconf 83' lang='lat' dir='ltr'><strong>reficeret</strong></span> <span class='ocrx_word' id='word_1_125' title='bbox 916 1310 981 1354; x_wconf 91' lang='lat' dir='ltr'><strong>vel</strong></span> <span class='ocrx_word' id='word_1_126' title='bbox 1013 1310 1120 1366; x_wconf 88' lang='lat' dir='ltr'><strong>cibo,</strong></span> <span class='ocrx_word' id='word_1_127' title='bbox 1155 1310 1226 1366; x_wconf 89' lang='lat' dir='ltr'><strong>qui</strong></span> <span class='ocrx_word' id='word_1_128' title='bbox 1254 1313 1342 1353; x_wconf 88' lang='lat' dir='ltr'><strong>tam</strong></span> <span class='ocrx_word' id='word_1_129' title='bbox 1364 1322 1518 1364; x_wconf 86' lang='lat' dir='ltr'><strong>magno</strong></span> <span class='ocrx_word' id='word_1_130' title='bbox 1551 1322 1649 1351; x_wconf 89' lang='lat' dir='ltr'><strong>con-</strong></span> 
     </span>
     <span class='ocr_line' id='line_1_15' title="bbox 77 1386 1651 1445; baseline -0.003 -12"><span class='ocrx_word' id='word_1_131' title='bbox 77 1387 228 1433; x_wconf 83' lang='lat' dir='ltr'><strong>stabat.</strong></span> <span class='ocrx_word' id='word_1_132' title='bbox 291 1386 369 1431; x_wconf 88' lang='lat' dir='ltr'><strong>Cui</strong></span> <span class='ocrx_word' id='word_1_133' title='bbox 391 1387 636 1445; x_wconf 87' lang='lat' dir='ltr'><strong>episcopus:</strong></span> <span class='ocrx_word' id='word_1_134' title='bbox 662 1388 857 1443; x_wconf 73' lang='lat' dir='ltr'><strong>Quanto?</strong></span> <span class='ocrx_word' id='word_1_135' title='bbox 878 1388 1027 1444; x_wconf 89' lang='lat' dir='ltr'><strong>inquit.</strong></span> <span class='ocrx_word' id='word_1_136' title='bbox 1090 1387 1365 1431; x_wconf 80' lang='lat' dir='ltr'><strong>Procurator:</strong></span> <span class='ocrx_word' id='word_1_137' title='bbox 1388 1387 1568 1430; x_wconf 72' lang='lat' dir='ltr'><strong>Duobus</strong></span> <span class='ocrx_word' id='word_1_138' title='bbox 1589 1386 1651 1430; x_wconf 86' lang='lat' dir='ltr'><strong>ait</strong></span> 
     </span>
     <span class='ocr_line' id='line_1_16' title="bbox 77 1455 1727 1523; baseline -0.002 -13"><span class='ocrx_word' id='word_1_139' title='bbox 77 1455 238 1511; x_wconf 67' lang='lat' dir='ltr'><strong>solidis.</strong></span> <span class='ocrx_word' id='word_1_140' title='bbox 283 1465 342 1509; x_wconf 83' lang='lat' dir='ltr'><strong>Et</strong></span> <span class='ocrx_word' id='word_1_141' title='bbox 372 1466 614 1523; x_wconf 83' lang='lat' dir='ltr'><strong>episcopus:</strong></span> <span class='ocrx_word' id='word_1_142' title='bbox 648 1466 786 1520; x_wconf 73' lang='lat' dir='ltr'><strong>Absit,</strong></span> <span class='ocrx_word' id='word_1_143' title='bbox 819 1476 866 1510; x_wconf 75' lang='lat' dir='ltr'><strong>ut</strong></span> <span class='ocrx_word' id='word_1_144' title='bbox 886 1469 1012 1510; x_wconf 74' lang='lat' dir='ltr'><strong>miser</strong></span> <span class='ocrx_word' id='word_1_145' title='bbox 1037 1467 1131 1510; x_wconf 75' lang='lat' dir='ltr'><strong>Otto</strong></span> <span class='ocrx_word' id='word_1_146' title='bbox 1161 1467 1274 1509; x_wconf 73' lang='lat' dir='ltr'><strong>solus</strong></span> <span class='ocrx_word' id='word_1_147' title='bbox 1296 1467 1419 1508; x_wconf 74' lang='lat' dir='ltr'><strong>hodie</strong></span> <span class='ocrx_word' id='word_1_148' title='bbox 1440 1474 1500 1508; x_wconf 73' lang='lat' dir='ltr'><strong>tot</strong></span> <span class='ocrx_word' id='word_1_149' title='bbox 1519 1466 1648 1508; x_wconf 82' lang='lat' dir='ltr'><strong>dena·</strong></span> <span class='ocrx_word' id='word_1_150' title='bbox 1723 1471 1727 1475; x_wconf 89' lang='lat'>&#39;</span> 
     </span>
     <span class='ocr_line' id='line_1_17' title="bbox 76 1542 1649 1601; baseline -0.003 -12"><span class='ocrx_word' id='word_1_151' title='bbox 76 1547 165 1589; x_wconf 75' lang='lat' dir='ltr'><strong>rios</strong></span> <span class='ocrx_word' id='word_1_152' title='bbox 195 1545 399 1588; x_wconf 71' lang='lat' dir='ltr'><strong>absumat.</strong></span> <span class='ocrx_word' id='word_1_153' title='bbox 446 1542 695 1600; x_wconf 87' lang='lat' dir='ltr'><strong>Levansque</strong></span> <span class='ocrx_word' id='word_1_154' title='bbox 728 1544 910 1588; x_wconf 87' lang='lat' dir='ltr'><strong>discum:</strong></span> <span class='ocrx_word' id='word_1_155' title='bbox 943 1545 1079 1601; x_wconf 62' lang='lat' dir='ltr'><strong>Defer</strong></span> <span class='ocrx_word' id='word_1_156' title='bbox 1110 1544 1172 1587; x_wconf 86' lang='lat' dir='ltr'><strong>ait</strong></span> <span class='ocrx_word' id='word_1_157' title='bbox 1202 1545 1312 1587; x_wconf 74' lang='lat' dir='ltr'><strong>hunc</strong></span> <span class='ocrx_word' id='word_1_158' title='bbox 1326 1545 1568 1601; x_wconf 77' lang='lat' dir='ltr'><strong>preciosum</strong></span> <span class='ocrx_word' id='word_1_159' title='bbox 1590 1545 1649 1585; x_wconf 78' lang='lat' dir='ltr'><strong>ci-</strong></span> 
     </span>
     <span class='ocr_line' id='line_1_18' title="bbox 78 1621 1648 1680; baseline -0.003 -12"><span class='ocrx_word' id='word_1_160' title='bbox 78 1625 175 1668; x_wconf 82' lang='lat' dir='ltr'><strong>bum</strong></span> <span class='ocrx_word' id='word_1_161' title='bbox 195 1621 359 1667; x_wconf 71' lang='lat' dir='ltr'><strong>Christo</strong></span> <span class='ocrx_word' id='word_1_162' title='bbox 390 1637 495 1676; x_wconf 85' lang='lat' dir='ltr'><strong>meo,</strong></span> <span class='ocrx_word' id='word_1_163' title='bbox 529 1625 606 1679; x_wconf 82' lang='lat' dir='ltr'><strong>qui</strong></span> <span class='ocrx_word' id='word_1_164' title='bbox 632 1623 763 1666; x_wconf 71' lang='lat' dir='ltr'><strong>‘michi</strong></span> <span class='ocrx_word' id='word_1_165' title='bbox 789 1638 853 1665; x_wconf 84' lang='lat' dir='ltr'><strong>me</strong></span> <span class='ocrx_word' id='word_1_166' title='bbox 872 1625 966 1680; x_wconf 75' lang='lat' dir='ltr'><strong>ipso</strong></span> <span class='ocrx_word' id='word_1_167' title='bbox 984 1624 1222 1680; x_wconf 77' lang='lat' dir='ltr'><strong>preciosior</strong></span> <span class='ocrx_word' id='word_1_168' title='bbox 1242 1637 1327 1664; x_wconf 73' lang='lat' dir='ltr'><strong>esse</strong></span> <span class='ocrx_word' id='word_1_169' title='bbox 1348 1622 1486 1671; x_wconf 47' lang='lat' dir='ltr'><strong>debe&amp;</strong></span> <span class='ocrx_word' id='word_1_170' title='bbox 1518 1621 1648 1677; x_wconf 77' lang='lat' dir='ltr'><strong>defer,</strong></span> 
     </span>
    </p>
   </div>
   <div class='ocr_carea' id='block_1_3' title="bbox 0 0 44 527">
    <p class='ocr_par' dir='ltr' id='par_1_3' title="bbox 0 0 44 527">
     <span class='ocr_line' id='line_1_19' title="bbox 0 0 44 527; baseline 0 2911"><span class='ocrx_word' id='word_1_171' title='bbox 0 0 44 527; x_wconf 95' lang='lat' dir='ltr'><strong> </strong></span> 
     </span>
    </p>
   </div>
   <div class='ocr_carea' id='block_1_4' title="bbox 77 1699 1878 3079">
    <p class='ocr_par' dir='ltr' id='par_1_4' title="bbox 77 1699 1652 1900">
     <span class='ocr_line' id='line_1_20' title="bbox 77 1699 1651 1759; baseline -0.003 -14"><span class='ocrx_word' id='word_1_172' title='bbox 77 1703 274 1759; x_wconf 77' lang='lat' dir='ltr'><strong>inquam,</strong></span> <span class='ocrx_word' id='word_1_173' title='bbox 308 1703 369 1754; x_wconf 83' lang='lat' dir='ltr'><strong>ci,</strong></span> <span class='ocrx_word' id='word_1_174' title='bbox 402 1700 540 1743; x_wconf 70' lang='lat' dir='ltr'><strong>sicubi</strong></span> <span class='ocrx_word' id='word_1_175' title='bbox 568 1709 732 1757; x_wconf 70' lang='lat' dir='ltr'><strong>cyrotus</strong></span> <span class='ocrx_word' id='word_1_176' title='bbox 763 1703 810 1743; x_wconf 78' lang='lat' dir='ltr'><strong>in</strong></span> <span class='ocrx_word' id='word_1_177' title='bbox 842 1701 942 1743; x_wconf 79' lang='lat' dir='ltr'><strong>lecto</strong></span> <span class='ocrx_word' id='word_1_178' title='bbox 973 1703 1082 1743; x_wconf 76' lang='lat' dir='ltr'><strong>iacet</strong></span> <span class='ocrx_word' id='word_1_179' title='bbox 1112 1701 1177 1742; x_wconf 82' lang='lat' dir='ltr'><strong>vel</strong></span> <span class='ocrx_word' id='word_1_180' title='bbox 1202 1699 1490 1757; x_wconf 53' lang='lat' dir='ltr'><strong>paralyticus(</strong></span> <span class='ocrx_word' id='word_1_181' title='bbox 1533 1699 1651 1741; x_wconf 85' lang='lat' dir='ltr'><strong>Nam</strong></span> 
     </span>
     <span class='ocr_line' id='line_1_21' title="bbox 79 1776 1652 1837; baseline -0.003 -14"><span class='ocrx_word' id='word_1_182' title='bbox 79 1794 153 1837; x_wconf 70' lang='lat' dir='ltr'><strong>eqo</strong></span> <span class='ocrx_word' id='word_1_183' title='bbox 182 1779 378 1823; x_wconf 74' lang='lat' dir='ltr'><strong>robustus</strong></span> <span class='ocrx_word' id='word_1_184' title='bbox 408 1779 485 1822; x_wconf 74' lang='lat' dir='ltr'><strong>hoc</strong></span> <span class='ocrx_word' id='word_1_185' title='bbox 507 1793 572 1820; x_wconf 86' lang='lat' dir='ltr'><strong>me</strong></span> <span class='ocrx_word' id='word_1_186' title='bbox 589 1794 704 1835; x_wconf 76' lang='lat' dir='ltr'><strong>pane</strong></span> <span class='ocrx_word' id='word_1_187' title='bbox 725 1779 921 1833; x_wconf 75' lang='lat' dir='ltr'><strong>reficiam.</strong></span> <span class='ocrx_word' id='word_1_188' title='bbox 1047 1776 1118 1820; x_wconf 88' lang='lat' dir='ltr'><strong>Sic</strong></span> <span class='ocrx_word' id='word_1_189' title='bbox 1148 1776 1220 1820; x_wconf 90' lang='lat' dir='ltr'><strong>ille</strong></span> <span class='ocrx_word' id='word_1_190' title='bbox 1251 1777 1295 1819; x_wconf 88' lang='lat' dir='ltr'><strong>in</strong></span> <span class='ocrx_word' id='word_1_191' title='bbox 1327 1776 1544 1832; x_wconf 89' lang='lat' dir='ltr'><strong>opulentia</strong></span> <span class='ocrx_word' id='word_1_192' title='bbox 1575 1789 1652 1819; x_wconf 87' lang='lat' dir='ltr'><strong>sua</strong></span> 
     </span>
     <span class='ocr_line' id='line_1_22' title="bbox 77 1854 479 1900; baseline -0.005 0"><span class='ocrx_word' id='word_1_193' title='bbox 77 1854 240 1900; x_wconf 84' lang='lat' dir='ltr'><strong>deliciis</strong></span> <span class='ocrx_word' id='word_1_194' title='bbox 269 1854 479 1900; x_wconf 86' lang='lat' dir='ltr'><strong>affluebat.</strong></span> 
     </span>
    </p>

    <p class='ocr_par' dir='ltr' id='par_1_5' title="bbox 78 1927 1652 2299">
     <span class='ocr_line' id='line_1_23' title="bbox 199 1927 1648 1988; baseline -0.003 -10"><span class='ocrx_word' id='word_1_195' title='bbox 199 1934 269 1978; x_wconf 82' lang='lat'><strong>29.</strong></span> <span class='ocrx_word' id='word_1_196' title='bbox 316 1932 515 1979; x_wconf 87' lang='lat' dir='ltr'><strong>Preterea</strong></span> <span class='ocrx_word' id='word_1_197' title='bbox 543 1933 587 1976; x_wconf 90' lang='lat' dir='ltr'><strong>in</strong></span> <span class='ocrx_word' id='word_1_198' title='bbox 608 1927 910 1977; x_wconf 82' lang='lat' dir='ltr'><strong>consuetudine</strong></span> <span class='ocrx_word' id='word_1_199' title='bbox 930 1933 1091 1988; x_wconf 85' lang='lat' dir='ltr'><strong>habuit,</strong></span> <span class='ocrx_word' id='word_1_200' title='bbox 1125 1946 1149 1976; x_wconf 90' lang='lat' dir='ltr'><strong>a</strong></span> <span class='ocrx_word' id='word_1_201' title='bbox 1168 1931 1364 1976; x_wconf 88' lang='lat' dir='ltr'><strong>manibus</strong></span> <span class='ocrx_word' id='word_1_202' title='bbox 1387 1931 1648 1974; x_wconf 85' lang='lat' dir='ltr'><strong>sacerdotum</strong></span> 
     </span>
     <span class='ocr_line' id='line_1_24' title="bbox 78 2010 1652 2069; baseline -0.003 -13"><span class='ocrx_word' id='word_1_203' title='bbox 78 2012 123 2056; x_wconf 90' lang='lat' dir='ltr'><strong>in</strong></span> <span class='ocrx_word' id='word_1_204' title='bbox 154 2011 343 2056; x_wconf 82' lang='lat' dir='ltr'><strong>conclavi</strong></span> <span class='ocrx_word' id='word_1_205' title='bbox 374 2010 614 2069; x_wconf 85' lang='lat' dir='ltr'><strong>corporales</strong></span> <span class='ocrx_word' id='word_1_206' title='bbox 647 2010 837 2067; x_wconf 88' lang='lat' dir='ltr'><strong>accipere</strong></span> <span class='ocrx_word' id='word_1_207' title='bbox 869 2010 1135 2069; x_wconf 84' lang='lat' dir='ltr'><strong>disciplinas,</strong></span> <span class='ocrx_word' id='word_1_208' title='bbox 1173 2024 1273 2054; x_wconf 88' lang='lat' dir='ltr'><strong>sane</strong></span> <span class='ocrx_word' id='word_1_209' title='bbox 1306 2010 1408 2053; x_wconf 86' lang='lat' dir='ltr'><strong>adeo</strong></span> <span class='ocrx_word' id='word_1_210' title='bbox 1441 2022 1572 2064; x_wconf 80' lang='lat' dir='ltr'><strong>acres,</strong></span> <span class='ocrx_word' id='word_1_211' title='bbox 1606 2012 1652 2051; x_wconf 91' lang='lat' dir='ltr'><strong>ut</strong></span> 
     </span>
     <span class='ocr_line' id='line_1_25' title="bbox 79 2086 1651 2146; baseline -0.003 -12"><span class='ocrx_word' id='word_1_212' title='bbox 79 2103 204 2135; x_wconf 86' lang='lat' dir='ltr'><strong>cruor</strong></span> <span class='ocrx_word' id='word_1_213' title='bbox 234 2089 459 2146; x_wconf 85' lang='lat' dir='ltr'><strong>aliquando</strong></span> <span class='ocrx_word' id='word_1_214' title='bbox 490 2089 626 2132; x_wconf 87' lang='lat' dir='ltr'><strong>latera</strong></span> <span class='ocrx_word' id='word_1_215' title='bbox 657 2089 745 2132; x_wconf 89' lang='lat' dir='ltr'><strong>eius</strong></span> <span class='ocrx_word' id='word_1_216' title='bbox 777 2088 971 2143; x_wconf 89' lang='lat' dir='ltr'><strong>tingeret.</strong></span> <span class='ocrx_word' id='word_1_217' title='bbox 1020 2089 1115 2146; x_wconf 89' lang='lat' dir='ltr'><strong>Ipse</strong></span> <span class='ocrx_word' id='word_1_218' title='bbox 1137 2102 1303 2145; x_wconf 90' lang='lat' dir='ltr'><strong>quoque</strong></span> <span class='ocrx_word' id='word_1_219' title='bbox 1330 2090 1450 2144; x_wconf 84' lang='lat' dir='ltr'><strong>pater</strong></span> <span class='ocrx_word' id='word_1_220' title='bbox 1471 2086 1651 2141; x_wconf 88' lang='lat' dir='ltr'><strong>celestis,</strong></span> 
     </span>
     <span class='ocr_line' id='line_1_26' title="bbox 79 2163 1652 2225; baseline -0.003 -13"><span class='ocrx_word' id='word_1_221' title='bbox 79 2167 153 2225; x_wconf 89' lang='lat' dir='ltr'><strong>qui</strong></span> <span class='ocrx_word' id='word_1_222' title='bbox 173 2168 252 2212; x_wconf 80' lang='lat' dir='ltr'><strong>ait:</strong></span> <span class='ocrx_word' id='word_1_223' title='bbox 284 2168 394 2225; x_wconf 74' lang='lat' dir='ltr'><strong>Eyo,</strong></span> <span class='ocrx_word' id='word_1_224' title='bbox 425 2182 529 2225; x_wconf 78' lang='lat' dir='ltr'><strong>quos</strong></span> <span class='ocrx_word' id='word_1_225' title='bbox 553 2182 662 2220; x_wconf 83' lang='lat' dir='ltr'><strong>amo,</strong></span> <span class='ocrx_word' id='word_1_226' title='bbox 694 2182 827 2223; x_wconf 75' lang='lat' dir='ltr'><strong>aryuo</strong></span> <span class='ocrx_word' id='word_1_227' title='bbox 860 2176 896 2210; x_wconf 74' lang='lat' dir='ltr'><strong>et</strong></span> <span class='ocrx_word' id='word_1_228' title='bbox 919 2163 1114 2224; x_wconf 59' lang='grc' dir='ltr'><strong>οαεῠὶῃοι,</strong></span> <span class='ocrx_word' id='word_1_229' title='bbox 1148 2180 1222 2209; x_wconf 92' lang='lat' dir='ltr'><strong>suo</strong></span> <span class='ocrx_word' id='word_1_230' title='bbox 1245 2165 1456 2208; x_wconf 88' lang='lat' dir='ltr'><strong>interdum</strong></span> <span class='ocrx_word' id='word_1_231' title='bbox 1478 2164 1652 2208; x_wconf 89' lang='lat' dir='ltr'><strong>verbere</strong></span> 
     </span>
     <span class='ocr_line' id='line_1_27' title="bbox 80 2243 813 2299; baseline -0.004 -9"><span class='ocrx_word' id='word_1_232' title='bbox 80 2245 134 2290; x_wconf 86' lang='lat' dir='ltr'><strong>ad</strong></span> <span class='ocrx_word' id='word_1_233' title='bbox 164 2245 441 2290; x_wconf 83' lang='lat' dir='ltr'><strong>eruditionem</strong></span> <span class='ocrx_word' id='word_1_234' title='bbox 475 2259 568 2288; x_wconf 92' lang='lat' dir='ltr'><strong>eum</strong></span> <span class='ocrx_word' id='word_1_235' title='bbox 601 2243 813 2299; x_wconf 82' lang='lat' dir='ltr'><strong>tangebat.</strong></span> 
     </span>
    </p>

    <p class='ocr_par' dir='ltr' id='par_1_6' title="bbox 79 2320 1878 3003">
     <span class='ocr_line' id='line_1_28' title="bbox 200 2320 1878 2377; baseline -0.004 -10"><span class='ocrx_word' id='word_1_236' title='bbox 200 2325 272 2367; x_wconf 87' lang='lat'><strong>30.</strong></span> <span class='ocrx_word' id='word_1_237' title='bbox 309 2323 503 2367; x_wconf 87' lang='lat' dir='ltr'><strong>Referam</strong></span> <span class='ocrx_word' id='word_1_238' title='bbox 526 2336 655 2365; x_wconf 90' lang='lat' dir='ltr'><strong>unum</strong></span> <span class='ocrx_word' id='word_1_239' title='bbox 678 2322 730 2365; x_wconf 89' lang='lat' dir='ltr'><strong>de</strong></span> <span class='ocrx_word' id='word_1_240' title='bbox 750 2321 927 2376; x_wconf 83' lang='lat' dir='ltr'><strong>flagellis</strong></span> <span class='ocrx_word' id='word_1_241' title='bbox 949 2321 1052 2377; x_wconf 89' lang='lat' dir='ltr'><strong>eius,</strong></span> <span class='ocrx_word' id='word_1_242' title='bbox 1076 2334 1328 2377; x_wconf 84' lang='lat' dir='ltr'><strong>causamque</strong></span> <span class='ocrx_word' id='word_1_243' title='bbox 1350 2320 1438 2363; x_wconf 87' lang='lat' dir='ltr'><strong>sive</strong></span> <span class='ocrx_word' id='word_1_244' title='bbox 1461 2320 1650 2363; x_wconf 89' lang='lat' dir='ltr'><strong>ordinem</strong></span> <span class='ocrx_word' id='word_1_245' title='bbox 1676 2332 1878 2368; x_wconf 79' lang='lat'>1112-1123</span> 
     </span>
     <span class='ocr_line' id='line_1_29' title="bbox 79 2397 1651 2458; baseline -0.004 -12"><span class='ocrx_word' id='word_1_246' title='bbox 79 2401 336 2457; x_wconf 80' lang='lat' dir='ltr'><strong>monstrabo,</strong></span> <span class='ocrx_word' id='word_1_247' title='bbox 369 2400 523 2458; x_wconf 82' lang='lat' dir='ltr'><strong>quidve</strong></span> <span class='ocrx_word' id='word_1_248' title='bbox 554 2400 652 2444; x_wconf 87' lang='lat' dir='ltr'><strong>inde</strong></span> <span class='ocrx_word' id='word_1_249' title='bbox 680 2400 777 2443; x_wconf 90' lang='lat' dir='ltr'><strong>boni</strong></span> <span class='ocrx_word' id='word_1_250' title='bbox 800 2399 1054 2456; x_wconf 86' lang='lat' dir='ltr'><strong>provenerit.</strong></span> <span class='ocrx_word' id='word_1_251' title='bbox 1102 2398 1213 2442; x_wconf 91' lang='lat' dir='ltr'><strong>Dum</strong></span> <span class='ocrx_word' id='word_1_252' title='bbox 1235 2398 1342 2441; x_wconf 87' lang='lat' dir='ltr'><strong>forte</strong></span> <span class='ocrx_word' id='word_1_253' title='bbox 1373 2398 1418 2440; x_wconf 91' lang='lat' dir='ltr'><strong>in</strong></span> <span class='ocrx_word' id='word_1_254' title='bbox 1440 2397 1546 2452; x_wconf 83' lang='lat' dir='ltr'><strong>vico,</strong></span> <span class='ocrx_word' id='word_1_255' title='bbox 1580 2397 1651 2452; x_wconf 91' lang='lat' dir='ltr'><strong>qui</strong></span> 
     </span>
     <span class='ocr_line' id='line_1_30' title="bbox 81 2468 1650 2533; baseline -0.004 -9"><span class='ocrx_word' id='word_1_256' title='bbox 81 2479 235 2524; x_wconf 84' lang='lat' dir='ltr'><strong>dicitur</strong></span> <span class='ocrx_word' id='word_1_257' title='bbox 254 2468 532 2524; x_wconf 72' lang='lat' dir='ltr'><strong>Buchenbach</strong></span> <span class='ocrx_word' id='word_1_258' title='bbox 542 2475 571 2533; x_wconf 83' lang='lat'><strong>²,</strong></span> <span class='ocrx_word' id='word_1_259' title='bbox 604 2478 838 2520; x_wconf 87' lang='lat' dir='ltr'><strong>divinarum</strong></span> <span class='ocrx_word' id='word_1_260' title='bbox 863 2491 1001 2520; x_wconf 87' lang='lat' dir='ltr'><strong>rerum</strong></span> <span class='ocrx_word' id='word_1_261' title='bbox 1025 2477 1250 2530; x_wconf 80' lang='lat' dir='ltr'><strong>studiosus,</strong></span> <span class='ocrx_word' id='word_1_262' title='bbox 1281 2475 1485 2518; x_wconf 86' lang='lat' dir='ltr'><strong>cartulam</strong></span> <span class='ocrx_word' id='word_1_263' title='bbox 1507 2478 1650 2532; x_wconf 87' lang='lat' dir='ltr'><strong>patro-</strong></span> 
     </span>
     <span class='ocr_line' id='line_1_31' title="bbox 81 2553 1650 2611; baseline -0.003 -10"><span class='ocrx_word' id='word_1_264' title='bbox 81 2557 285 2602; x_wconf 90' lang='lat' dir='ltr'><strong>ciniorum</strong></span> <span class='ocrx_word' id='word_1_265' title='bbox 325 2556 498 2611; x_wconf 86' lang='lat' dir='ltr'><strong>legisset</strong></span> <span class='ocrx_word' id='word_1_266' title='bbox 536 2559 577 2599; x_wconf 88' lang='lat' dir='ltr'><strong>et</strong></span> <span class='ocrx_word' id='word_1_267' title='bbox 615 2556 659 2598; x_wconf 90' lang='lat' dir='ltr'><strong>in</strong></span> <span class='ocrx_word' id='word_1_268' title='bbox 702 2569 775 2597; x_wconf 88' lang='lat' dir='ltr'><strong>ara</strong></span> <span class='ocrx_word' id='word_1_269' title='bbox 815 2554 1029 2598; x_wconf 87' lang='lat' dir='ltr'><strong>ecclesiole</strong></span> <span class='ocrx_word' id='word_1_270' title='bbox 1074 2553 1229 2596; x_wconf 85' lang='lat' dir='ltr'><strong>multas</strong></span> <span class='ocrx_word' id='word_1_271' title='bbox 1277 2556 1319 2596; x_wconf 90' lang='lat' dir='ltr'><strong>et</strong></span> <span class='ocrx_word' id='word_1_272' title='bbox 1365 2553 1650 2609; x_wconf 83' lang='lat' dir='ltr'><strong>permaximas</strong></span> 
     </span>
     <span class='ocr_line' id='line_1_32' title="bbox 81 2629 1649 2690; baseline -0.003 -11"><span class='ocrx_word' id='word_1_273' title='bbox 81 2637 321 2679; x_wconf 85' lang='lat' dir='ltr'><strong>sanctorum</strong></span> <span class='ocrx_word' id='word_1_274' title='bbox 355 2633 554 2690; x_wconf 88' lang='lat' dir='ltr'><strong>reliquias</strong></span> <span class='ocrx_word' id='word_1_275' title='bbox 586 2632 823 2676; x_wconf 83' lang='lat' dir='ltr'><strong>reconditas</strong></span> <span class='ocrx_word' id='word_1_276' title='bbox 855 2635 1114 2686; x_wconf 85' lang='lat' dir='ltr'><strong>agnosceret,</strong></span> <span class='ocrx_word' id='word_1_277' title='bbox 1148 2631 1199 2674; x_wconf 86' lang='lat' dir='ltr'><strong>ad</strong></span> <span class='ocrx_word' id='word_1_278' title='bbox 1228 2629 1436 2673; x_wconf 84' lang='lat' dir='ltr'><strong>nobiliora</strong></span> <span class='ocrx_word' id='word_1_279' title='bbox 1455 2630 1547 2673; x_wconf 82' lang='lat' dir='ltr'><strong>loca</strong></span> <span class='ocrx_word' id='word_1_280' title='bbox 1580 2644 1649 2674; x_wconf 86' lang='lat' dir='ltr'><strong>eas</strong></span> 
     </span>
     <span class='ocr_line' id='line_1_33' title="bbox 81 2708 1650 2766; baseline -0.003 -10"><span class='ocrx_word' id='word_1_281' title='bbox 81 2712 311 2756; x_wconf 87' lang='lat' dir='ltr'><strong>transferre</strong></span> <span class='ocrx_word' id='word_1_282' title='bbox 342 2711 566 2766; x_wconf 83' lang='lat' dir='ltr'><strong>cogitabat,</strong></span> <span class='ocrx_word' id='word_1_283' title='bbox 598 2710 670 2754; x_wconf 88' lang='lat' dir='ltr'><strong>ubi</strong></span> <span class='ocrx_word' id='word_1_284' title='bbox 704 2709 898 2766; x_wconf 86' lang='lat' dir='ltr'><strong>ampliori</strong></span> <span class='ocrx_word' id='word_1_285' title='bbox 930 2709 1086 2752; x_wconf 89' lang='lat' dir='ltr'><strong>honore</strong></span> <span class='ocrx_word' id='word_1_286' title='bbox 1109 2708 1250 2752; x_wconf 91' lang='lat' dir='ltr'><strong>divine</strong></span> <span class='ocrx_word' id='word_1_287' title='bbox 1271 2709 1485 2751; x_wconf 87' lang='lat' dir='ltr'><strong>servitutis</strong></span> <span class='ocrx_word' id='word_1_288' title='bbox 1509 2721 1532 2751; x_wconf 89' lang='lat' dir='ltr'><strong>a</strong></span> <span class='ocrx_word' id='word_1_289' title='bbox 1552 2708 1650 2752; x_wconf 89' lang='lat' dir='ltr'><strong>reli-</strong></span> 
     </span>
     <span class='ocr_line' id='line_1_34' title="bbox 82 2786 1650 2846; baseline -0.003 -12"><span class='ocrx_word' id='word_1_290' title='bbox 82 2790 212 2846; x_wconf 79' lang='lat' dir='ltr'><strong>giosis</strong></span> <span class='ocrx_word' id='word_1_291' title='bbox 243 2789 493 2834; x_wconf 88' lang='lat' dir='ltr'><strong>colerentur.</strong></span> <span class='ocrx_word' id='word_1_292' title='bbox 542 2788 686 2844; x_wconf 85' lang='lat' dir='ltr'><strong>Itaque</strong></span> <span class='ocrx_word' id='word_1_293' title='bbox 720 2787 947 2844; x_wconf 88' lang='lat' dir='ltr'><strong>assumptis</strong></span> <span class='ocrx_word' id='word_1_294' title='bbox 979 2786 1163 2842; x_wconf 83' lang='lat' dir='ltr'><strong>clericis,</strong></span> <span class='ocrx_word' id='word_1_295' title='bbox 1200 2786 1355 2830; x_wconf 91' lang='lat' dir='ltr'><strong>ieiunio</strong></span> <span class='ocrx_word' id='word_1_296' title='bbox 1388 2789 1429 2830; x_wconf 89' lang='lat' dir='ltr'><strong>et</strong></span> <span class='ocrx_word' id='word_1_297' title='bbox 1461 2786 1650 2830; x_wconf 87' lang='lat' dir='ltr'><strong>oratione</strong></span> 
     </span>
     <span class='ocr_line' id='line_1_35' title="bbox 82 2863 1650 2925; baseline -0.003 -14"><span class='ocrx_word' id='word_1_298' title='bbox 82 2868 305 2925; x_wconf 84' lang='lat' dir='ltr'><strong>premissa,</strong></span> <span class='ocrx_word' id='word_1_299' title='bbox 337 2867 410 2924; x_wconf 89' lang='lat' dir='ltr'><strong>pia</strong></span> <span class='ocrx_word' id='word_1_300' title='bbox 440 2870 487 2910; x_wconf 88' lang='lat' dir='ltr'><strong>ut</strong></span> <span class='ocrx_word' id='word_1_301' title='bbox 518 2866 675 2910; x_wconf 89' lang='lat' dir='ltr'><strong>dictum</strong></span> <span class='ocrx_word' id='word_1_302' title='bbox 709 2868 774 2908; x_wconf 86' lang='lat' dir='ltr'><strong>est</strong></span> <span class='ocrx_word' id='word_1_303' title='bbox 792 2865 1023 2909; x_wconf 88' lang='lat' dir='ltr'><strong>intentione</strong></span> <span class='ocrx_word' id='word_1_304' title='bbox 1055 2863 1238 2920; x_wconf 87' lang='lat' dir='ltr'><strong>sigillum</strong></span> <span class='ocrx_word' id='word_1_305' title='bbox 1261 2863 1406 2908; x_wconf 88' lang='lat' dir='ltr'><strong>altaris</strong></span> <span class='ocrx_word' id='word_1_306' title='bbox 1428 2863 1532 2908; x_wconf 90' lang='lat' dir='ltr'><strong>solvi</strong></span> <span class='ocrx_word' id='word_1_307' title='bbox 1556 2878 1650 2921; x_wconf 89' lang='lat' dir='ltr'><strong>pre-</strong></span> 
     </span>
     <span class='ocr_line' id='line_1_36' title="bbox 86 2942 1651 3003; baseline -0.004 -13"><span class='ocrx_word' id='word_1_308' title='bbox 86 2946 211 3003; x_wconf 87' lang='lat' dir='ltr'><strong>cepit.</strong></span> <span class='ocrx_word' id='word_1_309' title='bbox 261 2944 343 2988; x_wconf 87' lang='lat' dir='ltr'><strong>Sed</strong></span> <span class='ocrx_word' id='word_1_310' title='bbox 374 2945 653 2989; x_wconf 83' lang='lat' dir='ltr'><strong>hesitantibus</strong></span> <span class='ocrx_word' id='word_1_311' title='bbox 684 2943 845 2987; x_wconf 87' lang='lat' dir='ltr'><strong>cunctis</strong></span> <span class='ocrx_word' id='word_1_312' title='bbox 876 2956 926 2986; x_wconf 88' lang='lat' dir='ltr'><strong>ac</strong></span> <span class='ocrx_word' id='word_1_313' title='bbox 945 2942 1268 2999; x_wconf 84' lang='lat' dir='ltr'><strong>trepidantibuS,</strong></span> <span class='ocrx_word' id='word_1_314' title='bbox 1299 2942 1390 2999; x_wconf 89' lang='lat' dir='ltr'><strong>ipse</strong></span> <span class='ocrx_word' id='word_1_315' title='bbox 1419 2942 1651 2985; x_wconf 87' lang='lat' dir='ltr'><strong>ferramen-</strong></span> 
     </span>
    </p>

    <p class='ocr_par' dir='ltr' id='par_1_7' title="bbox 181 3029 1495 3079">
     <span class='ocr_line' id='line_1_37' title="bbox 181 3029 1495 3079; baseline -0.003 -10"><span class='ocrx_word' id='word_1_316' title='bbox 181 3033 213 3068; x_wconf 91' lang='lat'><strong>1.</strong></span> <span class='ocrx_word' id='word_1_317' title='bbox 240 3031 357 3079; x_wconf 86' lang='lat' dir='ltr'><strong>Apoc.</strong></span> <span class='ocrx_word' id='word_1_318' title='bbox 375 3033 409 3078; x_wconf 89' lang='lat'><strong>3,</strong></span> <span class='ocrx_word' id='word_1_319' title='bbox 429 3033 484 3068; x_wconf 86' lang='lat'><strong>19.</strong></span> <span class='ocrx_word' id='word_1_320' title='bbox 630 3032 663 3067; x_wconf 82' lang='lat'><strong>2.</strong></span> <span class='ocrx_word' id='word_1_321' title='bbox 690 3030 932 3067; x_wconf 84' lang='lat' dir='ltr'><strong>Piichenbach</strong></span> <span class='ocrx_word' id='word_1_322' title='bbox 958 3041 980 3066; x_wconf 83' lang='lat' dir='ltr'><strong>a</strong></span> <span class='ocrx_word' id='word_1_323' title='bbox 1004 3029 1212 3075; x_wconf 86' lang='lat' dir='ltr'><strong>Bamberga</strong></span> <span class='ocrx_word' id='word_1_324' title='bbox 1236 3029 1282 3066; x_wconf 85' lang='lat' dir='ltr'><strong>ad</strong></span> <span class='ocrx_word' id='word_1_325' title='bbox 1307 3030 1495 3066; x_wconf 86' lang='lat' dir='ltr'><strong>orientem.</strong></span> 
     </span>
    </p>
   </div>
  </div>
 </body>
</html>
