2028 3438
383 237 469 281 392
895 249 1114 281 UDALRIGI
1144 249 1312 281 connx.
1361 247 1430 281 219

158 367 361 403 1098-1125
382 356 545 411 cordia,
586 359 844 412 postremum
874 357 970 414 ipsa
999 359 1167 400 nostrae
1203 355 1401 400 ecelesiae
1433 369 1561 412 supra
1590 356 1939 412 modumffaggmr

382 437 513 478 vatae.
534 433 763 476 tribulatio.
811 433 893 478 Pro
919 434 1041 477 cuius
1072 433 1333 476 lamentabili
1363 433 1486 476 ruina
1516 446 1600 487 non
1627 433 1939 483 tantumdem-

381 524 475 552 mus
498 513 539 553 et
558 510 868 565 contristamur,
892 514 1091 565 quantum
1111 510 1221 566 quod
1237 510 1394 553 decano
1416 513 1534 566 patre
1556 514 1703 559 nostro,
1720 523 1771 560 ex
1791 510 1939 559 eadem

382 587 504 629 ruina
536 587 670 630 orbati
702 601 866 640 sumus3
906 587 977 642 qui
1014 587 1133 630 nobis
1174 591 1215 630 et
1246 587 1443 630 ecclesiae
1473 590 1642 630 nostrae
1673 587 1814 631 omnia
1842 587 1939 632 hae-

385 668 527 718 tenus,
570 677 648 719 que
680 664 895 719 dignitatis
914 660 915 663 ’
934 667 975 706 et
1009 660 1204 706 utilitatis
1236 667 1376 718 erant,
1416 666 1591 720 paterna
1621 674 1722 707 cura
1748 654 1941 708 'sollerter

383 740 568 797 providit
599 743 640 783 et
671 741 858 783 caritatis
890 754 1061 783 munere
1094 741 1429 783 amministravit.
1478 740 1568 792 Qua
1598 754 1644 784 re
1676 740 1728 784 de
1757 743 1843 785 tam
1874 755 1941 785 re-

380 818 557 874 pentina
588 820 630 860 et
659 817 913 860 intolerabili
934 816 1172 860 calamitate
1193 821 1340 874 stupor
1361 821 1403 860 et
1422 817 1619 860 hebitudo
1640 818 1794 862 mentis
1815 832 1942 875 super

383 908 473 949 nos,
508 892 658 937 domne
689 897 809 950 pater
841 894 1003 949 dilecte,
1035 894 1198 937 cecidit.
1248 894 1356 937 Nam
1389 895 1497 937 sicut
1526 893 1645 938 navis
1678 891 1837 940 sollerti
1866 904 1942 950 gw-

385 971 605 1015 bernatore
626 971 828 1015 destituta
859 974 931 1015 aut
960 971 1135 1014 flnctuat
1166 974 1238 1013 aut
1265 970 1458 1014 fiuctibus
1489 972 1737 1026 inmergitur
1759 968 1941 1020 anteco}-

384 1048 495 1104 pulis
526 1048 704 1091 illiditur
735 1052 776 1091 et
806 1048 866 1091 sic
903 1047 1116 1104 planctum
1149 1048 1283 1102 magis
1315 1048 1474 1091 invenit
1504 1061 1628 1104 quam
1657 1046 1942 1105 portumffssic

385 1129 426 1167 et
456 1138 532 1167 nos
562 1125 719 1180 miseri,
752 1128 869 1168 tanto
901 1128 1062 1167 rectore
1084 1125 1258 1180 viduati,
1288 1126 1434 1168 multis
1466 1126 1600 1168 modis
1622 1126 1665 1168 in
1686 1125 1939 1171 boemundo

384 1205 599 1256 tamquam
630 1202 673 1244 in
705 1202 954 1256 naufragoso
986 1202 1095 1244 mari
1126 1202 1424 1258 periclitamur.
1603 1200 1606 1203 ⁴
1858 1200 1862 1204 ’

503 1278 623 1321 Unde
654 1282 770 1322 tanto
803 1283 845 1322 et
875 1282 962 1322 tam
994 1279 1155 1321 inmani
1187 1279 1329 1322 dolore
1350 1292 1481 1335 usque
1512 1279 1566 1322 ad
1586 1279 1841 1323 vitae2²tedia
1864 1277 1942 1324 'de-

384 1355 623 1410 ficeremus,
664 1356 699 1398 si
730 1368 813 1398 non
844 1356 888 1398 in
920 1355 1142 1398 clementia
1172 1360 1313 1399 vestra
1353 1369 1468 1413 spem
1501 1369 1585 1399 non
1618 1353 1742 1399 modo
1779 1356 1942 1400 consilii

386 1433 459 1475 sed
499 1433 625 1475 etiam
665 1432 811 1475 auxilii
850 1433 1109 1476 haberemus.
1171 1432 1317 1476 Ponite
1358 1446 1454 1488 ergo
1496 1433 1613 1476 vobis
1652 1436 1749 1477 ante
1787 1429 1940 1490 ocules,

383 1512 516 1552 totam
549 1509 766 1553 ecclesiam
805 1513 1015 1564 nostram,
1056 1513 1142 1552 tam
1175 1509 1331 1553 clerum
1364 1523 1490 1565 quam
1528 1510 1728 1567 populum
1765 1508 1942 1568 pedibus

386 1587 537 1630 vestris
570 1586 768 1642 affusum,
801 1590 888 1629 tam
920 1586 1201 1630 miserabilem
1233 1600 1373 1630 coram
1405 1587 1522 1630 vobis
1555 1587 1773 1644 deplorare
1803 1588 1942 1644 queri-

386 1664 583 1706 moniam.
631 1664 687 1706 Et
719 1664 829 1719 quia,
859 1666 1020 1706 rectore
1049 1664 1252 1717 destituti,
1284 1664 1413 1707 alium
1445 1668 1611 1721 praeter
1630 1678 1705 1708 vos
1734 1669 1941 1709 rectorem

385 1754 469 1783 non
502 1741 723 1796 habemus,
762 1741 816 1783 ad
851 1754 926 1783 nos
965 1741 1191 1795 dignemini
1224 1742 1386 1795 venire3
1427 1745 1474 1784 ut
1510 1755 1606 1796 nos,
1646 1743 1717 1798 qui
1757 1742 1940 1786 estimati

385 1831 528 1860 sumus
562 1818 670 1861 sicut
700 1831 797 1861 oves
836 1818 1054 1860 occisionis
1067 1815 1090 1873 ¹,
1130 1818 1227 1873 quia
1266 1819 1317 1861 ad
1356 1819 1646 1862 sustinendum
1685 1807 1837 1863 tantae*
1867 1811 1936 1863 ad—

385 1895 597 1938 versitatis
629 1895 791 1951 pondus
828 1895 1012 1951 impares
1045 1909 1209 1950 sumUS,
1248 1895 1291 1937 in
1323 1895 1403 1938 Dei
1434 1898 1476 1939 et
1506 1896 1634 1939 vestri
1672 1896 1940 1941 miseratione

385 1973 593 2029 respirare
624 1971 849 2015 valeamus.
1687 1960 1689 1962 ’

500 2049 569 2092 De
601 2053 760 2104 cetero,
801 2049 987 2103 domine,
1028 2052 1191 2092 vestrae
1231 2049 1399 2105 pietatis
1437 2050 1619 2107 petimus
1659 2051 1939 2106 serenitatem,

386 2130 433 2169 ut
465 2140 489 2169 a
509 2126 690 2169 dominis
710 2126 880 2180 nostris,
911 2126 1112 2169 fratribus
1133 2127 1297 2182 vestris,
1328 2140 1434 2182 quos
1466 2128 1518 2170 ad
1541 2141 1747 2171 summam
1763 2124 1940 2172 ‘manum

388 2203 522 2246 omnis
553 2204 773 2259 probitatis
805 2203 998 2246 novimus
1030 2217 1120 2246 esse
1141 2208 1360 2260 provectos
1383 2207 1424 2247 et
1442 2205 1604 2248 viscera
1629 2201 1940 2249 misericordiae

386 2280 568 2335 indutos,
587 2281 834 2323 sententiam
858 2293 983 2336 super
999 2280 1076 2323 hoc
1090 2281 1199 2323 facto
1220 2281 1457 2336 requiratis,
1475 2281 1653 2325 scilicet:
1676 2282 1714 2324 si
1733 2282 1776 2325 in
1794 2282 1938 2325 eadem

388 2357 581 2412 eeclesia,
626 2357 828 2412 sanguine
858 2357 1018 2413 polluta
1054 2358 1267 2400 hominum
1300 2371 1352 2400 ex
1383 2358 1528 2401 eadem
1559 2359 1682 2401 ruina
1720 2372 1939 2416 oppresso,—

387 2447 501 2488 rum,
541 2438 803 2477 sacramenta
835 2433 990 2477 Christi
1027 2434 1197 2478 licentia
1227 2435 1369 2478 domni
1401 2433 1611 2491 episcopi²
1641 2437 1805 2492 possint
1833 2436 1940 2479 cele-

388 2511 512 2553 brari.
557 2511 663 2562 Quia
684 2512 867 2567 quidam,
897 2511 1098 2555 habentes
1120 2512 1333 2554 scientiam
1358 2513 1430 2555 sed
1451 2523 1534 2556 non
1556 2513 1782 2556 secundum
1803 2513 1937 2556 zelum

387 2584 504 2642 Dei³,
546 2592 714 2631 nostrae
750 2587 1023 2645 prosperitati
1062 2589 1261 2632 hactenus
1292 2589 1547 2644 invidentes,
1587 2590 1782 2633 videntur
1821 2585 1939 2633 nobis

389 2664 439 2706 de
472 2665 617 2707 eadem
647 2679 693 2708 re
724 2665 995 2708 inclementer
1032 2666 1334 2720 quaestionari3
1371 2679 1466 2709 cum
1497 2670 1677 2722 constet,
1713 2667 1844 2710 altare
1874 2681 1939 2711 re-

388 2741 593 2784 mansisse
623 2742 872 2798 inpollutum
907 2746 949 2785 et
977 2742 1238 2785 inviolatum.
1966 2727 1971 2730 .

485 2846 516 2879 1.
542 2845 600 2880 Ps.
618 2845 675 2890 43,
702 2847 757 2881 22.
913 2848 944 2882 2.
978 2846 1136 2882 Heinrici
1161 2847 1178 2881 I
1209 2847 1370 2892 episcopi
1394 2847 1653 2893 Frisingensis,
1689 2849 1940 2884 1098—1137.

389 2904 423 2941 3.
454 2902 508 2940 Of.
534 2903 636 2940 Rom.
656 2905 711 2950 10,
738 2906 770 2941 2.
