2028 3438
413 236 654 268 naamam
681 235 926 267 DIALOGth.
971 236 1060 266 me.
1082 236 1100 266 1
1130 233 1187 267 33.
1206 234 1253 267 34
1531 224 1556 266 7
1561 224 1618 267 29

12 395 14 398 y
48 343 151 388 fecit
179 343 264 400 eiS,
291 343 340 388 in
371 343 559 388 bonitate
589 347 632 388 et
661 343 815 399 gaudio
846 356 917 386 eos
949 342 1180 386 dimittens.
1303 342 1343 386 Is
1374 342 1544 398 modus,
1575 342 1619 386 id

6 413 22 456 Ῐ
49 420 237 466 officinm
265 421 306 466 ei
333 421 430 466 fuit·
445 421 639 465 omnibus
671 420 792 464 annis
824 419 966 477 inopie
999 433 1047 463 ac
1078 419 1328 464 sterilitatis.

169 499 240 543 34.
287 498 388 543 Dux
407 498 581 543 Pclonie
603 495 848 542 Bolezlaus¹
879 511 1108 558 omnesque
1138 497 1332 541 meliores
1362 501 1475 542 terre
1504 497 1619 540 illius

49 576 216 621 summa
246 576 286 621 ei
317 576 504 621 amicitia
534 576 668 620 iuncti
696 579 828 619 erant.
876 559 1135 632 Frequenter
1156 575 1196 619 ei
1216 575 1485 619 salutatorias
1505 574 1620 618 litte-

48 666 120 699 ras
149 653 396 710 mittebant,
435 654 622 698 donariis
654 654 741 697 suis
782 667 877 697 eum
909 652 1131 708 magnifice
1163 653 1416 708 visitabant,
1454 652 1619 696 meritis

48 731 186 789 ipsius
216 744 266 776 ac
293 731 491 789 precibus
523 745 568 775 se
600 731 713 788 apud
743 730 881 775 Deum
919 731 1056 774 iuvari
1093 744 1218 788 posse
1258 730 1487 788 plurimum
1521 743 1620 773 con-

48 807 247 854 fidentes.-
344 808 433 853 Alii
465 822 630 865 quoque
662 809 875 866 principes
909 821 957 852 ac
988 807 1139 852 divites
1171 808 1222 852 de
1253 807 1447 852 omnibus
1480 807 1619 863 terris,

51 886 269 932 audientes
297 887 455 931 famam
487 900 662 944 operum
684 886 788 942 eiuS,
821 886 1040 930 audientes
1062 885 1312 930 elemosinas
1341 890 1383 931 et
1401 885 1620 941 largitates

50 964 141 1009 eius
161 964 274 1010 circa
294 968 478 1021 egentes,
510 964 646 1008 multa
674 964 714 1008 ei
735 978 1012 1021 sepenumero
1033 964 1223 1020 ingentia
1242 964 1354 1008 dona
1374 964 1619 1018 mittebant3

50 1043 186 1087 socios
223 1055 270 1087 se
304 1041 397 1086 fieri
437 1045 481 1086 et
517 1042 825 1099 conparticipes
867 1042 1102 1086 studiorum
1134 1043 1246 1099 eius,
1287 1043 1436 1086 devote
1475 1045 1620 1099 postu-

49 1120 200 1165 lantes.
307 1119 498 1173 Quadam
530 1120 621 1164 vice
650 1120 928 1175 tegimentum
958 1120 1204 1165 nocturnale
1235 1120 1441 1164 mirabilis
1473 1120 1619 1177 precii,

50 1198 103 1243 de
132 1198 267 1243 serico
298 1211 401 1242 auro
432 1202 476 1242 et
491 1195 740 1253 ‚megalina²
761 1198 872 1255 pelle
903 1198 1153 1254 confectum,
1185 1198 1297 1242 inter
1327 1197 1412 1242 alia
1443 1198 1553 1242 dona
1582 1198 1621 1242 ei

51 1275 225 1321 allatum
256 1279 334 1320 est.
382 1275 560 1333 Ipseque
593 1279 738 1320 auctor
770 1276 883 1332 doni,
916 1275 1112 1333 specialis
1145 1276 1329 1320 amicitie
1352 1276 1519 1332 signum
1542 1276 1622 1320 hoc

51 1367 144 1399 esse
179 1353 405 1410 nuncians,
451 1353 604 1398 obnixe
640 1354 837 1409 rogabat:
886 1357 933 1397 ut
970 1354 1015 1397 in
1054 1354 1389 1399 recordationem
1426 1355 1492 1398 sui
1531 1355 1621 1399 eius

50 1445 174 1476 usum
205 1432 463 1488 dignaretur.
510 1431 627 1476 Neve
659 1432 710 1475 de
741 1431 1034 1489 profligatione
1073 1433 1135 1476 rei
1166 1436 1434 1488 causaretur,
1472 1433 1621 1477 devote

50 1510 282 1568 promittit:
324 1510 404 1554 hoc
433 1509 586 1554 detrito
618 1509 685 1553 vel
715 1524 944 1567 parumper
976 1510 1221 1567 absumpto,
1261 1510 1376 1553 aliud
1407 1524 1451 1554 se
1482 1514 1621 1554 trans-

51 1588 294 1645 missurum.
339 1587 402 1631 At
430 1587 595 1645 presul,
629 1592 803 1645 accepta
832 1592 968 1643 veste,
1007 1588 1137 1645 plicat
1168 1602 1262 1632 eam
1293 1601 1343 1631 ac
1372 1588 1551 1645 replicat
1581 1593 1623 1633 et

51 1665 276 1722 diligenter
312 1665 497 1722 undique
536 1669 804 1723 perspectam
837 1666 1034 1710 vestiario
1072 1680 1147 1710 suo
1179 1667 1458 1710 commendat.
1510 1666 1622 1711 Dein

51 1743 327 1801 portitoribus
357 1747 401 1788 et
430 1743 581 1799 legatis
613 1743 690 1787 sub
720 1758 903 1801 persona
933 1744 1140 1788 mittentis
1168 1748 1410 1788 reverenter
1431 1745 1619 1801 inclinat,

51 1821 294 1878 gratiasque
324 1822 414 1878 agit
443 1821 607 1866 dicens:
648 1822 871 1879 Siquidem
907 1838 1058 1866 munus
1097 1823 1174 1866 hoe
1204 1838 1355 1880 niaque
1385 1824 1620 1867 dilectionis

51 1901 332 1944 testimonium
363 1909 432 1944 eet.
478 1900 536 1944 Et
557 1915 630 1957 e90
651 1902 697 1943 in
718 1903 963 1943 memoriam
994 1903 1155 1944 datoris
1185 1903 1493 1958 imperpetuum
1513 1903 1624 1945 illud

52 1992 219 2021 servare
248 1978 426 2029 curabo,·
457 1980 519 2021 ita
549 1993 663 2031 eane,
696 1987 743 2021 ut
771 1994 846 2021 uec
864 1979 992 2034 fures
1015 1979 1144 2021 miehi
1159 1978 1381 2034 furentur,
1415 1995 1489 2023 nec
1509 1982 1622 2024 tinea

53 2056 304 2099 demoliatur
323 2056 389 2098 vel
418 2052 582 2113 eru90³.
630 2055 823 2099 Habebat
854 2060 993 2099 autem
1026 2056 1214 2110 cognitos
1245 2059 1360 2100 etex
1380 2057 1621 2101 nominibus

51 2133 236 2191 propriis
266 2135 434 2176 notatos
466 2146 611 2177 omnes
642 2133 898 2190 paralyticos
928 2133 1151 2189 languidos
1180 2147 1426 2178 cancerosos
1457 2148 1532 2178 seu
1562 2135 1622 2179 le-

51 2224 200 2268 prosos
222 2210 284 2254 ‘de
313 2211 484 2255 civitate
515 2224 611 2266 sua,
652 2211 823 2254 modum
856 2215 1024 2268 tempus
1055 2215 1097 2255 et
1128 2211 1376 2268 qualitatem
1406 2212 1622 2267 languoris

53 2302 198 2333 eorum
228 2289 322 2346 ipse
339 2289 623 2344 investigans3
656 2302 922 2345 congruaque
943 2289 1130 2333 subsidia
1151 2290 1344 2333 omnibus
1373 2290 1623 2347 providebat

53 2370 97 2411 et
126 2370 353 2410 curatores.
400 2366 558 2411 Vocato
591 2380 689 2422 ergo
722 2367 941 2411 vestiario:
989 2368 1107 2411 Tolle
1146 2368 1206 2411 ait
1242 2369 1483 2426 preclarum
1513 2370 1623 2412 illud

55 2453 93 2489 et
121 2459 269 2488 carum
305 2445 435 2488 michi
471 2447 735 2502 teyimentum
777 2462 827 2487 ae
864 2460 975 2502 poue
1005 2461 1131 2502 super
1161 2447 1282 2489 illum
1311 2448 1621 2504 paralyticum5

15 2557 18 2558 γ
43 2522 222 2566 nomine
252 2535 384 2572 unum
415 2522 654 2577 designans,
687 2536 818 2578 quem
841 2522 1001 2566 sciebat
1020 2523 1156 2578 longis
1179 2523 1391 2567 doloribus
1414 2524 1621 2569 adtrecta-

53 2603 144 2643 tum
175 2599 385 2644 ulceribus
417 2604 647 2644 scatentem
680 2604 722 2644 et
743 2600 968 2655 vermibus,
1001 2601 1119 2643 cuius
1150 2600 1327 2645 fetorem
1349 2602 1503 2646 vicinia
1533 2607 1622 2647 tota

53 2677 340 2735 perhorrebat.
386 2677 507 2721 Abiit
535 2678 606 2722 ille
637 2691 687 2721 ac
708 2677 953 2720 mandatum
980 2678 1175 2734 implevit
1204 2679 1413 2735 pontificis
1445 2684 1487 2724 et
1518 2681 1621 2725 deli-

54 2755 269 2799 catissima
299 2758 415 2799 veste
446 2755 730 2800 miserrimum
760 2755 879 2798 illum
909 2756 1139 2812 cooperuit,
1172 2756 1422 2802 mirantibus
1455 2772 1503 2802 ac
1534 2763 1621 2802 stu-

54 2832 250 2889 pentibus
282 2832 489 2888 omnibus,
522 2833 594 2889 qui
624 2833 703 2876 hoc
734 2833 875 2877 videre
906 2836 1146 2890 potuerunt.

175 2909 436 2954 Sefridus:
469 2910 605 2953 Huius
636 2910 698 2954 rei
729 2924 804 2966 ego
836 2910 956 2954 testis
988 2924 1095 2953 sum.
1143 2910 1227 2955 Sed
1248 2912 1448 2958 confiteor
1474 2927 1620 2971 pecca-

151 2998 184 3033 1.
208 2997 273 3032 111.
489 2999 523 3034 2.
549 2998 702 3033 murina.
750 3025 754 3027 ‡
918 2998 953 3034 3.
979 2997 1107 3034 Matth.
1125 3000 1158 3045 6,
1178 3000 1234 3036 19.
1253 3001 1311 3036 20.

1649 353 1668 387 1
1675 353 1741 387 126

1642 401 1697 432 1111.
1712 401 1751 432 25
