2028 3438
518 281 740 314 nmmum
771 281 941 314 connx.
989 280 1070 314 242.
1088 280 1158 315 243
1174 284 1177 287 ’
1541 272 1627 316 421

54 388 211 446 ipsulm,
233 388 413 446 imperii
433 387 683 444 dignitatem
715 392 758 435 et
784 389 956 437 honoris
988 389 1296 447 plenitudinem
1318 394 1628 448 suscepturum,

56 461 426 524 ad‘rcpbstolofnm
456 465 607 510 limina
636 468 832 524 proxima
859 467 1004 512 futura
1034 468 1194 511 hieme⁸
1225 468 1551 523 transmittati83
1589 472 1633 513 et

55 542 451 588 utsmhcrificeaeet
486 545 741 601 potestative
761 546 920 589 ·veniat
951 549 994 591 et
1024 559 1172 602 pacem
1202 546 1460 590 constituere
1490 545 1632 591 valeat

55 621 357 666 etzecolesiamr
366 621 603 678 defensare,
635 623 712 680 per
732 626 969 667 vestrarum
1000 634 1290 679 personarum,
1323 623 1361 666 si
1381 623 1629 680 oportuerit,

55 698 364 744 exhibitionem?
392 699 572 744 eundem
602 700 783 744 viriliter
812 701 1035 745 adiuvetis.
1156 701 1314 745 Datum
1347 701 1460 758 apud
1491 700 1632 745 Palla-

55 776 172 821 dium
206 777 261 821 12
293 776 385 821 Kal.
408 776 564 821 Martii.

58 917 187 966 2³43»
206 920 439 964 Amalune
458 921 521 964 ΙΙἸ
539 923 748 980 antipapa
781 922 972 965 omnibus
996 937 1078 979 per
1097 922 1404 965 Alamanniam
1425 931 1465 966 et
1486 922 1628 966 Saxo-

66 1006 87 1034 ='
103 999 126 1035 ’Ψ
145 998 154 1022 ³*
192 996 324 1042 'uiam
363 1001 618 1053 constantis,
667 1015 710 1042 se
744 1000 984 1057 pontificem
1025 1001 1267 1044 Romanum
1304 1008 1490 1043 creatum
1530 1015 1628 1054 esse,

124 1077 427 1134 wwiqatffieat.
445 1087 451 1120 ἴ
472 1077 696 1131 Hortatur,
736 1086 784 1121 ut
813 1079 859 1120 in
888 1078 979 1132 fide
1011 1093 1110 1135 crya
1143 1078 1356 1122 ecclesiam
1390 1078 1631 1121 Romanam

68 1164 107 1197 vl.
142 1190 145 1196 .
168 1163 173 1173 ’
202 1153 515 1213 pawmeanffl.
1451 1155 1502 1209 OE
1526 1155 1630 1210 339)

69 1257 131 1281 -»”
174 1243 406 1288 Anacletus
435 1245 658 1302 episcopus
690 1256 836 1288 servus
868 1244 1086 1289 servorum
1109 1245 1194 1289 Dei
1211 1245 1522 1290 venerabilibus
1543 1246 1630 1289 fra-

1682 400 1774 437 1130

1654 450 1742 481 Febr.
1756 451 1795 481 18

1679 1254 1774 1290 1130

1596 1324 1604 1333 .
1652 1302 1740 1333 Febr.
1754 1304 1795 1334 24

54 1321 190 1366 tribus
220 1321 547 1380 archiepiscopis
580 1323 814 1380 episcopis⁰
847 1323 1069 1367 abbatibus
1100 1324 1355 1381 praepositis
1386 1327 1429 1368 et
1454 1323 1631 1380 reliquls

55 1403 143 1444 tam
183 1399 355 1444 clericis
372 1400 515 1457 quam
544 1400 664 1444 laicis
697 1415 774 1458 per
805 1400 1106 1445 Alamanniam
1137 1404 1180 1445 et
1212 1400 1442 1445 Saxoniam
1474 1402 1630 1446 consti-

54 1477 171 1523 tutis¹
190 1476 369 1524 salutem
403 1482 445 1522 et
476 1477 750 1536 apostolicam
784 1478 1132 1523 benedictionem.

72 1567 90 1580 -’
173 1555 238 1600 Et·
269 1555 450 1613 apostoli
481 1555 603 1600 Pauli
641 1556 916 1600 ‹fsiuctoritate‘¹
949 1555 1173 1600 didicimus
1213 1560 1257 1600 et
1292 1557 1337 1601 in
1372 1557 1494 1602 nobis
1524 1557 1631 1615 ipsis

54 1645 193 1691 nuper
221 1634 387 1692 experti
415 1632 576 1690 Sumus,
609 1634 709 1690 quia
740 1647 837 1678 vere
867 1634 1161 1679 inscrutabilia
1189 1637 1288 1679 sunt
1307 1635 1464 1679 iudicia
1484 1635 1566 1680 Dei
1587 1639 1631 1680 et

53 1710 494 1768 investigabilesviae
535 1712 624 1756 eius
637 1709 660 1755 ¹.
725 1711 916 1756 Obeunte
956 1713 1163 1769 siquidem
1203 1713 1422 1757 decessore
1462 1717 1629 1758 nostro⁶

53 1802 167 1848 papa
180 1789 418 1846 H(0norio),
431 1789 592 1834 fratres
614 1791 749 1834 nostri
771 1790 1020 1846 cardinaleS,
1044 1792 1228 1847 pastoris
1249 1791 1400 1835 solatio
1423 1778 1628 1848 destituti,

53 1866 236 1913 mii-aet
266 1868 475 1926 stupenda
506 1868 607 1912 cleri
639 1872 682 1912 et
710 1868 857 1926 populi
885 1869 1108 1912 concordia
1130 1869 1184 1912 ad
1205 1883 1416 1913 summum
1439 1883 1515 1914 nos
1537 1870 1629 1927 api-

54 1957 146 1991 cem
174 1945 444 2004 pontificatus
477 1946 706 2002 elegerunt.
763 1946 930 1998 Quanta
959 1950 1060 1990 tunc
1091 1946 1431 2003 honorificentia,
1471 1951 1629 2004 quanto

54 2023 202 2083 populi
241 2037 467 2080 concursu,
507 2028 748 2081 quantaque
787 2029 1030 2068 cunctorum
1071 2025 1240 2069 laeticia
1278 2026 1331 2069 ad
1369 2025 1483 2070 beati
1512 2025 1628 2070 Petri

55 2101 342 2160 apostolorum
381 2102 587 2160 principis
625 2102 843 2146 basilicam
884 2102 1050 2145 deducti
1091 2106 1218 2159 atque
1257 2103 1303 2146 in
1340 2103 1630 2148 sacratissima

55 2180 145 2224 eius
175 2180 377 2224 cathedra
405 2180 609 2225 fuerimus
641 2181 783 2238 positi,
816 2180 1002 2235 cogitare
1025 2181 1118 2236 quis
1150 2183 1303 2237 potest,
1335 2195 1511 2225 narrare
1534 2181 1627 2237 quis

55 2257 223 2316 potest?
269 2257 464 2302 Vestram
502 2258 633 2314 igitur
663 2258 982 2302 universitatem
1014 2258 1168 2302 litteris
1201 2259 1494 2316 praesentibus
1527 2259 1629 2303 visi-

55 2339 207 2392 tantes,
239 2348 459 2380 monemus
489 2336 535 2379 in
556 2335 738 2380 Domino
771 2339 813 2379 et
837 2336 1124 2380 obsecramus:
1158 2341 1206 2380 ut
1236 2338 1280 2380 in
1313 2350 1375 2392 ea,
1409 2351 1492 2394 qua
1517 2351 1627 2381 sem-

55 2413 141 2472 per
159 2414 405 2469 mansistis,
445 2413 669 2458 dilectione
711 2427 759 2457 ac
789 2413 888 2457 fidei
923 2414 1162 2457 constantia
1199 2415 1437 2472 persistatis
1470 2428 1519 2458 ac
1549 2429 1627 2472 pro

55 2495 256 2536 consueta
274 2494 319 2536 et
339 2491 482 2536 debita
501 2491 716 2536 Romanae
738 2492 939 2536 ecclesiae
959 2492 1209 2547 reverentia,
1232 2505 1339 2548 quae
1361 2493 1414 2536 ad
1435 2496 1627 2537 nostrum

57 2573 105 2615 et·
129 2570 316 2614 eiusdem
350 2569 524 2613 ecclesie
554 2570 756 2614 honorem
788 2570 1014 2627 pertinent,
1049 2571 1215 2626 operari
1246 2583 1321 2627 per
1342 2570 1423 2614 Dei
1445 2571 1627 2626 gratiam

55 2648 310 2706 procuretis;
343 2648 523 2691 scientes
553 2647 700 2704 procul
732 2647 872 2703 dubio,
906 2648 1005 2704 quia
1034 2661 1111 2691 nos
1143 2648 1295 2692 vestris
1323 2648 1458 2693 bonae
1480 2648 1627 2692 volun-

56 2726 158 2770 tatis
189 2724 406 2787 effectibus
437 2725 626 2781 ingratos
659 2726 833 2770 minime
864 2726 1103 2769 invenietis.

177 2803 223 2848 Si
255 2803 356 2861 quid
387 2806 529 2847 autem
559 2803 720 2847 sinistri
742 2804 924 2847 rumoris
948 2803 1208 2860 acceperitis,
1239 2817 1325 2847 non
1345 2803 1524 2847 multum
1547 2803 1627 2847 mi-

56 2881 221 2926 remini.
268 2880 408 2925 Solius
439 2881 551 2925 enim
582 2881 663 2926 Dei
695 2885 772 2937 est,
804 2882 926 2926 unire
957 2885 1056 2925 vota
1087 2885 1130 2926 et
1160 2882 1349 2925 omnium
1373 2881 1625 2926 voluntates.

151 3010 178 3031 ι.
210 3001 319 3040 hyeme
342 3002 372 3031 V.
498 3001 527 3030 b.
560 3010 597 3031 ex
620 3001 645 3030 V
666 3002 763 3037 141v,
794 3001 821 3030 Z
840 3011 874 3040 p.
890 3002 964 3031 312.
1084 3010 1110 3031 c.
1142 3010 1199 3031 om.
1215 3001 1249 3031 Z.
1369 3001 1399 3031 d.
1431 3001 1476 3032 Ex
1496 3002 1627 3032 auctori-

60 3055 123 3084 tate
144 3053 227 3085 beati
247 3053 334 3085 Pauli
355 3053 487 3093 apostoli
508 3054 540 3084 V.
665 3063 692 3084 e.
723 3063 791 3084 meo
813 3054 844 3084 V.
1110 3053 1141 3089 1.
1171 3053 1277 3089 Rom.
1297 3054 1353 3099 ll,
1378 3053 1438 3089 33.
