2028 3438
162 388 253 423 1066
278 397 333 422 ex.

146 455 182 460 -
197 436 286 470 1067
297 434 343 469 in.

253 1079 343 1114 1069

268 1128 331 1157 Iun.

366 258 424 300 64
837 267 1069 320 ι[1111111101
1099 267 1266 299 οοῡΕΧ.
1316 265 1373 300 33.
1391 266 1438 299 34

365 375 633 418 occurrerint.
687 374 843 426 Quodsi
872 374 952 417 hoc
979 373 1072 418 fieri
1102 374 1260 430 nequit,
1295 373 1464 417 saltem*
1497 372 1664 429 scriptis
1696 367 1919 419 beatitudi-

363 452 430 495 nis
472 452 561 495 eius
598 454 742 495 nostra
781 451 964 508 synodus
1002 450 1221 495 roboretur
1243 453 1301 494 ‘et
1337 450 1557 494 rebellium
1593 449 1809 493 temeritas
1845 448 1922 492 tali

365 531 534 572 auctore
570 529 882 585 comprimatur.
937 527 1167 571 Annitatur
1197 540 1295 582 ergo
1335 526 1500 570 dilectio
1532 529 1694 582 vestra,
1732 528 1797 570 ut·
1817 525 1920 570 hoc*

365 606 553 650 obtinere
598 606 736 649 valeat
780 605 933 662 peticio
979 609 1134 649 nostra.
1257 604 1432 648 Divina⁰
1473 604 1677 661 protectio
1723 602 1920 660 ssemper)

365 683 473 737 v(os)
504 683 717 737 t(ueatur).
1646 692 1648 694 ’

371 823 452 869 34.
490 824 726 882 Siqffridus
755 825 786 867 Ι
810 825 1147 881 archiepiscopus
1179 825 1454 880 Moyuntinus
1486 822 1732 866 Alexandro
1761 822 1823 878 ΙΙ,
1835 837 1921 881 pq.-

481 917 567 959 pae
597 903 648 945 de
668 902 868 945 Heinrico
891 901 966 945 IV
987 916 1082 958 repe
1113 902 1338 944 divortium
1369 915 1462 943 cum
1482 901 1642 943 Bertha
1671 914 1801 959 wora
1817 899 1921 955 fac-

486 988 580 1022 turo
613 978 862 1023 committitd.
1745 975 1922 1036 (Ε;125)

486 1067 667 1111 Domino
698 1067 939 1111 beatissimo
979 1070 1021 1110 et
1052 1080 1148 1110 vere
1186 1066 1405 1123 apostolici
1443 1065 1636 1109 culminis
1670 1065 1829 1114 honore
1856 1078 1923 1109 re-

366 1145 547 1188 verendo
578 1144 854 1199 Assexandro)
896 1143 1173 1199 S(igifridus)⁰
1210 1142 1481 1198 Moguntinae
1518 1141 1754 1199 speculator
1793 1141 1923 1205 eccle*

368 1222 453 1266 siae
494 1222 657 1266 debitae
696 1221 966 1265 subiectionis
1002 1221 1282 1264 reverentiam
1327 1223 1369 1264 et
1407 1219 1670 1263 omnimodae
1709 1219 1923 1265 servitutis
1990 1239 1992 1241 v

368 1299 647 1356 obsequelam.

485 1376 604 1420 Licet
634 1375 882 1419 universalis
914 1375 1112 1419 ecclesiae
1142 1378 1275 1418 status
1307 1373 1556 1429 generaliter
1575 1374 1780 1417 innitatur
1800 1386 1924 1430 super

366 1454 687 1497 fundamentum
725 1452 1010 1509 apostolorum
1048 1457 1090 1496 et
1119 1451 1419 1509 prophetarum
1458 1454 1500 1494 et
1537 1452 1582 1495 in
1610 1450 1802 1511 ipsossui
1832 1463 1923 1499 ver-

367 1531 462 1574 ticis
517 1531 696 1574 culmine
751 1529 993 1585 angularem
1048 1532 1182 1584 gestet
1236 1528 1440 1585 lapidem,
1501 1529 1715 1574 dominum
1744 1527 1926 1577 ..scilicet

368 1607 504 1652 Iesum
536 1607 761 1662 Christum,
794 1606 1033 1664 specialiter
1063 1610 1204 1650 tamen
1226 1619 1400 1660 magnus
1422 1606 1492 1649 ille
1512 1605 1660 1650 Petrus
1687 1603 1924 1654 iuxtasoli-

370 1685 585 1728 dissimam
626 1685 691 1727 sui
729 1684 911 1727 nominis
932 1683 1189 1746 ‘sfirmitatem
1229 1687 1270 1728 et
1298 1683 1581 1726 firmissimam
1618 1681 1716 1726 fidei
1756 1685 1799 1726 et
1827 1694 1925 1725 con-

367 1762 561 1805 fessionis
593 1775 692 1805 suae
724 1761 976 1805 soliditatem
999 1761 1087 1804 eius
1107 1764 1240 1804 totam
1261 1763 1468 1804 sustentat
1493 1760 1716 1814 fabricam3
1749 1759 1802 1803 ad
1829 1758 1926 1804 hoc‘

369 1839 538 1896 quidem
558 1839 711 1882 electus
734 1853 758 1882 a
779 1838 974 1893 Domino,
1006 1838 1078 1882 ubi
1099 1838 1219 1882 dicit:
1254 1838 1393 1896 Super
1417 1839 1525 1881 hanc
1538 1847 1707 1895 petram
1728 1837 1924 1892 edificabo

370 1917 581 1960 ecclesiam·
600 1913 767 1959 meam¹.
803 1915 902 1959 Inde
923 1929 1103 1971 namque
1124 1915 1259 1958 omnis
1276 1915 1599 1971 apostolicorum
1621 1917 1787 1970 patrum
1804 1913 1926 1958 beata

369 1994 575 2037 successio
608 1993 855 2037 auctoritate
894 1993 1026 2049 ipsius
1056 1992 1228 2035 Domini
1259 1992 1349 2036 sedi
1379 1993 1488 2047 eius,
1525 1991 1736 2036 Romanae
1767 1990 1926 2039 scilicet

371 2070 581 2126 ecclesiae,
612 2070 720 2113 hanc
751 2070 958 2113 dedicavit
979 2069 1269 2114 excellentiam
1301 2073 1343 2113 et
1362 2069 1407 2112 in
1435 2069 1595 2112 cunctis
1617 2082 1785 2126 semper
1802 2068 1924 2112 huius

369 2148 580 2205 privilegii
619 2148 802 2191 servavit
839 2148 1137 2202 reverentiam,
1180 2150 1225 2190 ut
1261 2147 1423 2190 maiora
1453 2146 1652 2190 ecclesiae
1681 2146 1854 2200 negocia
1885 2148 1926 2189 et

370 2224 624 2268 difficiliores
656 2238 872 2268 causarum
907 2225 1043 2269 exitus
1075 2224 1127 2268 ad
1158 2225 1294 2280 ipsam
1314 2224 1429 2267 velut
1451 2224 1504 2267 ad
1524 2227 1672 2281 caput⁸
1691 2223 1926 2270 referantur

371 2302 541 2358 eiusque
578 2302 730 2345 iudicio
771 2305 919 2346 cuncta
957 2301 1178 2345 salubriter
1217 2301 1456 2344 examinata
1492 2301 1539 2344 in
1574 2304 1740 2358 portum
1778 2299 1925 2344 salutis

371 2379 617 2434 dirigantur.

490 2456 596 2507 Quia
634 2470 731 2500 vero
772 2456 938 2499 divinae
974 2454 1256 2498 miserationis
1298 2455 1433 2509 gratia
1467 2468 1541 2498 vos
1573 2455 1617 2498 in
1646 2454 1754 2499 hanc
1784 2454 1923 2498 sedem

371 2533 643 2575 intronizavit
689 2537 730 2575 et
772 2533 861 2576 vice
900 2533 1033 2588 ipsius
1077 2531 1192 2576 Petri
1237 2531 1378 2574 vobish
1425 2532 1610 2575 omnium
1657 2531 1925 2575 ecclesiarum

373 2609 693 2652 sollicitudinem
724 2610 944 2666 imposuit,
977 2609 1256 2653 necessarium
1288 2608 1501 2651 duximus:
1543 2612 1681 2651 vestro
1717 2609 1924 2653 reservari

372 2686 525 2730 iudicio
566 2699 634 2741 ea,
682 2699 787 2741 quae
832 2687 1023 2729 novimus
1065 2699 1143 2729 nec
1180 2698 1302 2742 posse
1339 2698 1417 2728 nec
1456 2685 1606 2728 debere
1651 2686 1740 2728 sine
1786 2689 1926 2729 vestra

465 2825 492 2846 a.
524 2816 623 2846 saltim
645 2815 678 2845 Z.
761 2815 790 2845 b.
822 2815 897 2845 haec
919 2816 952 2845 Z.
1044 2825 1069 2846 c.
1102 2815 1212 2845 Divina
1231 2829 1263 2835 -
1282 2823 1306 2844 s.
1320 2823 1349 2844 v.
1364 2815 1386 2844 t.
1407 2823 1462 2844 om.
1478 2813 1592 2844 VZBC.
1677 2814 1704 2844 d.
1737 2823 1775 2845 ea:
1793 2814 1821 2845 V
1837 2815 1925 2844 51—

374 2869 449 2905 611),
473 2868 548 2907 Zp.
565 2869 719 2903 83-—84,·
741 2868 771 2897 B
792 2869 849 2898 31.-
871 2869 964 2898 Item
986 2869 1079 2905 alia3
1106 2867 1131 2899 C
1151 2868 1300 2899 23—24.
1386 2876 1411 2896 e.
1446 2867 1476 2897 S.
1498 2876 1554 2896 om.
1566 2865 1662 2896 ΖΒΘ..
1740 2867 1761 2896 f.
1793 2867 1867 2897 haec
1885 2867 1924 2897 B.

374 2930 402 2958 g.
435 2923 525 2960 caput
543 2921 572 2951 V.
680 2920 711 2950 h.
744 2920 830 2950 vobis
852 2920 968 2950 addidi.

470 3003 501 3036 1.
528 3000 653 3036 Matth.
674 3002 727 3046 16,
750 3001 803 3036 18.
