2028 3438
274 329 366 365 1150

280 2234 370 2268 1121

391 200 476 243 738
748 213 985 243 Hannonm
1014 212 1254 244 DIALOGUS.
1299 213 1385 243 Lm.
1407 214 1424 243 1
1454 210 1594 244 38—40

391 317 638 360 versationis
675 316 795 361 beate
835 316 1010 374 Sophie,
1060 319 1254 374 quoniam
1295 317 1455 361 occasio
1495 317 1594 362 data
1628 316 1728 372 fuit,
1765 316 1941 360 reticere

390 407 473 436 non
504 394 635 450 potui.

450 491 453 495 ·
510 469 768 514 Sefridus:
802 469 933 512 Grata
962 470 1087 513 nimis
1120 474 1162 514 et
1193 473 1364 527 accepta
1394 470 1611 525 digressio.
1658 469 1820 526 Nempe
1850 469 1941 512 auri

392 548 607 590 occasione
636 560 841 601 gemmam
875 546 1171 603 acceptabilem
1205 550 1274 590 tue
1305 547 1535 590 narrationi
1567 546 1752 589 affixisti.

509 624 578 666 39.
627 622 709 666 Sed
739 623 842 677 redi,
876 623 1058 678 obsecro,
1092 624 1145 666 ad
1167 623 1359 667 Ottonem
1393 627 1602 677 nostrum3
1635 623 1718 678 qui,
1751 622 1942 684 omnibus

391 699 626 742 hominibus
665 699 805 742 omnia
840 697 1017 754 factus¹,
1058 700 1255 757 precipue
1295 704 1432 744 autem
1464 700 1584 744 nobis
1615 698 1828 743 monachis
1857 712 1941 743 non

391 776 526 819 solum
558 779 678 832 pater
709 776 794 830 sed,
827 779 874 818 ut
904 777 1042 819 verius
1074 777 1223 832 dicam,
1260 780 1395 820 mater
1424 777 1514 819 fuit.

510 853 704 895 Tiemo:
739 851 849 894 Cedo
880 852 1088 907 inquit&
1135 853 1243 896 Nam
1275 857 1317 896 et
1347 857 1392 896 tu
1419 867 1486 896 me
1508 853 1560 896 ad
1581 853 1692 896 viam
1723 852 1940 896 revocasti.

393 929 520 972 Senes
551 932 715 971 nostros
746 933 793 971 ut
822 932 963 984 patres
985 930 1274 984 venerabatur,
1305 930 1489 972 iuniores
1510 929 1576 973 vel
1596 941 1748 986 pueros
1768 932 1815 972 ut
1834 927 1943 971 filios

392 1005 610 1060 diligebat3
649 1006 758 1048 inter
793 1018 868 1047 nos
901 1006 1019 1060 quasi
1049 1020 1155 1049 unus
1189 1020 1239 1049 ex
1270 1005 1390 1048 nobis
1422 1005 1674 1049 ambulabat.
1722 1005 1944 1049 Immemor

392 1082 638 1137 quandoque
669 1082 854 1138 potentie
887 1094 934 1125 ac
965 1083 1265 1136 magnitudinis
1297 1096 1473 1138 persone
1504 1096 1590 1136 sue,
1623 1082 1868 1139 prespiteris
1891 1081 1943 1124 ad

392 1158 522 1201 altare
554 1158 834 1212 ministrabat,
865 1159 988 1201 modo
1021 1159 1169 1202 stolam
1203 1158 1392 1214 offerens,
1424 1159 1546 1201 modo
1577 1158 1787 1213 cingulum
1808 1158 1943 1215 porri-

391 1248 492 1289 gens
523 1235 819 1290 preparandis3
858 1248 1006 1290 aquam
1041 1236 1167 1278 etiam
1199 1236 1390 1279 manibus
1421 1235 1589 1278 illorum
1620 1235 1748 1278 manu
1772 1235 1944 1292 propria

391 1311 580 1365 fundens,
613 1311 784 1354 calicem
815 1311 994 1367 prebens
1026 1315 1067 1355 et
1099 1312 1151 1354 ad
1178 1316 1315 1355 cetera
1335 1312 1678 1355 ministeriasese
1698 1311 1943 1368 plerumque

392 1387 444 1429 de
473 1387 688 1443 inopinato
719 1388 924 1442 ingerens,
956 1388 1074 1430 miris
1106 1388 1239 1431 modis
1272 1389 1455 1431 omnium
1488 1389 1532 1431 in
1564 1402 1608 1432 se
1640 1387 1810 1431 affectus
1833 1388 1944 1430 exci-

391 1463 518 1506 tabat.
568 1462 720 1506 Omnes
752 1477 827 1506 nos
857 1464 963 1507 facie
995 1477 1043 1507 ac
1072 1465 1240 1508 nomine
1270 1468 1390 1507 notos
1419 1465 1572 1508 habere
1594 1464 1770 1519 volebat,
1801 1463 1944 1518 singu-

391 1539 527 1582 lorum
558 1552 705 1582 causas
738 1540 803 1583 vel
834 1543 1004 1595 statum,
1037 1541 1220 1584 defectus
1254 1541 1317 1583 vel
1349 1542 1559 1597 profectus
1585 1544 1750 1584 nostros
1771 1540 1945 1595 diligen-

393 1619 458 1658 ter
492 1616 767 1670 investigans3
807 1629 988 1671 curaque
1019 1617 1069 1659 de
1102 1617 1292 1660 omnibus
1323 1631 1406 1660 non
1437 1617 1601 1660 modica
1631 1617 1670 1660 ei
1699 1617 1790 1660 fuit.
1836 1616 1945 1668 Quid

394 1692 527 1735 dicam
561 1692 611 1735 de
642 1693 899 1735 multimodis
929 1693 1277 1748 humanitatibus,
1317 1694 1508 1737 omnibus
1540 1706 1587 1736 ac
1618 1693 1794 1748 singulis
1823 1692 1944 1736 nobis

391 1768 674 1811 indesinenter
705 1769 756 1811 ab
797 1782 845 1811 eo
885 1769 1133 1812 exhibitisb?
1185 1770 1325 1812 Etiam
1363 1770 1560 1813 fratribus
1594 1770 1645 1813 ad
1676 1769 1943 1813 refectionem

394 1844 703 1887 considentibus
736 1845 848 1888 cibos
870 1846 1064 1901 optimos,
1097 1842 1182 1888 suis
1205 1846 1440 1902 sumptibus
1461 1849 1720 1902 preparatos,
1750 1846 1943 1889 manibus

394 1921 577 1976 propriis
607 1921 727 1964 nobis
758 1921 913 1976 intulit,
947 1922 1261 1978 suscipientium
1294 1937 1442 1966 manus
1474 1936 1569 1966 caro
1601 1922 1750 1966 affectu
1773 1922 1944 1966 deoscu-

394 1997 498 2039 lans.
546 1997 854 2052 Nonnunquam
886 1998 1026 2052 etIam,
1059 1998 1226 2054 expleta
1244 1999 1494 2042 ferculorum
1517 1999 1737 2055 positione,
1770 1998 1945 2042 conviva

395 2073 515 2116 nobis
552 2073 663 2116 idem
703 2087 751 2116 ac
789 2074 980 2117 minister
1020 2075 1196 2130 assedit,
1235 2075 1450 2118 nobiscum
1492 2088 1747 2126 convescens
1772 2078 1945 2131 optentu

395 2149 664 2205 propagande
695 2148 893 2192 caritatis,

514 2227 584 2267 40.
631 2225 819 2276 Quodam
858 2229 1045 2282 tempore
1076 2227 1175 2269 dum
1208 2228 1450 2270 monasterii
1480 2228 1612 2270 nostri
1643 2227 1944 2270 consummatio

397 2301 698 2344 dedicationem
732 2300 994 2357 expectaret²
1026 2305 1068 2346 et
1105 2304 1264 2358 omnia,
1306 2317 1384 2359 que
1415 2303 1537 2346 huius
1570 2303 1695 2346 officii
1724 2304 1831 2346 ratio
1869 2317 1943 2359 po-

397 2377 579 2420 stulabat
609 2378 652 2419 in
683 2378 967 2433 corporalibus
999 2382 1040 2421 et
1071 2379 1371 2434 spiritualibus,
1403 2379 1515 2422 laute
1542 2392 1590 2421 ac
1610 2379 1830 2433 diligenter
1849 2393 1945 2436 pre-

397 2457 545 2509 parata
573 2453 766 2508 fuissent,
807 2454 997 2497 omnibus
1028 2455 1071 2496 in
1104 2456 1392 2511 expectatione
1423 2456 1590 2511 positiS,
1621 2455 1763 2511 presul
1793 2455 1945 2510 grand-

398 2543 497 2572 evus
528 2529 720 2572 molestia
750 2531 936 2586 corporis
973 2530 1164 2574 laborare
1195 2532 1347 2587 cepit⁰;
1381 2532 1564 2586 adeoque
1603 2531 1836 2574 infirmatus
1867 2535 1943 2586 est,

398 2609 445 2648 ut
475 2606 527 2648 ad
555 2619 658 2662 opus
680 2607 1001 2650 consecrationis
1024 2607 1132 2650 vires
1154 2608 1324 2651 minime
1345 2608 1516 2651 haberet
1536 2608 1613 2662 etd,
1644 2609 1772 2651 misso
1793 2608 1944 2651 nuncio

491 2754 517 2774 a.
550 2745 651 2775 Tiemo
675 2745 770 2775 Credo
792 2746 913 2784 inquam
935 2747 1006 2783 NB,
1030 2747 1131 2777 Tiemo
1155 2747 1234 2778 Cedo
1257 2749 1377 2787 inquam
1403 2747 1433 2778 0.
1560 2747 1588 2776 b.
1622 2747 1742 2777 exibitis
1765 2748 1806 2784 N,
1830 2747 1943 2778 exhibi-

398 2797 438 2826 tis
457 2796 490 2826 C.
614 2806 640 2827 c.
671 2797 705 2827 in
726 2798 865 2838 maryine
881 2799 915 2828 N
933 2798 1042 2829 addita
1064 2799 1139 2829 haec
1160 2804 1246 2830 sunt:
1269 2800 1355 2830 Nota.
1388 2799 1442 2829 Illo
1464 2801 1598 2838 tempore
1621 2801 1684 2830 erat
1705 2800 1737 2829 in
1757 2800 1943 2830 Botenstain.

399 2848 430 2878 d.
462 2850 492 2878 et
512 2848 629 2878 addidi.

495 2919 526 2953 1.
555 2918 571 2952 1
592 2917 673 2953 Cor.
691 2919 723 2963 9,
749 2920 805 2954 22.
1020 2922 1053 2956 2.
1080 2930 1112 2956 a.
1132 2922 1234 2957 1121.
