2028 3438
272 364 361 400 1081

224 1123 313 1158 1081

173 1172 245 1210 Apr.
254 1187 283 1191 —
294 1171 363 1201 Mai.

388 237 470 279 138
874 248 1094 280 nmmum
1124 248 1292 280 oonnx.
1341 246 1397 280 65.
1416 245 1462 280 66

386 354 425 398 ei
455 354 587 399 bonus
618 354 711 398 sitis
741 354 786 397 in
808 354 1022 408 omnibus;
1056 358 1098 397 et
1127 354 1164 397 si
1193 354 1345 397 fratres
1369 354 1458 398 eius
1482 357 1567 397 tam
1587 353 1828 401 diuturnam
1844 353 1940 401 aius

387 444 482 486 egre
512 431 653 474 ferunt
682 431 935 486 absentiam,
979 431 1269 474 auctoritatem
1307 433 1490 474 vestram
1526 429 1611 474 illis
1642 431 1941 487 opponito31⁷2at

385 521 438 551 ne
467 507 565 551 inde
597 507 755 562 aliquid
785 507 1027 550 molestiae⁸
1059 507 1262 563 paciatur,
1293 521 1388 550 mea
1418 520 1544 550 causa
1573 507 1814 564 providetef:

390 629 393 631 .
503 583 720 628 Artificem
752 584 878 627 etiam
910 587 1073 627 vestrae
1105 584 1253 640 pietati
1284 583 1546 637 commend03
1581 584 1678 639 quia
1707 583 1812 627 mihi
1831 582 1940 631 fide*

385 660 482 704 liter
522 664 564 704 et
602 661 762 705 utiliter
793 661 984 716 servivit,
1023 663 1169 716 utpote
1201 660 1335 703 bonus
1367 660 1631 704 christianus.
1673 659 1735 704 Et
1770 663 1823 706 utri
1846 674 1940 707 eum

388 737 614 792 adiuvetis,
654 750 755 792 rogo
795 737 979 791 enixius,
1021 740 1063 780 et
1098 737 1278 791 gratiam
1320 739 1502 781 vestram
1540 747 1617 793 per
1653 750 1721 781 me
1758 736 1943 783 obtineat

385 813 564 869 plenius.
613 836 615 838 >

390 953 470 999 66.
505 955 730 997 Heinrieus
753 954 783 997 I
786 955 826 997 V
849 969 924 997 rex
946 955 1151 997 Romanis
1172 954 1392 1011 seynificat‚
1426 969 1468 996 se
1495 956 1616 1011 pacis
1636 930 1943 1014 componendae

505 1046 632 1074 causa
662 1033 720 1073 ad
750 1046 816 1074 eos
847 1034 1193 1088 appropinquare
1204 1030 1232 1073 ι’.
1314 1088 1315 1091 ¹
1764 1023 1941 1084 (Ε,187)

505 1119 748 1163 Heinricus⁰
788 1119 868 1163 Dei
898 1120 1035 1174 gratia
1073 1132 1149 1163 rex
1179 1119 1288 1162 clero
1320 1118 1579 1176 populoqued
1609 1118 1818 1175 Romano,
1848 1132 1943 1166 *ma-

387 1196 545 1240 ioribus
584 1199 626 1239 et
656 1196 906 1252 minoribus,
947 1196 1107 1251 gratiae
1145 1209 1245 1239 suae
1276 1199 1318 1240 et
1347 1195 1530 1252 optimae
1569 1195 1817 1240 voluntatis’
1857 1197 1943 1240 sin-

387 1273 647 1317 cerissimum
681 1272 885 1317 affectum.
978 1328 983 1331 .
1684 1320 1688 1321 ⁷
1724 1320 1727 1321 ⁷

505 1350 669 1401 Quanta
698 1349 779 1393 fide
810 1353 852 1393 et
883 1349 1163 1401 benivolentia
1193 1353 1384 1393 nostrum
1405 1352 1694 1393 sacrosanctae
1717 1350 1942 1395 memoriae

385 1430 604 1484 parentem
640 1427 872 1482 colueritis,
915 1430 1152 1483 quantaque
1189 1427 1280 1483 ipse
1315 1425 1629 1470 honorificentia
1665 1430 1708 1471 et
1745 1426 1942 1472 ecclesiae

388 1508 550 1549 vestrae
581 1504 828 1559 digni-tatem
859 1507 902 1547 et
932 1504 1169 1546 universam
1200 1503 1377 1546 Romani
1406 1504 1587 1547 nominis
1624 1503 1942 1560 amplitudinem

387 1581 552 1638 publice
583 1580 863 1637 privatimque
892 1580 1145 1637 provexerit,
1178 1580 1361 1637 plurima
1381 1581 1593 1624 seniorum
1614 1590 1833 1638 procerum
1863 1581 1943 1624 im-

388 1658 495 1715 perii
540 1658 674 1701 nostri
718 1657 919 1700 relatione
966 1657 1248 1712 cognovimus.
1301 1657 1446 1713 Neque
1492 1670 1590 1701 vero
1637 1660 1733 1714 post
1783 1657 1942 1702 obitum

388 1735 521 1791 ipsius
559 1734 712 1776 minori
751 1747 891 1782 amore
923 1737 965 1777 et
995 1734 1229 1778 reverentia
1267 1734 1493 1777 infanciam
1532 1738 1720 1778 nostram
1755 1726 1940 1789 fovistis;

389 1815 430 1857 et
461 1811 629 1855 omnino
660 1809 774 1854 fideli
805 1811 1043 1854 constancia
1072 1810 1226 1865 nobis‘,
1266 1811 1311 1853 in
1341 1813 1544 1866 quantum
1573 1824 1650 1868 per
1682 1811 1942 1866 quorundam

388 1888 674 1945 pestilentium
705 1891 747 1931 et
777 1888 1049 1944 superborum
1080 1887 1393 1944 improbitatem
1423 1887 1556 1943 licuit,
1589 1887 1779 1934 affuistis.

508 1965 597 2013 Sed
644 1965 754 2021 quod
804 1979 880 2008 nos
927 1968 1042 2008 tamss
1092 1968 1320 2022 perpetuae
1370 1964 1538 2008 caritati
1588 1967 1752 2009 vestrae
1802 1964 1943 2009 debita

391 2042 677 2085 vicissitudine
721 2042 767 2084 in
803 2041 1044 2085 referenda'·
1083 2042 1233 2096 gratiai
1280 2055 1364 2084 non
1400 2041 1713 2098 respondimus,
1759 2042 1942 2099 primum

390 2120 513 2163 etatis
543 2118 794 2163 inbecillitas
815 2118 884 2161 ink
904 2131 1030 2162 causa
1049 2119 1141 2162 fuit.
1189 2118 1417 2174 Postquam
1439 2132 1535 2162 vero
1558 2118 1695 2162 virum
1715 2118 1940 2174 induimus,

391 2200 532 2239 tantus
571 2196 615 2239 in
654 2209 728 2238 nos
761 2195 1004 2252 tyrannicae
1040 2195 1240 2252 perfidiae
1277 2196 1392 2238 furor
1421 2195 1639 2251 intumuit,
1678 2198 1726 2238 ut
1764 2195 1816 2238 ad
1845 2207 1941 2239 eum

391 2273 713 2330 opprimendum
752 2285 918 2315 omnem
955 2285 1097 2316 curam
1127 2271 1282 2315 laboris
1312 2272 1463 2315 nostri¹
1502 2285 1579 2315 nos
1604 2272 1831 2316 vintendere
1869 2285 1941 2315 ne-

391 2351 562 2394 cessitas
594 2363 790 2406 suprema
820 2352 996 2404 cogeret.

509 2427 629 2470 Nunc
668 2440 787 2482 ver0,
835 2426 1064 2482 quoniamm
1102 2439 1185 2468 non
1224 2428 1368 2468 nostra
1406 2425 1478 2468 sed
1518 2424 1597 2468 Dei
1639 2425 1793 2469 virtute
1830 2428 1941 2469 atro-

393 2505 655 2547 cissimorum
694 2504 877 2546 hostium
916 2507 1002 2546 tam
1042 2503 1170 2546 vitam
1203 2516 1326 2557 quam
1359 2502 1596 2558 superbiam
1633 2502 1743 2545 ferro
1774 2504 1941 2545 trunca-

393 2581 528 2623 vimus
561 2583 602 2623 et
630 2580 818 2624 membra
849 2579 1071 2623 disturbati
1102 2582 1143 2622 et
1174 2579 1336 2622 disiecti
1357 2578 1523 2635 imperii
1544 2578 1729 2621 maxima
1749 2592 1802 2622 ex
1821 2581 1942 2636 parte

394 2657 715 2714 composuimus,
749 2657 801 2700 ad
834 2671 904 2700 vos
936 2656 1077 2700 venire
1108 2656 1382 2709 intendimus;
1422 2655 1580 2698 scilicet
1610 2658 1657 2699 ut
1686 2655 1868 2698 debitam
1901 2657 1942 2698 et

487 2831 529 2864 a.'
545 2821 671 2851 moleste
691 2822 746 2858 VZ,
770 2822 924 2851 molestiae
950 2821 980 2852 C.
1090 2821 1119 2851 b.
1152 2831 1190 2851 em
1211 2822 1239 2851 V
1256 2822 1333 2857 8522,
1357 2820 1637 2859 Zp 179—-180,
1666 2819 1691 2850 0
1709 2820 1882 2855 39v—40,
1911 2819 1941 2849 Β

395 2875 448 2911 33,
478 2874 504 2904 G
526 2875 727 2904 50v—51v.
811 2884 836 2904 c.
863 2874 899 2903 H.
915 2873 1006 2904 ZCB.
1097 2875 1125 2904 d.
1156 2875 1186 2903 et
1206 2873 1318 2912 populo
1339 2872 1374 2903 G.
1457 2882 1483 2902 e.
1512 2882 1564 2902 sue
1587 2871 1657 2902 add.
1676 2872 1710 2902 G.
1798 2872 1820 2901 f.
1848 2880 1940 2910 quan-

394 2930 459 2957 tum
480 2927 565 2957 vobis
587 2926 613 2956 G
631 2937 691 2966 pro
712 2927 809 2963 nobis,
831 2928 863 2956 in
885 2929 1037 2965 quantum.
1120 2936 1147 2964 g.
1180 2928 1242 2956 tum
1264 2926 1298 2956 G.
1381 2925 1412 2954 h.
1442 2925 1567 2955 ferenda
1584 2924 1645 2955 CB.
1727 2925 1747 2954 i.
1775 2924 1940 2954 referendis

397 2981 501 3019 gratiis
523 2980 556 3010 G.
651 2980 680 3010 k.
713 2981 744 3009 in
766 2989 821 3009 om.
837 2979 950 3009 VZCB.
1047 2980 1067 3009 1.
1097 2980 1289 3017 laboremque
1311 2978 1337 3009 G
1354 2988 1414 3018 pro
1434 2978 1546 3008 laboris
1565 2979 1672 3008 nostri.
1764 2986 1803 3007 m.
1833 2977 1885 3007 ubi
1905 2976 1940 3007 G'.
