2028 3438
358 290 444 332 604
745 302 907 334 Essoms
939 304 1043 334 vrrA
1076 304 1284 335 orroms.
1333 305 1419 335 Lm.
1442 305 1460 334 1
1493 303 1534 338 17

357 420 444 463 que
467 421 568 451 auro
597 410 883 465 gemmisque‘
914 409 1111 453 nobiliter
1140 410 1401 466 fabricatam,
1433 411 1651 455 recondito
1667 411 1783 457 inea
1800 406 1915 457 εειᾶἱιέ

355 485 438 528 tari
468 485 581 541 ligno
614 490 934 542 sanctorumque
956 486 1167 542 reliquiiS,
1199 487 1289 544 ipse
1321 489 1501 531 sacravit
1527 488 1914 545 „cruce-quffssal-

355 561 540 606 vatoris“
556 560 566 580 ¹
604 563 807 620 appellari
846 563 1015 617 statuit3
1055 566 1096 606 et
1136 564 1264 607 banni
1306 565 1371 608 sui
1401 565 1738 622 interpositione,
1776 567 1917 611 nesab

354 639 446 695 ipso
477 641 730 684 monasterio
769 654 844 697 pro
878 640 1018 696 aliqua
1047 654 1244 697 umquam
1278 642 1525 686 necessitate
1556 643 1810 699 auferretur,
1846 643 1917 687 in«

354 716 561 760 terdicens
572 716 601 772 ¹²,
640 717 760 761 beato
792 717 985 760 Michaeli
1025 717 1274 773 archangelo
1315 733 1407 762 eam
1442 719 1708 764 devotissime
1747 720 1916 765 obtulit:

354 792 476 836 Hunc
505 793 643 837 locum
673 794 756 849 ille,
788 794 878 837 Deo
910 794 1071 850 plenuS,
1102 794 1345 839 fidelissimo
1377 809 1542 854 semper
1573 810 1714 841 amore
1740 797 1909 852 distiti&

353 869 463 914 hunc
493 871 757 926 restauravit,
789 871 899 914 hunc
919 871 1082 927 ditavit,
1116 872 1236 916 huius
1265 873 1440 928 gloriam
1464 874 1656 930 quesivit,
1687 872 1913 919 huic‘bomit

352 946 521 1003 tribuit,
562 948 671 991 hunc
701 948 964 1003 sublimavit,
1006 948 1115 992 hunc
1146 949 1292 1006 coluit,
1329 950 1451 994 huius
1483 951 1714 1008 profectum
1745 964 1911 1009 semper

354 1025 528 1078 amavit3
563 1028 605 1068 et
634 1025 678 1067 in
709 1025 800 1082 ipso
833 1039 972 1068 coram
1004 1025 1127 1069 altari
1161 1027 1345 1071 eiusdem
1378 1028 1628 1084 archangeli,
1666 1029 1784 1072 cuius
1809 1042 1910 1087 vspe--

352 1101 470 1144 cialis
500 1102 692 1145 minister
723 1106 834 1158 erat,
875 1117 919 1146 se
951 1103 1120 1159 sepeliri
1151 1104 1347 1148 decrevit.
1467 1105 1615 1149 Eidem
1653 1106 1912 1151 monasterio-

352 1191 515 1234 quoque
551 1180 597 1222 in
636 1193 758 1222 usum
798 1180 976 1223 fratrum
1007 1180 1123 1224 dedit
1161 1184 1252 1225 octo
1291 1182 1439 1238 predia
1469 1183 1707 1238 quingentis
1745 1184 1908 1240 argenti

349 1254 469 1299 libris
500 1260 765 1313 comparata,
804 1271 883 1313 que
915 1258 982 1300 hic
1015 1258 1066 1301 ob
1096 1258 1293 1302 noticiam
1328 1273 1468 1303 eorum
1502 1260 1749 1315 singillatim
1776 1274 1907 1306 anno·

350 1335 439 1376 tare
470 1333 664 1376 frivolum
697 1334 905 1378 duximus.
960 1335 1157 1379 Preterea
1193 1335 1410 1379 ecclesiam
1448 1337 1567 1381 iuxta
1597 1335 1797 1394 Albuch²,
1833 1338 1906 1384 he-

349 1410 548 1454 reditario
580 1411 660 1455 sibi
690 1412 780 1455 iure
810 1412 1039 1469 propriam,
1072 1413 1207 1456 eidem
1238 1414 1490 1457 monasterio
1522 1428 1615 1458 cum
1647 1414 1905 1460 duabus'e'c—

349 1487 485 1531 clesiis
508 1488 600 1531 aliis
605 1489 807 1571 ponavit,
840 1489 891 1532 ob
913 1491 1157 1533 memoriam
1179 1490 1372 1535 videlicet
1393 1492 1458 1535 sui
1488 1495 1790 1549 parentumque
1809 1506 1905 1537 suo·

347 1578 442 1607 rum
479 1565 583 1609 inibi
622 1579 795 1622 corpore
842 1567 1155 1623 quiescentium.
1215 1567 1366 1611 Adhuc
1411 1572 1547 1613 autem
1586 1569 1902 1614 dilectissimum

349 1642 428 1686 sibi
467 1642 604 1686 locum
642 1643 896 1700 amplificare
930 1644 1192 1700 desiderans,
1232 1646 1309 1689 sub
1346 1650 1487 1690 monte
1525 1647 1658 1691 sancti
1687 1646 1902 1692 Michaelis

348 1719 551 1776 capellam
583 1721 715 1763 sancti
745 1720 886 1775 Egidii
916 1734 1007 1764 cum
1040 1721 1238 1778 hospitali
1269 1722 1414 1778 domo,
1451 1737 1682 1780 pauperum
1714 1728 1756 1768 et
1782 1737 1904 1782 pere-

347 1796 560 1851 grinorum
591 1798 899 1854 receptionibus
931 1802 1043 1855 apta,
1076 1800 1320 1843 construxit.

465 1874 592 1917 Totus
615 1875 726 1918 enim
747 1876 1031 1919 misericordie
1056 1876 1279 1920 visceribus
1304 1876 1513 1932 affluebat,
1545 1881 1656 1922 totus
1679 1877 1903 1924 elemosine

347 1954 387 1993 et
407 1952 706 2008 compassionis
739 1952 887 1996 affectu
919 1953 979 1996 sic
1000 1953 1185 2008 ardebat,
1216 1958 1263 1997 ut
1290 1955 1380 1998 iure
1401 1968 1495 1997 eum
1518 1955 1638 1999 beato
1669 1956 1742 2000 Iob
1763 1957 1901 2001 dicere

345 2032 504 2083 posset:
552 2030 620 2072 Ab
652 2033 780 2073 inicio
822 2033 948 2074 crevit
977 2047 1134 2074 ‘meeum
1163 2033 1398 2085 migeracio,
1442 2042 1479 2076 et
1507 2035 1558 2076 de
1587 2031 1726 2077 ventre
1753 2033 1901 2079 matria

344 2121 429 2148 mee
469 2121 630 2163 emessa
670 2116 729 2151 eat
756 2105 958 2159 mecum³5
985 2110 1141 2165 flebam
1172 2124 1297 2166 super
1328 2125 1438 2163 eum,
1479 2113 1556 2167 qui
1583 2112 1765 2167 afflictae
1795 2121 1896 2166 erat,

345 2192 382 2226 et
412 2186 745 2241 compaciebatur
783 2188 926 2228 anima
965 2201 1056 2228 mea
1090 2184 1305 2243 pauperi⁴.
1356 2186 1540 2230 Noverat
1574 2188 1731 2245 quippe
1761 2191 1803 2232 et
1832 2187 1900 2232 asss

343 2260 461 2304 sidue
500 2261 709 2305 recolebat
745 2262 862 2305 illam
903 2262 1014 2306 beati
1045 2261 1236 2317 Gregorii
1275 2264 1544 2308 sententiam:
1587 2265 1674 2319 Qui
1708 2281 1897 2323 compas-

342 2341 499 2381 sionem
544 2355 629 2382 non
666 2340 806 2392 habet,
853 2355 1030 2382 vacuum
1078 2343 1264 2397 episcopi
1302 2356 1450 2384 nomen
1491 2339 1631 2386 cenef.
1752 2341 1896 2386 Virtus

342 2428 522 2471 namque
554 2419 715 2459 sanctee
749 2416 935 2459 caritatis
967 2416 1159 2459 omnibus
1191 2417 1358 2472 quidem
1390 2417 1579 2462 fidelibus
1611 2419 1683 2462 sed
1714 2418 1896 2464 maxime

343 2492 498 2535 Christi
529 2494 720 2547 congruit
749 2494 1047 2548 sacerdotibus,
1081 2494 1151 2549 qui
1183 2498 1225 2537 et
1245 2494 1465 2550 specialius
1488 2495 1540 2538 ad
1560 2495 1667 2539 hauc
1689 2510 1894 2554 exequen-

438 2584 464 2604 a.
497 2575 621 2611 gemmis
644 2584 761 2614 quoque
788 2574 818 2605 C.
908 2576 937 2605 b.
971 2576 1129 2613 auferetur,
1152 2577 1287 2606 indicens
1314 2575 1343 2607 0.
1433 2587 1459 2607 c.
1491 2587 1547 2607 om.
1567 2577 1605 2614 C‚·
1627 2578 1738 2619 legitur
1758 2579 1792 2610 in
1813 2581 1852 2611 B.

437 2627 468 2661 1.
495 2626 550 2661 De
576 2626 643 2661 hac
668 2637 785 2672 cruce,
812 2637 987 2663 annorum
1010 2629 1241 2664 1131—1139
1267 2628 1384 2674 spatio
1410 2628 1515 2675 faeta,
1542 2629 1587 2666 cf.
1606 2630 1784 2667 Herbordi
1808 2632 1892 2668 dial.

342 2685 358 2719 1
375 2695 406 2720 c.
421 2685 478 2720 37.
567 2686 600 2720 2.
626 2685 696 2720 Am
714 2685 868 2721 Albuch.
902 2687 1072 2731 Iugorum
1091 2686 1185 2722 enim
1204 2686 1482 2733 cohaerentium,
1504 2699 1598 2734 quae
1618 2689 1891 2734 „Schwabische

342 2743 433 2788 Alp“
452 2747 640 2788 vocantur,
665 2755 748 2788 pars
766 2749 822 2780 est
842 2745 929 2790 „das
946 2745 1126 2790 Albuch“‚¹
1150 2746 1244 2780 inter
1261 2745 1476 2792 Goppingen
1493 2752 1530 2782 et
1547 2747 1663 2783 Aalen
1680 2750 1760 2784 sita.
1790 2750 1891 2786 Haec

340 2803 451 2847 igitur
475 2801 544 2837 fuit
568 2802 709 2838 Ottonis
733 2804 852 2848 patria
875 2813 993 2849 neque
1017 2814 1103 2840 vero
1128 2804 1229 2849 regio
1254 2805 1354 2840 lacus
1371 2806 1502 2841 Veneti
1536 2806 1622 2849 (des
1648 2808 1890 2854 Bodensees),

340 2864 381 2896 ut
412 2871 601 2906 perperam
635 2862 788 2897 coniecit
813 2862 1078 2898 Oesterreicher
1109 2873 1166 2908 ap.
1191 2863 1284 2898 Fink
1308 2863 1376 2899 Die
1404 2865 1611 2909 geoffneten
1635 2866 1793 2903 Archive
1824 2867 1889 2904 des

339 2920 580 2965 Konigreichs
605 2920 735 2955 Baiern
760 2921 776 2955 1
800 2931 830 2956 11
856 2923 933 2967 170,
962 2923 1040 2957 171.
1084 2911 1089 2915 '
1142 2922 1175 2957 3.
1202 2921 1255 2958 ef.
1275 2921 1338 2958 101>
1363 2923 1419 2969 31,
1440 2924 1493 2959 18.
1596 2925 1631 2960 4.
1660 2925 1723 2962 Iob
1748 2926 1805 2970 30,
1830 2926 1887 2963 25.

340 2979 373 3014 5.
400 2977 436 3014 S.
456 2978 621 3024 Gregorii
643 2979 799 3024 Registr.
818 2981 920 3017 L.VI
945 2991 1001 3026 ep.
1019 2982 1082 3026 30,
1116 2991 1198 3026 opp.
1225 2980 1281 3016 ed.
1300 2981 1526 3018 Benedictini
1549 2983 1584 3018 II
1607 2984 1695 3020 817:
1727 2985 1834 3031 „quia
1858 2985 1889 3021 si

339 3037 429 3073 haec
455 3048 526 3073 non
551 3037 671 3084 habet,
696 3048 852 3074 vacuum
878 3039 1038 3085 episcopi
1063 3050 1193 3075 nomen
1217 3039 1351 3075 tenet“.
