2028 3438
206 423 295 458 1007

154 472 224 510 post
240 471 315 502 Nov.
331 472 346 501 1

368 296 455 338 476
787 308 1036 339 EPISTOLAE
1067 308 1436 340 BAMBERGENSES.
1484 307 1507 340 2

489 413 631 456 Sentio
661 414 745 457 iam
777 414 947 469 dudum,
979 417 1020 458 te
1050 414 1154 457 mihi
1181 415 1387 458 contra-ire
1410 414 1514 458 velle
1545 419 1587 458 et
1616 415 1803 460 iniustae
1826 428 1924 460 suar-

369 490 498 533 sionis
529 493 674 534 notare
695 498 784 534 me⁸
807 490 939 545 elogio
969 490 1206 534 huiusmodi
1227 491 1364 535 verbis
1387 492 1541 535 sanctis
1558 492 1606 536 'et
1623 492 1765 536 iustis:
1792 492 1925 537 nifiris

368 567 568 610 iniustum
591 567 736 622 videri,
768 568 923 611 terreni
945 567 1111 624 imperii
1142 569 1373 624 potentiam
1395 569 1530 624 magis
1550 569 1777 614 formidare
1797 577 1923 626 quam

369 644 574 699 divinam,
614 644 834 688 dilectione
866 644 1108 701 temporalis
1140 645 1359 688 suavitatis
1398 659 1624 702 provocare
1660 646 1706 691 in
1740 647 1923 691 seium

369 720 525 776 absque
560 719 642 764 fine
681 721 910 777 punientis3
952 721 1092 764 sedem
1132 735 1294 778 quoque
1334 722 1636 779 episcopalem,
1681 723 1752 768 cui
1787 723 1922 780 sedes,

369 811 492 852 quam
523 798 747 854 repperisti
780 798 929 854 amplis
962 798 1186 841 honoribus
1221 802 1407 854 auctam,
1446 813 1522 856 per
1551 799 1676 854 longa
1713 803 1921 844 terrarum

368 874 512 930 spacia
543 858 782 930 dilatatam,
822 888 907 918 non
947 888 1037 918 esse
1075 875 1138 917 fas
1169 877 1239 918 tuo
1272 876 1445 919 arbitrio
1477 876 1543 920 vel
1574 875 1824 921 exhonorari
1854 876 1922 921 vel

369 951 519 1004 artari3
561 954 602 994 te
631 952 742 995 nolle
783 952 922 995 subire
961 951 1211 1008 supplicium
1245 965 1370 996 causa
1407 953 1654 1009 perditionis
1684 967 1825 997 rerum
1856 955 1922 998 'ee-

367 1027 708 1071 clesiasticarum.
828 1027 953 1071 Absit
974 1041 998 1071 a
1018 1042 1098 1083 me,
1131 1032 1190 1083 ut,
1222 1029 1304 1072 nisi
1326 1030 1545 1086 desipiam,
1577 1030 1827 1074 huiusmodi
1843 1030 1921 1078 tibi

368 1105 664 1161 persuadeam3
702 1105 856 1160 magis,
896 1105 931 1148 si
970 1105 1052 1148 ullo
1094 1106 1216 1148 modo
1249 1107 1401 1161 sciam,
1443 1107 1488 1150 in
1519 1106 1621 1150 haec
1650 1107 1744 1164 ipsa
1773 1110 1816 1151 te
1846 1107 1921 1151 du*

368 1195 461 1225 cere
492 1182 630 1225 velim.

484 1258 689 1302 Procedat
725 1259 959 1316 apostolus3
999 1258 1195 1315 loquatur
1230 1273 1306 1316 pro
1345 1273 1412 1303 me
1448 1259 1520 1304 ille
1557 1273 1631 1304 vas
1669 1260 1884 1305 electionis
1896 1258 1919 1318 ¹,

367 1336 511 1379 doctor
542 1336 739 1391 gentium.
793 1336 903 1379 Ecce
933 1336 1075 1379 doctor
1106 1341 1267 1390 noster3
1307 1350 1391 1380 non
1423 1338 1532 1381 enim
1566 1351 1619 1390 ex
1648 1337 1807 1395 Iudeis,
1846 1339 1921 1383 sed

367 1427 418 1456 ex
449 1414 641 1468 gentibus
672 1427 761 1456 nos.
809 1413 916 1464 Quid
948 1414 1007 1456 ait
1038 1413 1278 1469 apostolus?
1328 1415 1473 1457 Omnis
1503 1417 1646 1458 anima
1675 1415 1812 1471 inquit
1837 1432 1919 1474 po-

366 1492 577 1535 testatibus
608 1492 919 1534 sublimioribus
950 1492 1116 1534 subdita
1147 1494 1212 1534 sit.
1267 1492 1367 1534 Non
1400 1501 1456 1535 eet
1487 1495 1596 1535 enim
1621 1502 1805 1550 potestas
1835 1495 1923 1538 nisi

366 1586 393 1612 a
413 1570 519 1612 Deo.
571 1568 688 1622 Quae
719 1577 854 1611 autem
874 1577 983 1621 sunt,
1017 1585 1042 1610 a
1063 1569 1156 1611 Deo
1180 1570 1375 1612 ordinata
1397 1579 1504 1613 sunt.
1552 1570 1715 1626 Itaque,
1749 1573 1826 1628 qui
1853 1585 1918 1614 re-

364 1648 472 1689 sistit
497 1648 708 1703 potestati,
738 1646 826 1688 Dei
845 1647 1105 1688 ordinationi
1122 1647 1287 1688 resistit.
1338 1647 1425 1700 Qui
1443 1656 1577 1690 autem
1597 1650 1804 1702 resistunt,
1834 1650 1922 1706 ipsi

364 1724 447 1765 sibi
475 1721 807 1766 damnationemb
838 1719 1101 1779 adquirunt².
1222 1722 1350 1777 Ecce,
1383 1724 1482 1779 quid
1513 1724 1677 1778 horton
1717 1737 1832 1780 ecce,
1873 1725 1917 1769 in

365 1813 470 1855 quae
501 1799 626 1853 duco;
666 1799 793 1841 immo
824 1813 907 1842 non
940 1812 1036 1853 ego,
1070 1799 1141 1841 sed
1174 1799 1408 1855 apostolus3
1447 1801 1575 1844 immo
1606 1815 1692 1844 non
1721 1801 1811 1857 illc,
1843 1801 1916 1846 sed

364 1890 439 1933 per
468 1876 587 1919 illum
620 1876 752 1920 Deus:
792 1879 839 1919 ut
868 1876 947 1919 Dei
979 1877 1232 1920 ordinationi
1269 1889 1354 1918 non
1384 1878 1581 1921 resistas⁶
1611 1891 1688 1922 nee
1717 1879 1917 1935 ipse'tibi

364 1953 698 1997 damnationemd
737 1967 937 1996 assumas.
999 1953 1206 1996 Fortassis
1246 1953 1324 1996 hoc
1362 1957 1426 1997 est
1465 1955 1799 2000 damnationem‘¹
1835 1955 1916 2000 sibi

364 2036 594 2074 assumere:
627 2044 688 2086 ea,
722 2045 827 2086 quae
859 2044 883 2074 a
913 2030 1223 2074 sublimioribus
1254 2031 1562 2088 iniunguntur⁰,
1599 2033 1883 2089 supersedere.

483 2107 565 2151 Sed
596 2108 706 2163 quia,
739 2108 836 2150 dum
868 2111 1004 2151 tecum
1036 2121 1150 2151 eram
1161 2107 1184 2162 f,
1220 2108 1345 2150 nimis
1376 2112 1542 2151 acutum
1571 2112 1613 2153 te
1644 2114 1686 2154 et
1715 2110 1826 2154 clare
1852 2111 1914 2154 vi-

364 2182 531 2228 dentem
560 2198 780 2240 noveram,
813 2185 982 2242 opinor:
1020 2185 1119 2240 hoc,
1157 2185 1264 2240 quod
1295 2185 1339 2227 in
1370 2185 1596 2229 canonibus
1626 2186 1800 2243 legitur,
1839 2187 1912 2231 ho-

362 2264 483 2306 nesta
512 2263 788 2319 praecipienti
819 2262 1118 2305 oboediendum
1153 2275 1256 2316 esse,
1289 2262 1406 2306 vivae
1439 2263 1572 2306 adhuc
1593 2264 1819 2308 memoriae
1846 2278 1913 2309 re-

325 2352 328 2356 ·
362 2339 589 2393 corderisss;
631 2343 672 2382 et
701 2339 778 2382 hoc
808 2339 912 2381 mihi
943 2339 1263 2395 superinducas,
1295 2339 1388 2382 ideo
1420 2342 1461 2382 te
1492 2341 1765 2397 praecipienti
1801 2341 1912 2385 nolle

363 2416 648 2471 adquiescere,
691 2417 788 2472 quia
818 2416 1084 2459 inhonestum
1115 2417 1324 2471 videatur,
1364 2417 1580 2460 ecclesiam
1611 2420 1726 2461 tuam
1758 2418 1911 2462 diocesi

362 2507 439 2535 sua
468 2493 647 2549 privare.
696 2493 860 2536 Sanctis
881 2493 1070 2550 patribus
1095 2493 1482 2549 praedecessoribus
1503 2494 1694 2550 nostrish,
1725 2498 1773 2538 ut
1793 2495 1910 2539 audi-

361 2570 510 2624 vimus,
542 2584 627 2612 non
657 2570 922 2612 inhonestum
955 2570 1028 2613 sed
1051 2569 1171 2614 valde
1202 2570 1420 2613 honestum
1452 2573 1494 2613 et
1523 2570 1625 2614 utile
1656 2572 1791 2615 visum
1823 2575 1907 2616 est:

361 2647 405 2689 in
434 2647 536 2690 locis
567 2647 647 2689 sibi
678 2647 924 2701 commissis,
956 2651 1179 2703 postquam
1210 2647 1254 2689 in
1285 2650 1448 2690 tantum
1480 2648 1611 2690 crevit
1641 2648 1826 2704 ecclesia,
1862 2652 1910 2692 ut

361 2723 443 2779 ipsi
474 2737 565 2766 eam
597 2724 771 2766 circuire
803 2727 844 2767 et
875 2724 1094 2767 observare
1130 2737 1213 2766 non
1245 2723 1451 2779 valerent,
1495 2723 1598 2767 alios
1637 2725 1718 2768 sibi
1755 2725 1908 2769 substi-

361 2804 477 2843 tuere
508 2801 742 2843 sacerdotes
775 2804 816 2844 et
847 2814 898 2844 ex
929 2815 1010 2844 uno
1043 2801 1286 2857 episcopatu
1316 2801 1418 2843 duos
1450 2805 1522 2844 aut
1543 2804 1628 2844 tres
1658 2801 1814 2856 sacere3
1846 2806 1906 2858 ut,

453 2926 479 2947 a.
511 2926 559 2947 me
581 2916 698 2948 addidi.
822 2918 851 2948 b.
884 2919 1118 2949 dominationem
1139 2927 1220 2949 corr.
1241 2917 1275 2949 in
1297 2918 1518 2949 domationem
1540 2928 1565 2950 c.
1683 2928 1709 2950 c.
1740 2920 1858 2950 resistis
1880 2929 1906 2951 c.

361 2970 391 3000 d.
424 2969 597 3000 dfiationem
619 2979 644 3000 e.
728 2980 753 3000 e.
785 2971 946 3008 iunguntur
968 2981 994 3002 c.
1075 2971 1097 3002 f.
1128 2980 1194 3002 eras
1216 2981 1241 3002 c.
1325 2980 1353 3009 g.
1384 2971 1557 3001 reconderis
1579 2981 1604 3002 c.
1686 2972 1717 3002 h.
1750 2973 1858 3004 vestris
1879 2982 1906 3004 e.

455 3041 486 3075 1.
511 3039 664 3086 Paulus3
690 3050 725 3075 v.
743 3039 827 3075 Act.
845 3044 961 3086 apost.
979 3042 1011 3086 9,
1033 3041 1086 3076 15.
1207 3041 1240 3077 2.
1265 3041 1369 3077 Rom.
1388 3041 1443 3086 13,
1471 3041 1503 3076 1.
1522 3041 1556 3076 2.
