2028 3438
628 247 850 279 nmmum
879 247 1050 279 connx.
1101 245 1168 279 146
1599 237 1688 281 263

115 345 386 409 Restionem,
418 354 543 398 modo
573 353 779 398 decanum
808 357 996 398 vestrum
1008 352 1033 410 ¹,
1067 355 1248 411 quodam
1271 354 1488 400 claustrali
1512 356 1650 400 banno
1660 364 1688 413 ¹,
1714 376 1745 403 o.
1760 367 1854 402 1110

115 431 283 488 privato
303 434 361 475 'ut
385 431 523 488 aiunt,
555 432 769 487 obligavit.

237 508 481 566 Supradicti
510 523 610 554 vero
639 509 785 553 fratris
815 510 1036 567 responsio
1067 509 1299 567 episcopali
1329 513 1559 567 nostroque
1591 525 1690 568 syn-

115 585 228 630 odali
257 586 414 631 iudicio
444 587 633 631 nondum
663 587 868 642 innotuit3
908 590 1157 643 vestraeque
1196 588 1540 644 proclamationis
1578 589 1688 632 ratio

115 663 172 708 sd
188 677 274 708 nos
286 668 403 709 recto
422 677 508 709 non
531 665 678 709 ordine
698 665 905 722 pervenit.
931 717 933 719 v
950 664 997 709 Si
1016 665 1147 720 igitur
1166 665 1279 709 iusta
1299 666 1381 709 fuit
1401 667 1690 710 excommuni-

113 741 293 786 cationis
324 755 453 787 causa
483 745 526 787 et
556 755 608 787 cx
639 743 870 800 pertinatia
908 743 1260 787 excommunicati
1292 744 1346 787 ad
1382 743 1690 801 depositionem

114 819 206 863 eius
220 820 416 876 tetendit,
437 820 635 878 episcopo
655 818 917 877 Leodiensi²,
941 835 966 864 a
987 834 1069 876 quo
1090 821 1247 878 pendet
1268 821 1444 866 ecclesia
1459 821 1688 878 Aquensis,

113 896 366 942 debuissetis
387 898 690 954 annmciasse,
720 899 956 955 periculum
977 902 1163 942 vestrum
1188 899 1433 955 elucidasse,
1465 899 1689 955 negocium

113 974 389 1020 definivisse!
511 975 688 1034 Insuper
718 977 763 1020 in
802 980 1010 1021 conventu
1048 977 1249 1021 canonico
1288 978 1494 1021 habuistis
1527 981 1574 1022 ut
1602 978 1690 1022 fra-

112 1054 236 1109 trem,
268 1053 513 1111 suscepistis
545 1057 594 1098 ut
622 1053 874 1111 praelatum,
907 1055 1096 1098 venerati
1127 1055 1229 1098 estis
1256 1059 1303 1099 ut
1322 1057 1588 1111 magistrum.
1643 1056 1689 1099 Si

112 1130 244 1186 igitur
272 1131 461 1188 legitime
492 1135 536 1176 et
565 1133 765 1176 canonice
797 1133 1184 1176 excommunicatus
1214 1133 1296 1177 fuit
1325 1147 1485 1190 vosque
1506 1135 1688 1178 scienter

113 1210 475 1254 excommunicato
514 1210 878 1266 communicastis,
921 1223 1016 1255 ecce
1046 1211 1092 1255 in
1122 1211 1358 1268 periculum
1390 1212 1586 1255 ordinum
1617 1226 1689 1256 ve-

113 1289 298 1331 strorum
327 1288 510 1342 tendit⁶;
543 1288 643 1344 quia
672 1289 836 1331 maiora
865 1289 1036 1344 negotia
1066 1303 1091 1332 a
1121 1289 1323 1333 membris
1345 1290 1399 1333 ad
1426 1290 1568 1347 capita
1590 1293 1690 1334 sunt

111 1364 347 1409 referenda.
398 1365 628 1421 Quoniam,
665 1366 703 1409 si
739 1366 873 1410 frater
902 1363 979 1409 N.³
1015 1367 1060 1409 in
1100 1381 1177 1410 sua
1215 1368 1686 1423 excommunicationed,

113 1452 242 1499 quam
270 1443 422 1488 frivole
457 1443 756 1501 praetenditiS,
796 1443 966 1488 rebellis
996 1444 1098 1500 fuit,
1137 1448 1318 1489 matrem
1356 1448 1541 1489 vestram
1580 1445 1688 1490 Leo-

111 1520 299 1565 dienscm
331 1521 552 1567 ecclesiam
584 1522 636 1565 ad
667 1521 747 1566 hoc
784 1522 1094 1566 discutiendum
1133 1522 1361 1577 habuistis3
1403 1524 1521 1567 cuius
1559 1525 1688 1567 ianua

111 1598 231 1644 vobis
261 1599 353 1644 sine
387 1600 691 1657 impedimento
731 1600 890 1656 patuit,
932 1600 1051 1644 cuius
1085 1601 1203 1656 vigor
1234 1614 1280 1645 se
1309 1601 1429 1645 vobis
1467 1615 1551 1645 non
1588 1601 1687 1646 sub-

111 1677 257 1733 traxit,
288 1677 406 1721 cuius
437 1677 664 1735 disciplina
693 1678 813 1722 vobis
845 1679 1036 1722 eminuit.

229 1754 316 1799 Vos
346 1755 547 1812 denique,
580 1769 676 1800 cum
708 1755 822 1813 apud
851 1769 929 1799 nos
961 1756 1023 1799 nil
1050 1756 1169 1800 vobis
1201 1757 1402 1812 obstaret,
1435 1771 1487 1801 ex
1520 1757 1684 1801 anima⁰

110 1835 255 1878 vestra
284 1833 536 1889 obticuistis,
567 1834 614 1877 in
644 1834 852 1878 vobismet
880 1835 986 1891 ipsis
1019 1835 1297 1878 emarcuistis.
1352 1835 1560 1892 Quicquid
1589 1836 1683 1891 fuit,

109 1911 394 1956 indiscussum
422 1911 656 1966 tolerastis3
698 1915 741 1956 et
769 1936 826 1942 —
854 1916 903 1955 ut
934 1913 1053 1955 aiunt
1080 1925 1250 1957 veraces
1287 1914 1492 1970 probique
1523 1914 1605 1957 viri
1627 1938 1684 1945 —-

109 1988 240 2033 nichil
261 1993 339 2045 est,
366 1989 485 2046 ‘quod
506 1990 546 2034 ei
565 1990 797 2046 imponitis
844 1990 959 2045 Ergo
982 2004 1034 2033 ex
1059 1991 1434 2048 circumspectione
1461 2005 1683 2047 canonum,

110 2067 234 2124 sicut,
266 2068 340 2125 qui
369 2067 570 2111 canonice
600 2067 793 2124 pulsatus
824 2068 936 2111 infra
967 2082 1124 2112 annum
1156 2072 1199 2112 et
1226 2069 1338 2113 diem
1369 2082 1540 2113 causam
1563 2084 1684 2113 suam

109 2159 195 2190 non
226 2145 494 2199 determinat,
525 2145 820 2202 dampnandus
853 2149 938 2199 est3
972 2146 1034 2189 ita
1065 2160 1090 2189 a
1121 2146 1250 2189 simili
1282 2161 1306 2190 e
1337 2148 1568 2203 contrario,
1611 2148 1684 2204 qui

109 2223 252 2281 plures
283 2236 416 2267 annos
446 2223 760 2267 communicans
792 2223 837 2267 in
859 2223 1053 2267 omnibus
1085 2226 1128 2267 et
1157 2224 1202 2266 in
1223 2224 1452 2268 cottidiano
1475 2229 1684 2269 conventu

107 2301 155 2345 in
185 2301 495 2359 episcopalibus
524 2301 692 2345 iudiciis
722 2302 767 2345 in
799 2302 936 2345 causis
968 2301 1182 2358 synodicis
1207 2302 1469 2346 indiscussus
1490 2303 1681 2359 habetur,

108 2378 218 2423 liber
256 2379 373 2423 abire
410 2379 546 2423 debet.
669 2379 852 2424 Decreta
896 2392 1079 2435 namque
1125 2383 1368 2423 sanctorum
1410 2384 1581 2438 patrum
1620 2382 1683 2425 ita

109 2456 352 2501 consulunt:
394 2458 448 2502 Ut
477 2461 667 2517 episcopi
696 2467 734 2502 et
762 2460 920 2501 iudices
951 2459 1114 2501 iudicia
1136 2459 1401 2510 discernant3
1434 2462 1535 2516 quia
1565 2459 1682 2503 sunt‘

110 2537 343 2593 quaedam⁸
371 2538 496 2579 modo
531 2538 785 2589 iudicanda,
828 2537 1036 2592 quaedam
1073 2537 1232 2579 iudicio
1264 2537 1353 2579 Dei
1387 2539 1643 2580 reservanda
1652 2534 1678 2580 ⁴.

109 2612 242 2669 Igitur
263 2626 316 2657 ex
343 2626 472 2670 supra
493 2613 617 2657 dictis
638 2613 868 2669 Augustini
894 2626 1046 2656 causae
1067 2616 1232 2656 vestrae
1251 2613 1322 2657 inh
1345 2615 1682 2671 praesentiarum

203 2735 231 2756 a.
262 2726 424 2774 bannoffi
439 2726 474 2764 Z,
496 2726 656 2766 bannoque
672 2727 710 2757 B.
825 2726 855 2757 b.
890 2726 1039 2756 diffinisse
1058 2726 1089 2763 V,
1113 2725 1270 2757 desfinisse
1285 2727 1320 2758 Z.
1435 2737 1461 2758 c.
1494 2729 1628 2759 intendit
1642 2729 1680 2759 B.

110 2780 140 2810 d.
172 2780 444 2810 communicatione
467 2780 506 2811 B.
601 2789 628 2810 c.
660 2780 759 2810 amina
781 2781 819 2810 B.
914 2780 935 2810 f.
967 2789 1024 2810 om.
1040 2780 1079 2810 B.
1174 2788 1203 2818 g.
1235 2781 1366 2819 quodam
1388 2781 1427 2811 Β.
1517 2781 1548 2812 h.
1580 2791 1681 2813 rerum

108 2833 140 2864 B
153 2843 217 2873 pro
238 2834 279 2863 in.

205 2892 237 2926 1.
262 2891 399 2928 Hezelo
424 2891 585 2927 decanus
611 2891 648 2927 S.
672 2891 808 2927 Mariae
833 2890 1018 2936 Aquensis
1047 2894 1235 2937 comparet
1264 2892 1301 2928 in
1332 2891 1469 2929 tabulis
1502 2902 1679 2929 annorum

111 2950 204 2986 1108
236 2952 275 2986 ct
301 2951 412 2998 11223
444 2962 481 2987 v.
506 2950 600 2994 Quix
632 2950 763 2987 Gesch.
790 2950 856 2986 der
888 2949 997 2986 Stadt
1021 2950 1173 2987 Aachen
1201 2951 1219 2986 I
1245 2952 1302 2988 76.
1447 2953 1480 2988 2.
1514 2951 1678 2989 Otbcrto.

111 3009 146 3046 3.
170 3009 321 3046 Hezclo.
440 3010 475 3046 4.
501 3010 705 3047 Bur-ohardi
729 3010 827 3047 decr.
845 3010 863 3046 I
887 3010 945 3046 60.
