2028 3438
199 359 401 396 1133-1134

206 1409 407 1445 1133-1134

419 232 509 275 450
877 244 1096 276 UDALRIOI
1126 243 1295 277 OODEx.
1342 241 1530 276 262—264

540 349 824 406 Quapropter,
863 363 980 395 aram
1017 350 1330 395 misericordiae
1360 352 1525 393 vestrae
1563 348 1908 406 amplectentenfft‘
1922 349 1977 394 ad

421 439 495 468 vos
527 426 787 481 confugimus
827 426 1094 482 debitumque
1133 426 1378 470 clementiae
1410 428 1572 470 vestrae
1607 425 1817 472 auxilium
1828 425 1977 473 *hmi-

420 503 516 546 liter
546 503 834 559 imploramus.
888 503 1092 559 Quicquid
1123 503 1234 547 enim
1266 502 1338 546 alii
1375 503 1554 561 faciant,
1581 505 1977 549 ¹vestrumaest::ex

421 580 588 634 gemino
633 580 820 623 caritatis
861 580 1025 622 vinculo
1071 580 1191 625 nobis
1235 580 1429 623 assistere
1471 579 1770 635 labantesque!
1792 579 1977 625 *brachio

422 657 590 700 virtutis
622 660 786 701 vestrae
817 656 1088 700 sustentareb.
1138 656 1318 700 Proinde
1348 670 1557 711 rogamus,
1590 655 1977 711 quatinuslittnras

422 738 583 778 vestras
615 734 670 777 ad
699 733 1068 790 metropolitanum
1100 734 1292 788 dirigatis
1325 737 1379 788 et,
1411 737 1458 776 ut
1486 733 1531 777 in
1561 733 1979 780 causa-nostratim-

423 825 524 866 gens
562 825 653 854 esse
692 810 793 854 velit
829 799 956 854 causa
986 810 1136 866 vestri,
1180 810 1429 865 efflagitetis.
1550 809 1772 865 Rogamus
1787 824 1977 867 quoque,

423 892 490 942 ut,
530 887 764 943 ubicunque
803 887 1024 931 concilium
1062 901 1139 944 pro
1170 887 1293 931 huius
1328 887 1390 931 rei
1420 887 1677 932 discussione
1715 891 1978 943 convocetur,

425 978 498 1008 vos
531 964 676 1009 adesse
707 964 860 1007 velitis.

429 1087 544 1134 263.
573 1089 819 1131 Adelbertus
843 1089 873 1130 I
897 1089 1233 1145 archiepiscopus
1256 1089 1529 1144 Moyuntinus
1564 1089 1753 1132 Ottonem
1774 1083 1804 1132 I
1821 1079 1978 1146 episco-

572 1181 674 1222 pum
706 1166 1052 1222 Bamberyensem
1082 1174 1218 1222 royat,
1251 1174 1298 1207 ut
1330 1165 1492 1209 Omnis
1524 1167 1711 1223 episcopi
1733 1157 1979 1210 Hal'bercta-

574 1245 699 1286 tensis
731 1258 824 1285 cum
855 1244 1066 1285 canonicis
1098 1243 1355 1285 conciliandi
1384 1258 1512 1286 causa
1542 1226 1600 1286 αᾶ
1629 1258 1671 1286 se
1701 1231 1905 1299 accedat&

1769 1307 1773 1318 ’
1804 1305 1980 1373 (19362)

547 1401 833 1454 A(delbertus)
865 1402 943 1444 Dei
975 1402 1112 1456 gratia
1140 1400 1410 1456 Moguntinus
1443 1402 1779 1459 archiepiscopus
1810 1405 1852 1445 et
1881 1415 1981 1459 apo-

430 1478 600 1521 stolicae
639 1479 749 1522 sedis
787 1479 949 1533 legatus
986 1479 1217 1522 venerabili
1254 1479 1453 1522 confratri
1493 1492 1567 1522 suo
1605 1478 1781 1533 octoni)
1819 1478 1981 1534 Babcn-

429 1556 621 1610 bergensi
653 1556 848 1612 episcopo
880 1555 1056 1599 salutem
1089 1570 1182 1599 cum
1215 1556 1402 1599 oratione
1433 1560 1475 1600 et
1505 1556 1716 1612 obsequio.

549 1632 843 1676 Controversia
872 1646 1025 1687 magna
1045 1633 1154 1676 inter
1175 1633 1346 1676 fratrem
1376 1637 1565 1676 nostrum
1587 1633 1788 1676 domnum
1806 1616 1982 1676 Halrer—

430 1707 704 1753 statensem⁶¹
727 1713 768 1753 et
799 1710 1000 1765 quosdam
1032 1710 1204 1753 fratres⁰
1236 1724 1332 1753 suos
1363 1710 1576 1764 regulares
1608 1714 1672 1754 est
1701 1710 1854 1754 habita.
1901 1696 1984 1752 Vo-

430 1787 533 1830 catis
566 1790 706 1830 autem
735 1787 923 1843 utrisque
953 1788 998 1830 in
1031 1787 1309 1841 audientiam,
1352 1788 1450 1843 quia
1479 1787 1704 1830 terminare
1736 1800 1827 1830 eam
1860 1789 1902 1830 et
1932 1785 1986 1842 ad

430 1864 694 1906 concordiam
727 1878 796 1907 eos
826 1878 1021 1908 revocare
1053 1864 1167 1907 nulla
1197 1865 1359 1907 ratione
1390 1878 1484 1907 cum
1514 1864 1645 1907 fratre
1668 1866 1811 1907 nostro
1833 1863 1984 1907 domno

432 1939 830 1984 Hildenheimensi‘²
871 1941 1103 1997 potuimus,
1149 1941 1338 1997 pluribus
1378 1941 1577 1984 fratribus
1617 1941 1772 1984 nostris
1816 1939 1870 1984 ad
1908 1939 1986 1983 hoc

431 2017 647 2060 nobiscum
687 2018 1028 2073 pertractandum
1065 2018 1303 2073 destinatis,
1344 2018 1523 2061 secundo
1554 2018 1597 2060 in
1630 2017 1883 2061 audientiam
1915 2031 1985 2061 ve-

432 2094 576 2137 niendi
607 2094 717 2137 diem
750 2098 791 2138 et
820 2095 955 2138 locum
989 2095 1049 2138 eis
1081 2095 1315 2138 statuimus.
1365 2095 1446 2138 Sed
1471 2095 1569 2150 quia
1598 2094 1823 2151 prudentia
1846 2098 1986 2138 vestra

402 2172 476 2214 ¹in
514 2172 685 2226 negocio
717 2171 795 2215 hoc
832 2172 946 2215 nullo
982 2172 1105 2215 modo
1145 2186 1366 2228 possumus
1404 2185 1565 2227 carere,
1607 2185 1802 2226 rogamus
1833 2185 1906 2216 vos
1945 2174 1987 2214 et

309 2793 399 2828 1134

291 2842 412 2871 ineunte

432 2248 616 2302 rogando
650 2249 896 2292 auctoritate
926 2252 1070 2292 nostra
1100 2249 1376 2304 iniungimus:
1411 2249 1605 2305 quatinus
1637 2248 1830 2305 proxima
1853 2247 1986 2291 domi-

433 2325 527 2368 nica
568 2329 665 2381 post
711 2326 994 2369 ascensionem
1032 2325 1227 2368 Dominis
1258 2325 1322 2368 .N.
1352 2326 1567 2369 nobiscum
1609 2325 1662 2368 ad
1699 2324 1986 2368 diffiniendam

433 2401 541 2444 hanc
572 2401 823 2445 discordiam
854 2402 990 2446 velitis
1023 2402 1179 2446 adesse.

438 2542 553 2587 264.
583 2544 830 2586 Adelbertus
856 2544 880 2586 l
902 2545 1238 2601 archiepiscopus
1260 2545 1535 2600 Moyuntinus
1560 2545 1618 2585 ad
1641 2543 1830 2587 Ottonem
1852 2543 1879 2586 I
1897 2544 1985 2600 epi-

583 2636 754 2677 scopum
774 2621 1121 2677 Bamberyensem
1143 2623 1193 2664 de
1214 2621 1408 2664 Locharii
1432 2621 1498 2663 III
1520 2621 1786 2677 imperatoris
1816 2621 1986 2662 iniuriis

585 2698 794 2753 querelam
823 2697 991 2753 dcferth.
1808 2695 1859 2749 (E
1882 2697 1985 2749 366)

553 2785 838 2837 A(delbertus)
870 2785 949 2828 Dei
981 2786 1116 2839 gratia
1146 2785 1414 2839 Moguntinus
1445 2783 1782 2841 archiepiscopus
1813 2787 1855 2827 et
1886 2797 1986 2840 apo-

529 2881 554 2901 a.
587 2873 781 2911 labentesque
796 2873 826 2902 V.
910 2873 938 2902 b.
961 2874 1124 2903 sustentari
1139 2874 1169 2903 V.
1253 2882 1278 2903 c.
1301 2883 1338 2903 ex
1353 2874 1592 2909 1f148—148v,
1617 2872 1645 2901 Z
1656 2882 1690 2910 p.
1703 2873 1780 2902 330.
1863 2872 1893 2901 d.
1915 2871 1985 2901 Hal-

436 2924 653 2954 berstatensem
676 2925 709 2954 Z.
799 2935 825 2954 e.
856 2925 920 2955 fr‘es
940 2925 1002 2955 ἣδε
1021 2926 1051 2955 V.
1138 2926 1160 2955 f.
1192 2925 1458 2964 Hyldenheimensi
1480 2925 1513 2955 Z.
1600 2934 1628 2962 g.
1660 2934 1717 2954 om.
1732 2924 1762 2955 V.
1844 2924 1876 2954 h.
1908 2932 1945 2953 επ
1964 2923 1991 2954 V

437 2978 649 3013 149-149υ,
673 2977 700 3006 Ζ
714 2987 747 3016 p.
760 2979 833 3008 331.
1029 2978 1060 3011 1.
1087 2976 1266 3012 ottonem.
1386 2977 1419 3011 3.
1444 2975 1655 3012 Bernhardo
1675 2976 1704 3011 Ι.
