2028 3438
423 248 507 290 708
692 261 929 292 nanssossm
959 262 1199 293 DrALOGth.
1246 264 1332 293 ms.
1355 264 1384 294 1.
1431 264 1704 296 Paoosffluu

290 374 383 409 1158
541 365 661 409 Tum
693 380 802 422 ego:
845 367 995 411 Semen
1033 369 1242 424 inquam
1275 361 1423 412 cecidit
1451 370 1496 412 in
1524 370 1682 413 terram
1713 368 1974 424 bonurn-&et

277 422 340 453 ¹⁰⁸⁴
357 423 396 452 3⁰
419 442 512 486 ideo
543 443 811 488 fructificavit
841 444 1030 487 multum.
1077 444 1158 487 Sed
1191 459 1331 501 perge,
1364 459 1510 501 queso3
1545 447 1747 502 quoniam-
1771 444 1972 501 ignimeo

419 520 635 576 aspersisti
674 521 823 564 oleum.
881 520 1090 564 Virtutum
1133 524 1256 577 atque
1301 522 1609 566 benefactorum
1635 523 1738 566 'eius
1771 521 1971 567 >am'l'nira-

419 597 529 640 cioni
568 611 662 641 mee
693 598 844 641 seriem
882 601 1014 640 totam
1056 612 1228 654 expone.
1284 598 1354 642 Sic
1392 600 1502 642 enim
1541 603 1767 655 auguratus
1805 598 1972 644 est'Se-

418 674 552 717 fridus
582 675 682 728 iste3
716 674 927 718 videlicet:
961 678 1002 717 te
1023 675 1214 718 veniente
1235 676 1288 718 ad
1308 690 1398 731 nos,
1431 691 1475 719 se
1503 674 1833 720 exsarcinatum⁴
1861 677 1970 731 for03

419 754 634 806 tamquam
666 755 711 794 tu
742 766 818 808 pro
850 765 897 794 eo
929 751 1113 794 laborem
1147 752 1268 795 huius
1298 754 1551 797 narrationis
1583 754 1796 798 subiturus
1826 753 1904 797 sis.-

539 828 660 870 Tum
698 828 811 871 ille:
853 828 944 871 Non
986 829 1061 871 ait
1098 829 1173 872 hec
1204 829 1291 872 dies
1323 830 1449 873 michi
1485 831 1617 875 libera
1647 834 1732 885 eat3
1772 830 1970 886 quoniam

420 905 573 947 caritas
606 905 819 962 hospitum
850 919 917 948 me
948 909 1193 962 occupatum
1216 906 1365 949 reddit.
1413 908 1557 963 Neque
1581 908 1646 951 his
1667 907 1970 969 dicendis-dies

419 981 584 1036 integra
615 981 803 1025 sufficiet.
927 982 1008 1025 Sed
1047 983 1081 1025 si
1114 983 1197 1037 vis,
1238 984 1392 1039 partito
1433 984 1476 1026 in
1515 997 1666 1040 equum
1704 996 1848 1040 onere,
1886 984 1970 1039 ille,

421 1058 519 1112 quid
551 1059 595 1100 in
627 1059 859 1114 peregrinis
891 1062 933 1102 et
964 1059 1153 1102 barbaris
1184 1060 1426 1103 nacionibus
1459 1062 1590 1115 egerit
1611 1063 1842 1118 episcopus,
1874 1062 1972 1118 quia

419 1135 567 1178 horum
600 1135 788 1178 conscius
821 1139 884 1178 est
914 1137 1061 1191 magis,
1096 1140 1137 1179 et
1169 1138 1374 1193 quomodo
1405 1138 1516 1194 apud
1548 1139 1779 1195 principem
1793 1136 1883 1181 'vin‘
1900 1150 1971 1181 cu-

419 1213 484 1254 ria
513 1211 696 1267 degeritb
728 1212 793 1254 vel
826 1226 908 1267 qua
938 1214 1221 1268 oportunitate
1251 1214 1295 1256 in
1327 1215 1485 1258 curiam
1516 1216 1679 1258 venerit
1715 1218 1757 1259 et
1788 1215 1887 1259 inde
1918 1215 1969 1258 ad

420 1288 685 1345 pontificatus
727 1289 993 1344 dignitatem,
1041 1290 1163 1332 homo
1210 1291 1377 1334 curialis
1424 1295 1466 1335 et
1509 1292 1554 1334 in
1592 1292 1708 1335 curia
1751 1292 1969 1347 enutritus,

420 1366 558 1422 aptius
591 1365 844 1422 explanabit.
895 1366 985 1421 Ego
1016 1370 1177 1422 autem,
1211 1367 1333 1410 homo
1365 1368 1563 1425 simplex,
1595 1363 1716 1412 velud
1746 1366 1868 1412 Iacob
1898 1368 1971 1411 ha-

419 1442 555 1486 bitans
602 1444 646 1485 in
692 1443 971 1486 tabernaculis
1019 1458 1111 1486 cum
1151 1443 1336 1488 Rebecca
1380 1448 1514 1488 matre
1559 1443 1692 1500 mea²,
1740 1459 1821 1501 que
1855 1444 1969 1488 domi

419 1533 541 1574 agere
573 1521 719 1563 solitus
752 1523 860 1574 erat,
902 1524 943 1563 et
981 1520 1030 1562 de
1069 1520 1381 1564 fundationibus
1413 1522 1479 1565 vel
1514 1522 1857 1566 renovacionibus
1888 1521 1970 1565 cel-

417 1596 554 1639 larum
586 1601 627 1640 et
657 1597 938 1651 cenobiorum,
971 1597 1174 1651 cenobita,
1208 1598 1365 1640 edicam
1400 1603 1445 1641 ut
1477 1602 1632 1655 potero.

537 1673 653 1716 Tum
698 1687 805 1728 ego:
847 1674 1014 1729 Optime
1054 1675 1258 1730 inquam
1299 1675 1479 1731 partitus
1512 1689 1567 1718 es.
1617 1675 1698 1718 Sed
1728 1678 1842 1718 tuam
1873 1689 1970 1732 par-

418 1753 502 1793 tem
535 1750 677 1804 hodie,
717 1750 753 1792 si
784 1754 921 1806 potes,
966 1751 1192 1807 explicat03
1232 1755 1279 1793 ut
1309 1753 1492 1794 crastina
1522 1752 1610 1794 dies
1640 1752 1752 1795 illius
1788 1752 1969 1796 sermoni

418 1827 786 1870 accommodetur0.
835 1827 1021 1883 Fietque,
1054 1831 1100 1869 ut
1131 1828 1181 1870 de
1213 1828 1432 1883 industria,
1466 1829 1565 1871 ordo
1588 1828 1837 1872 artificialis:
1870 1829 1967 1872 dum

418 1917 480 1958 ea,
514 1917 592 1958 que
623 1903 759 1959 primo
789 1904 902 1947 facta
932 1908 1042 1959 sunt,
1076 1910 1284 1960 postremo
1317 1905 1522 1948 dicuntur.

537 1980 701 2023 Timo:
742 1980 922 2035 Sequar,
964 1994 1208 2037 quocunque
1239 1982 1419 2025 vocabis.
1469 1982 1550 2025 Sed
1581 1982 1833 2036 cavendum,
1871 1982 1969 2038 quia

418 2057 594 2099 multum
627 2057 800 2111 diligere
832 2058 985 2100 scimur
1017 2072 1124 2113 eum,
1159 2058 1210 2101 de
1241 2072 1321 2113 quo
1352 2059 1580 2114 loquimur:
1620 2073 1672 2101 ne
1703 2059 1755 2102 ob
1786 2059 1875 2102 eius
1906 2058 1968 2100 di·-

416 2134 637 2177 lectionem
668 2148 756 2177 rem
789 2148 870 2177 non
892 2148 988 2177 vere
1020 2135 1186 2177 auxisse
1207 2135 1435 2178 videamur.
1488 2135 1674 2191 Itemque
1705 2148 1967 2191 summopere

418 2211 667 2253 cavendum:
711 2224 763 2254 ne
794 2211 917 2253 laude
948 2215 1206 2253 mortuorum
1238 2212 1342 2254 vivis
1375 2212 1633 2266 derogemus.
1695 2211 1816 2254 Multi
1855 2211 1965 2255 enim

419 2288 470 2330 ad
500 2288 697 2330 iniuriam
730 2287 955 2330 viventium
989 2288 1149 2342 magnis
1190 2292 1231 2331 et
1260 2289 1496 2344 inportunis
1527 2289 1719 2331 laudibus
1751 2288 1967 2331 benefacta

417 2363 594 2407 efferunt
632 2367 903 2406 mortuorum.
968 2364 1048 2407 Sed
1093 2365 1166 2406 hos
1215 2378 1288 2419 ego
1334 2378 1416 2407 non
1456 2365 1693 2408 laudatores
1733 2377 1852 2408 veros
1893 2364 1965 2407 sed

415 2439 682 2495 figurativos³
713 2441 1001 2484 criminatores
1032 2442 1279 2494 arguerim¹¹.

539 2519 575 2560 1.
624 2517 721 2561 Otto
758 2518 924 2572 quidem
964 2518 1082 2560 beate
1121 2531 1285 2574 semper
1325 2518 1523 2560 memorie
1560 2518 1702 2560 multis
1742 2517 1964 2561 virtutibus

418 2594 585 2648 enituit3
617 2594 690 2637 sed
720 2608 802 2637 una
832 2595 876 2636 in
907 2608 954 2637 eo
986 2597 1103 2637 tanta
1134 2594 1323 2637 claritate
1354 2594 1623 2650 resplenduit,
1655 2598 1702 2637 ut
1731 2595 1775 2637 in
1805 2607 1962 2637 morem

416 2670 530 2724 solis,
562 2673 700 2713 cetera
730 2671 868 2713 sidera
901 2672 1139 2726 prementis,
1171 2685 1246 2713 sua
1266 2671 1356 2715 luce
1378 2671 1480 2713 alias
1503 2671 1805 2725 quodammodo
1826 2671 1963 2714 minus

414 2746 607 2789 redderet
635 2747 853 2801 fulgentes.
901 2747 1004 2790 Dico
1028 2751 1163 2790 autem
1198 2747 1529 2791 beneficienciam
1553 2747 1617 2789 vel
1647 2747 1961 2800 liberalitatem;
1987 2763 1998 2772 ·

508 2873 533 2893 a.
569 2865 769 2894 exarcinatum
792 2865 831 2894 N.
941 2865 970 2894 b.
1004 2865 1140 2902 deguerit
1161 2866 1201 2895 N.
1311 2874 1336 2894 c.
1368 2864 1579 2894 accomodatur
1601 2865 1640 2894 N.
1748 2865 1777 2894 d.
1808 2864 1842 2894 in
1864 2864 1901 2894 N
1916 2872 1961 2895 se-

415 2920 552 2955 quumm-
573 2915 664 2946 haec.-
685 2916 815 2954 Explicit
837 2917 1034 2955 prohemium.
1066 2917 1173 2956 Incipit
1194 2918 1339 2947 narracio.

512 2986 541 3020 1.
569 2985 775 3020 Hcinricum
802 2986 863 3022 IV.
1007 2988 1039 3021 ⁶2.
1068 2986 1156 3021 Gen.
1176 2987 1231 3030 25,
1257 2987 1314 3020 27.
1458 2987 1491 3020 3.
1517 2988 1643 3020 tectos.
