2028 3438
624 253 846 286 numum
877 254 1048 286 connx.
1096 251 1143 286 74
1586 243 1670 286 153

99 437 184 486 74>
198 440 409 491 *Urbanus
432 441 490 485 H
509 440 628 499 papa
661 439 868 498 episeopis
904 439 1160 485 Germaniae
1189 443 1365 496 indicat,
1396 457 1477 499 pro
1510 457 1672 485 eoecom-

110 517 438 563 «mummio-atis
457 517 547 576 'qai
574 519 760 562 homines
791 519 975 562 habendi
1003 521 1125 563 θέην.
1490 519 1543 573 (Ε
1569 520 1670 573 176)

107 598 114 622 ”
214 593 410 653 Urbanus
439 609 662 666 episcopus
699 622 847 652 servus
884 622 1103 652 servorum
1134 608 1216 652 Dei
1254 609 1464 666 episcopis
1496 608 1672 653 Germa-

94 683 266 731 niaerifl
296 686 460 733 unitate
480 686 682 731 ecclesiae
702 687 944 731 constitutis
973 686 1152 731 salutem
1185 690 1227 731 et
1248 687 1524 744 apostolicam
1546 687 1671 731 bene-

95 757 341 808 didfiwemz'
370 798 374 801 v
476 768 477 771 ’

129 841 132 845 ”
213 842 414 888 Fratrum
455 845 699 886 nostrorum
743 843 1052 886 communicato
1090 843 1265 888 consilio
1310 844 1466 900 diuque
1504 856 1672 888 excom-

93 921 392 970 municationis
433 920 677 977 quaestione
714 923 916 976 tractata,
964 922 1101 965 sancti
1137 921 1498 978 praedecessorisb
1536 922 1673 966 nostri

96 996 584 1056 Gregorii-'sententiam
623 997 942 1055 confirmantes,
983 1000 1046 1043 ita
1082 1013 1175 1044 eam
1215 999 1399 1044 Domino
1436 1001 1672 1058 inspirante

95 1077 482 1122 determinavimus.
533 1075 677 1120 Primo
717 1076 926 1133 siquidem
964 1077 1100 1133 gradu
1136 1077 1424 1122 Ravennatem
1464 1078 1672 1122 heresiar-

15 1205 24 1213 ‚
95 1144 231 1212 cham5
260 1154 478 1200 &Romanae
507 1154 708 1198 ecclesiae
739 1154 980 1199 invasorem
993 1153 1016 1211 ¹,
1049 1169 1145 1199 cum
1167 1157 1355 1200 eiusdem
1380 1156 1672 1214 perversitatis

95 1233 241 1291 capite·
256 1233 318 1278 ab
349 1232 545 1278 omnibus
577 1232 778 1277 ecclesiae
808 1233 1039 1278 catholicae
1069 1235 1272 1278 membris
1309 1235 1494 1279 alienum
1526 1239 1568 1279 et
1599 1249 1672 1279 ex-

96 1310 450 1356 communicatum
485 1324 578 1354 esse
607 1323 839 1355 censemus,
889 1310 1081 1355 Secundo
1112 1325 1205 1368 eos,
1240 1313 1312 1368 qui
1333 1313 1462 1356 armis
1494 1314 1674 1370 pecunia

95 1389 270 1434 consilio
306 1393 384 1433 aut
419 1389 680 1445 obedientia,
721 1389 1027 1434 ecclesiasticos
1068 1391 1255 1434 maxime
1293 1391 1460 1435 ordines
1494 1395 1567 1435 aut
1596 1391 1672 1435 ho-

93 1466 226 1512 nores
249 1467 395 1512 abeis
427 1471 502 1511 aut
532 1481 676 1511 eorum
707 1467 942 1512 fautoribus
974 1468 1240 1525 accipiendo,
1282 1483 1428 1513 eorum
1457 1470 1672 1526 nequitiae

96 1545 414 1590 amminiculum
446 1545 784 1602 subministrant,
817 1546 892 1590 hos
923 1547 1054 1602 igitur
1077 1547 1369 1604 principaliter
1390 1548 1672 1592 anathematis

94 1623 274 1677 vinculis
313 1624 616 1679 astringentes3
663 1623 732 1667 in·
754 1625 885 1668 tercio
922 1625 1057 1680 gradu
1096 1625 1454 1669 communicantes
1495 1627 1554 1670 eis
1593 1640 1670 1670 nos

96 1701 383 1759 quidemnon
413 1702 840 1758 excommunicamus,
872 1703 960 1759 sed,
993 1703 1092 1759 quia
1122 1717 1168 1747 se
1200 1717 1345 1747 eorum
1377 1705 1671 1749 communione

95 1779 418 1836 commaculant,
449 1792 717 1836 nequaquam
747 1781 793 1824 in
823 1785 1012 1825 nostram
1035 1782 1279 1825 societatem
1302 1782 1391 1826 sine
1412 1783 1671 1839 penitentiae

95 1857 255 1903 ultione
286 1861 329 1902 et
359 1857 622 1903 absolutione
652 1859 894 1916 recipimus.
944 1858 1110 1904 Sanctis
1135 1860 1292 1917 quippe
1313 1862 1544 1905 canonibus
1576 1875 1673 1905 san-

97 1936 228 1981 citum
258 1939 444 1980 constat:
477 1940 537 1992 ut,
570 1937 643 1993 qui
674 1938 1047 1981 excommunicatis
1079 1938 1466 1995 communicaverit,
1505 1953 1673 1983 excom-

95 2015 346 2059 municetur.
457 2014 596 2071 Ipsius
627 2018 770 2059 tamen
791 2016 1051 2072 penitentiae
1074 2019 1200 2072 atque
1221 2017 1497 2061 absolutionis
1524 2018 1671 2062 modos

98 2106 155 2137 ea-
182 2092 473 2146 moderatione
511 2093 808 2137 discrevimus:
851 2097 916 2149 ut,
951 2095 1188 2151 quicunque
1220 2109 1295 2139 seu
1324 2096 1567 2151 ignorantia
1598 2110 1672 2140 seu

97 2171 251 2215 timore
287 2184 363 2214 seu
398 2171 650 2215 necessitate
687 2172 852 2227 negocii
883 2173 1136 2229 cuiusquam
1183 2174 1362 2217 maximi
1407 2179 1449 2218 et
1487 2175 1672 2218 maxime

96 2248 326 2302 necessarii
356 2262 503 2292 eorum
533 2262 579 2293 se
610 2250 803 2293 convictu
825 2250 1079 2294 salutatione
1100 2252 1289 2295 oratione
1309 2251 1377 2295 vel
1408 2252 1548 2296 osculo
1573 2266 1672 2296 con-

98 2312 389 2383 taminaverit,
428 2341 524 2370 cum
563 2328 740 2371 minoris
779 2328 1038 2385 penitentiae
1070 2329 1429 2386 absolutionisque
1461 2330 1671 2374 medicina

97 2409 266 2450 nostrae
297 2405 511 2450 societatis
542 2405 814 2463 participium
847 2407 1062 2450 sortiatur.
1183 2406 1270 2450 Eos
1303 2421 1415 2463 vero,
1449 2408 1521 2464 qui
1544 2422 1671 2466 spon-

98 2487 221 2534 tanee
259 2487 333 2527 aut
368 2483 630 2539 negligenter
666 2484 916 2539 inciderint,
964 2485 1041 2528 sub
1089 2498 1139 2529 ea
1185 2485 1378 2529 volumus
1422 2486 1671 2544 disciplinae

98 2560 343 2607 cohercione
374 2561 545 2619 suscipi,
577 2564 625 2605 ut
655 2562 806 2606 ceteris
837 2565 974 2625 metus
1005 2563 1247 2606 incutiatur.

192 2713 219 2735 a.
252 2714 290 2734 ex
312 2704 340 2734 V
359 2705 438 2742 82v,
462 2704 491 2734 Z
503 2714 538 2744 p.
551 2704 622 2735 172.
838 2704 869 2735 b.
901 2705 1155 2744 praedecessores
1176 2705 1211 2736 Z.

196 2793 229 2829 1.
255 2791 480 2829 Clementem
498 2791 551 2827 111
575 2791 799 2839 antipapam.

1698 614 1790 649 1089
