2028 3438
481 265 720 297 nnnsonm
752 263 996 296 numetis.
1041 264 1127 294 nm.
1152 264 1202 294 111
1236 261 1279 295 10
1581 249 1667 292 803

26 413 30 417 .
184 393 186 397 >
219 373 288 416 10.-
325 370 518 417 Ecclesia
537 372 666 427 igitur
687 369 933 428 proficiebat
953 373 995 413 et
1015 368 1231 414 crescebat
1252 372 1306 424 et,
1331 368 1430 412 licet
1452 367 1668 411 invidente
1694 375 1786 412 1127

96 449 277 505 diabolo,
309 449 530 494 ambulans
561 449 605 492 in
635 449 786 492 timore
817 447 1003 502 Domini,
1040 446 1202 504 Spiritu
1233 449 1379 490 sancto
1410 445 1665 503 replebatur.

96 525 346 574 Sed·2hostis
375 526 590 583 antiquus,
621 526 807 582 dampna
837 538 914 569 sua
944 538 1028 568 non
1056 524 1209 579 ferens,
1243 536 1372 580 opera
1393 522 1473 566 Dei
1494 522 1667 566 turbare

95 603 295 660 molitus,
341 603 494 648 validis
541 603 772 647 terroribus
820 603 1061 646 universam
1106 601 1369 659 provinciam
1414 600 1626 644 concussit
1641 598 1666 642 ¹.

96 680 206 726 Nam
235 680 458 726 Bolezlaus
489 680 575 724 dux
607 680 877 723 Poloniorum
910 679 1226 734 invictissimus,
1258 679 1303 722 in
1336 677 1470 721 multa
1499 677 1668 720 fortitu-

97 758 196 803 dine
223 759 467 816 etcopiose
497 757 681 801 militum
713 761 923 815 apparatu
955 757 1006 801 de
1037 761 1151 800 terra
1181 769 1259 799 sua
1289 755 1475 810 veniens,
1508 754 1594 798 iam
1623 754 1666 796 in

95 835 204 893 ipsis
239 835 434 880 :terminis
476 834 726 879 Pomeranie
764 839 904 878 castra
941 837 1123 878 metatus
1161 833 1395 887 ferebatur,
1441 832 1487 875 in
1525 831 1669 875 furore

0 929 39 967 j
95 913 216 969 gravi
254 916 420 958 *terram
463 913 602 970 ipsam
649 913 926 968 ingressurus.
990 911 1198 955 Audierat
1239 911 1371 954 enim:
1421 909 1532 966 quod
1571 911 1669 966 post

96 989 283 1047 priorem
313 990 426 1035 beati
447 989 613 1034 Ottonis
646 990 975 1047 predicationem
1007 1003 1084 1034 neo
1116 989 1230 1047 pacti
1251 1001 1394 1032 secum
1414 986 1569 1031 federis
1591 998 1669 1030 nec

96 1070 292 1126 suscepte
328 1068 546 1123 religionis
583 1068 678 1111 iura
717 1082 886 1111 servare
925 1070 1133 1111 curarent.
1197 1066 1374 1123 Insuper
1405 1066 1669 1122 compertum

96 1143 297 1190 habebat:
335 1145 447 1202 quod
477 1145 691 1200 civitates,
724 1159 805 1202 que
835 1145 1001 1202 pridem
1033 1157 1233 1188 converse
1262 1143 1443 1198 fuerant,
1477 1155 1572 1185 cum
1604 1141 1669 1184 his

97 1235 180 1279 que
209 1235 410 1268 converse
439 1222 626 1266 nondum
657 1223 846 1278 fuerant,
879 1222 1047 1266 remissi
1077 1222 1225 1265 tributi
1256 1221 1423 1265 veniam
1455 1218 1670 1276 aspernati

96 1300 247 1357 suique
274 1299 521 1345 mediatoris
553 1300 687 1356 obliti,
720 1300 879 1344 viribus
912 1300 1000 1344 suis
1032 1313 1077 1344 se
1106 1298 1304 1356 deinceps
1326 1301 1439 1341 tutos
1460 1297 1551 1341 fore
1571 1310 1670 1340 con-

96 1375 294 1433 fiderent-3
327 1378 632 1422 munitionibus
665 1382 707 1422 et
736 1378 901 1433 castris,
935 1391 1014 1434 que
1046 1376 1197 1421 bellica
1226 1375 1268 1419 vi
1303 1374 1558 1432 conplanata
1579 1374 1670 1418 fue·-

97 1459 210 1512 rant,
231 1468 285 1500 ex
305 1469 462 1512 magna
479 1459 602 1513 parte
622 1455 701 1499 hoc
720 1455 944 1499 intervallo
966 1455 1187 1512 reparatis.
1229 1453 1350 1497 Unde
1371 1452 1492 1509 quasi
1511 1452 1669 1495 iustam

97 1533 421 1577 commotionem
453 1532 626 1589 habens,
658 1533 744 1576 dux
775 1533 929 1577 iterum
962 1545 1032 1576 eos
1059 1535 1276 1576 conterere
1297 1529 1494 1575 veniebat
1514 1542 1671 1585 sueque

98 1610 255 1655 dicioni
283 1610 521 1666 subiugare.
644 1610 764 1662 Quod
785 1610 847 1654 illi
869 1610 1102 1665 audientes,
1134 1609 1360 1665 missisque
1381 1607 1523 1664 sepius
1545 1610 1671 1663 atque

98 1687 288 1732 remissis
318 1687 670 1745 exploratoribuS,
703 1689 934 1733 exercitum
964 1688 1050 1731 iam
1074 1687 1120 1730 in
1143 1686 1334 1743 proximo
1357 1687 1670 1740 cognoscentes,

98 1765 278 1810 multum
309 1765 464 1822 ubique
495 1766 709 1823 trepidare
730 1769 953 1823 ceperunt3
986 1765 1226 1823 partimque
1245 1763 1391 1819 fugere
1414 1775 1462 1806 ac
1481 1776 1550 1806 res
1573 1774 1670 1805 suas

99 1843 157 1887 ad.
183 1843 277 1888 loca
305 1843 469 1887 munita
499 1843 674 1899 deferre,
707 1844 862 1900 partim
897 1844 1023 1887 etiam
1049 1856 1168 1886 arma
1189 1844 1336 1886 contra
1357 1853 1526 1884 movere
1546 1839 1671 1883 fines-

99 1933 180 1977 que
219 1934 316 1965 suos
356 1920 579 1965 defendere
619 1921 945 1965 meditabantur.
1008 1921 1055 1963 ln
1086 1921 1179 1977 ipso
1210 1922 1354 1963 tamen
1386 1917 1585 1973 articulo,
1625 1920 1673 1960 ut

99 2001 203 2056 puto
235 2012 261 2042 a
290 1997 380 2042 Deo
412 1998 634 2055 inspirati,
675 2012 841 2054 omnes,
884 1998 1004 2054 quasi
1036 2011 1134 2040 oves
1168 1996 1221 2040 ad
1252 1999 1488 2053 pastorem,
1526 1995 1587 2038 sic
1619 1994 1671 2037 ad

100 2076 345 2133 episcopum
377 2076 678 2131 confugientes,
716 2076 815 2133 quid
848 2076 958 2118 facto
991 2089 1096 2132 opus
1128 2077 1240 2117 esset
1270 2073 1491 2117 consilium
1525 2085 1672 2128 quere-

100 2153 214 2198 bant.
273 2154 332 2198 At
360 2153 454 2208 ille,
493 2153 664 2210 pietatis
697 2153 928 2197 visceribus
960 2151 1158 2207 affluens,
1197 2151 1418 2195 ecclesiam
1450 2150 1599 2194 rudem
1631 2153 1674 2193 et

99 2231 345 2288 neophitam
376 2230 525 2275 bellico
557 2230 740 2274 tumultu
773 2231 917 2274 vexari
948 2229 1230 2287 perniciosum
1265 2229 1416 2284 sciens,
1450 2228 1501 2272 de
1529 2227 1673 2271 divina

102 2309 392 2353 misericordia
429 2308 555 2352 simul
595 2308 722 2352 etiam
755 2308 806 2351 de
837 2306 1023 2351 Bolezlai
1056 2307 1198 2350 ducis⁸
1231 2306 1419 2350 amicitia
1449 2318 1533 2348 non
1564 2317 1672 2348 vane

100 2399 362 2443 presumens,
395 2385 550 2430 bellum
584 2385 710 2429 simul
742 2388 784 2428 et
813 2397 982 2428 causam
1016 2384 1129 2440 belli,
1162 2384 1197 2428 si
1226 2383 1350 2428 modo
1373 2382 1560 2427 consiliis
1583 2382 1672 2425 eius

101 2476 252 2520 parere
281 2463 427 2519 velint,
459 2463 689 2507 dissolvere
720 2461 955 2519 pollicetur.
1009 2461 1099 2513 Quo
1132 2462 1273 2505 audito
1305 2461 1368 2504 illi
1401 2485 1454 2489 —
1488 2459 1672 2516 pruden-

100 2541 207 2588 tiam
237 2544 280 2585 et
310 2541 576 2585 sanctitatem
609 2539 792 2583 doctoris
813 2539 879 2582 sui
900 2538 1163 2583 attendentes
1186 2552 1262 2582 nec
1284 2538 1455 2582 sinistre
1476 2549 1673 2580 casurum

103 2617 297 2662 arbitrati
334 2619 577 2674 negocium,
617 2617 728 2673 quod
766 2616 838 2659 ille
869 2616 912 2659 in
944 2616 1096 2659 timore
1127 2616 1300 2659 Domini
1330 2615 1584 2671 suscepisset
1615 2638 1670 2643 —

102 2697 315 2740 communi
354 2696 520 2740 decreto
559 2698 693 2739 semet
731 2694 846 2750 ipsos
886 2696 929 2736 et
968 2693 1110 2736 omnia
1150 2707 1226 2736 sua
1262 2691 1438 2736 consilia
1476 2692 1566 2735 eius
1606 2705 1672 2734 sa-

103 2773 262 2831 pientie
292 2774 589 2817 conmiserunt.
712 2770 956 2827 Assumptis
988 2771 1116 2826 igitur
1147 2770 1323 2826 clericis,
1358 2773 1478 2826 pater
1500 2782 1672 2812 venera-

103 2850 222 2907 bilis,
264 2851 451 2894 sarcinas
492 2850 659 2906 quidem
697 2852 739 2892 et
770 2861 937 2891 omnem
969 2847 1272 2905 supellectilem
1304 2860 1422 2891 suam
1454 2847 1514 2890 ibi
1544 2845 1672 2889 relin-

105 2941 250 2984 quens,
282 2927 448 2971 obviam
481 2941 525 2971 se
553 2929 677 2984 parat
697 2925 920 2978 exercitui3
952 2925 1108 2969 iunctis
1130 2925 1211 2969 sibi
1233 2925 1335 2969 viris
1356 2923 1671 2968 honorabilibus

201 3032 228 3053 a.
261 3032 317 3053 om.
333 3023 382 3058 N,·
409 3021 514 3061 recepi
533 3031 572 3051 cx
595 3021 664 3051 BR.
1042 3014 1073 3049 1.
1100 3012 1154 3049 Cf.
1172 3011 1252 3050 Ebo
1269 3012 1322 3049 III
1342 3013 1397 3048 13.

1307 3077 1386 3113 51÷÷
