2028 3438
298 401 389 436 1021

287 1711 379 1746 1020

268 1759 339 1798 Apr.
353 1760 392 1789 17

413 273 500 316 492
833 286 1090 318 nms'ronffl-
1101 286 1481 318 'BAMBERGENSEQ
1522 285 1551 319 e

413 391 653 448 intrepidus
669 392 767 436 inde
787 395 936 437 testem
958 393 1077 437 illum
1099 392 1289 448 adhibe0,
1319 393 1386 436 cui
1405 392 1547 437 lucent
1567 393 1819 438 abscondita
1828 393 1968 439 cordis

415 468 578 525 abysso.
1307 476 1309 479 ’
1783 483 1874 514 κω
1902 496 1904 505 2

533 544 578 588 Si
615 552 799 589 mererer
835 549 876 590 te
914 545 1257 589 iocundissimum
1297 545 1555 590 defensorem
1595 546 1793 603 habere,
1803 552 1968 604 parum

414 634 604 665 curarem
636 622 729 679 plus
762 622 976 677 acquisitis
1009 622 1223 677 acquirere
1254 636 1328 666 seu
1358 622 1519 667 altioris
1550 623 1772 679 dignitatis
1792 624 1969 679 gradum

415 698 660 752 ascendere3
697 699 778 741 nisi
809 699 967 742 faceret
995 698 1066 742 ille
1097 699 1362 743 dulcissimus
1395 703 1588 755 questus,
1620 701 1700 757 quii
1721 701 1970 746 cstnmt'erit

413 775 458 817 in
496 775 709 818 lucrandis
746 775 976 818 animabus·
1024 775 1180 819 Verum
1212 776 1343 819 dulcis
1381 777 1455 820 illa
1490 777 1677 821 lucratio
1704 777 1765 823 sit·
1798 777 1968 833 invilla,

413 865 489 908 per
510 852 626 895 cuius
658 852 845 895 ordinem
878 852 1070 906 congruit
1099 866 1197 909 pars
1228 854 1443 908 universo;
1477 857 1519 897 et
1549 855 1605 898 sit
1623 855 1669 898 in
1689 861 1773 900 'sum
1795 854 1967 911 pictate,

415 928 610 984 quicquid
642 929 738 972 inde
769 929 884 971 cordi
914 932 986 972 tuo
1018 929 1212 984 dignetur
1242 930 1461 986 inspirare.
1571 931 1619 974 In
1649 930 1768 975 illum
1791 930 1970 987 (ιοὶιίὶεῐο,Ι

414 1005 531 1048 cuius
552 1005 596 1047 in
618 1006 845 1062 spiramine
866 1005 970 1049 istcc
990 1006 1155 1049 tibimet
1176 1006 1386 1061 adscrib03
1417 1008 1612 1063 quatinus
1633 1008 1825 1052 fructum
1836 1008 1968 1053 servi-

414 1082 517 1124 tutis
554 1085 723 1138 optatae
760 1082 1006 1138 quandoque
1041 1096 1205 1127 merear
1243 1084 1519 1128 dominationi
1553 1088 1651 1129 tuac
1690 1084 1856 1143 plenius
1895 1093 1969 1129 οιΑ

413 1158 570 1202 hibere.
1768 1169 1774 1202 ἵ

534 1235 704 1279 Interim
737 1238 879 1279 tamen
911 1236 966 1279 sit
996 1235 1074 1279 hoc
1094 1235 1237 1291 lingua
1266 1236 1536 1281 litterationis
1560 1237 1824 1294 exhibitum,
1821 1238 1969 1284 donec

416 1312 616 1356 exhibitio
655 1313 823 1368 linguae
859 1313 1071 1357 fructuoso
1109 1314 1388 1370 conprobetur
1417 1314 1461 1358 in
1498 1328 1651 1372 opere.-
1690 1315 1759 1363 Ad
1795 1328 1967 1360 manum

416 1392 556 1432 autem
594 1393 810 1444 gratanter
842 1390 1018 1446 accipito
1050 1404 1202 1434 munus
1232 1404 1426 1447 presenS‚
1466 1392 1576 1447 quod
1614 1392 1781 1449 porigit
1805 1393 1969 1438 sincera

415 1465 601 1520 devoti03
632 1480 707 1523 per
731 1480 855 1522 quam
882 1466 1053 1510 habebis
1075 1479 1197 1510 omne
1225 1468 1601 1525 promptissimum,
1624 1469 1827 1526 quicquid
1854 1469 1968 1514 utili-

414 1543 514 1586 tatis
546 1547 610 1587 est
643 1543 686 1586 in
718 1544 855 1587 cordis
887 1544 969 1587 mei
1001 1557 1098 1587 arca
1126 1545 1400 1589 reconditum.

534 1619 653 1663 Unde
685 1620 920 1664 huiusmodi
951 1622 1240 1678 promissionis
1273 1625 1434 1678 partem
1466 1636 1518 1666 ex
1549 1623 1780 1679 parte‘iam
1803 1623 1968 1668 videtur

416 1697 583 1752 exigere
603 1697 730 1752 digna
749 1698 981 1741 recordatio
1012 1699 1220 1755 paschalis
1241 1699 1350 1753 festi,
1382 1699 1492 1755 quod
1515 1700 1970 1746 iocundissimetecum

416 1775 716 1829 celebravimus
753 1775 795 1817 in
830 1788 938 1817 anno
973 1775 1104 1831 priori
1118 1773 1140 1818 ¹.
1192 1775 1286 1818 Non
1317 1776 1428 1819 enim
1464 1780 1549 1820 tam
1583 1777 1724 1821 divina
1753 1780 1842 1822 tam
1871 1777 1970 1822 reli-

416 1852 534 1906 giosa
564 1852 783 1906 celebritas
815 1852 896 1896 erit
927 1852 1125 1896 oblivioni
1155 1852 1380 1907 tradenda3
1415 1853 1543 1897 immo
1575 1854 1823 1900 memoriale·
1847 1867 1969 1901 suum

416 1942 499 1972 non
532 1928 737 1972 delebitur
765 1928 810 1972 in
841 1929 992 1972 secula.
1039 1929 1188 1973 Nullus
1210 1930 1391 1986 quidem,
1417 1931 1488 1986 qui
1509 1934 1599 1975 crat
1618 1931 1691 1987 ibi,
1715 1931 1968 1987 celebritatis

416 2005 540 2048 huius
570 2006 727 2062 poterit
756 2019 954 2062 umquam
986 2006 1194 2061 oblivisci3
1233 2007 1371 2051 nullus
1401 2008 1573 2063 inquam
1601 2008 1784 2065 illorum,
1819 2008 1968 2065 quibus

417 2083 668 2137 religiositas
690 2086 754 2126 est
773 2084 908 2126 amica
928 2083 1144 2127 virtutum.
1191 2083 1419 2139 Celebritas
1440 2085 1541 2129 haec
1567 2085 1968 2133 credituridiviuitus

418 2160 611 2203 ordinata
642 2164 765 2215 atque
795 2173 1005 2215 concessa,
1038 2160 1159 2204 aliter
1189 2162 1298 2205 enim
1321 2175 1404 2205 non
1424 2161 1544 2207 fieret
1563 2162 1803 2207 humanitus
1822 2162 1970 2208 ordine

416 2241 504 2280 tam
536 2237 770 2281 venerando
796 2236 931 2280 finita.

533 2313 643 2357 Ecce
662 2314 842 2357 vicarius
867 2314 1000 2357 sancti
1016 2313 1130 2357 Petri
1138 2312 1166 2370 ’,
1189 2315 1260 2370 qui
1278 2314 1525 2371 principalis
1546 2316 1814 2372 prerogativa
1833 2315 1967 2371 digni-

416 2391 516 2434 tatis
556 2394 804 2447 potestatem
837 2391 962 2435 habet
997 2391 1155 2446 ligandi
1186 2394 1309 2447 atque
1341 2391 1548 2447 solvendi,
1575 2392 1630 2436 -in
1662 2392 1729 2436 die
1763 2393 1966 2448 caritatis,

269 2485 341 2524 Apr.
356 2486 395 2515 14
417 2481 521 2522 quae
543 2467 694 2510 dicitur
715 2467 889 2511 mirifico
913 2468 1151 2511 testimonio
1174 2468 1382 2511 caritativi
1403 2468 1590 2512 beneficii
1611 2476 1765 2513 coena·
1780 2469 1965 2524 Domini,

416 2544 532 2587 venit
561 2544 614 2587 ad
644 2544 890 2601 hospicium,
924 2545 1033 2600 quod
1063 2545 1211 2588 intimo
1243 2544 1361 2588 votob
1392 2545 1529 2589 cordis
1560 2546 1621 2589 tui
1650 2547 1695 2589 in
1725 2545 1966 2591 Babunber-

417 2621 535 2675 gensi
564 2621 654 2664 loco
686 2621 775 2665 Deo
808 2625 872 2665 est
902 2625 1128 2677 sanctoque
1158 2621 1281 2665 Petro
1317 2625 1532 2678 paratum,
1571 2625 1619 2665 ut
1656 2623 1862 2667 carissimi
1891 2622 1966 2667 ho-

418 2698 541 2754 spitis
573 2698 754 2741 adventu
791 2699 1088 2742 iocundissimo
1119 2698 1208 2742 Deo
1239 2701 1380 2742 nostro
1417 2699 1603 2742 caritatis
1634 2702 1731 2742 tuae
1770 2713 1966 2754 agnosce-

417 2777 532 2817 retur
572 2788 661 2818 esse
701 2775 880 2819 iocunda
923 2776 1121 2819 laudatio.
1252 2775 1437 2827 Qualiter
1483 2779 1621 2819 autem
1666 2776 1881 2820 advenerit
1924 2779 1966 2820 et

418 2851 597 2908 qualiter
628 2852 820 2896 ordinata
855 2866 933 2896 nec
970 2866 1054 2895 non
1091 2851 1328 2895 missalibus
1368 2852 1622 2895 ornamentis
1659 2852 1808 2899 induta
1841 2852 1965 2897 turba

513 2959 541 2981 a.
574 2960 647 2992 cena
667 2951 732 2982 cod.
1013 2952 1043 2983 b.
1074 2953 1145 2982 voto
1165 2952 1201 2982 in
1221 2951 1328 2982 litura.

513 3015 545 3050 1.
571 3024 666 3051 anno
691 3015 795 3061 1020,
820 3014 907 3061 Apr.
926 3015 982 3052 17.
1266 3015 1299 3050 2.
1326 3013 1543 3051 Benedictus
1560 3014 1659 3052 VIII.
