2028 3438
278 366 366 401 1127

299 526 370 556 Mai.

245 904 315 935 Mai.
330 905 370 935 22

394 237 481 280 792
766 248 1004 279 HERBORDI
1035 248 1274 280 mALocth.
1323 249 1409 279 ΜΒ.
1433 249 1484 279 111
1513 246 1545 280 2.
1563 248 1586 280 3

514 354 774 398 Sefridus:
816 354 973 398 Obedio
1005 358 1066 409 et,
1107 358 1154 398 ut
1185 354 1331 410 vultis,
1371 354 1469 398 licet
1499 355 1733 398 succinctus
1763 354 1946 410 maliem,

395 431 447 475 ad
471 431 703 488 imperium
735 434 918 475 vestrum
953 431 1179 474 discinctus
1210 431 1414 474 incedam.

514 509 553 551 3.
598 508 730 563 Igitur
760 509 803 551 in
835 508 914 551 hac
945 508 1127 563 civitate,
1161 508 1259 564 quia
1289 521 1420 565 prope
1450 508 1532 551 fuit
1559 508 1710 551 festum
1744 507 1947 553 adventus

395 585 578 642 Spiritus
618 585 751 628 sancti
766 582 787 640 ¹,
829 585 914 628 dux
953 588 1063 629 terre
1094 584 1368 639 Wortizlaus,
1407 588 1495 628 toto
1528 584 1652 629 corde
1682 583 1946 641 christianus,

393 662 593 705 instinctu
616 661 780 705 Ottonis
811 661 1036 705 baronibus
1068 664 1110 705 et
1139 662 1368 718 capitaneis
1395 662 1528 705 tocius
1549 662 1763 718 provincie
1783 672 1833 706 ac
1852 674 1947 720 pre-

392 739 512 783 fectis
526 738 759 782 ·civitatum
792 739 836 781 in
867 739 973 782 festo
995 742 1255 795 pentecostes
1275 742 1526 782 conventum
1548 736 1745 793 indixit²3
1777 751 1946 782 causam

394 815 519 859 simul
550 815 705 858 Christi
736 815 942 858 mandans
975 815 1259 871 euangelium,
1293 819 1334 859 et
1363 814 1661 870 euangelistam
1692 816 1844 859 iterum
1875 815 1948 860 ad-

394 893 558 937 venisse
581 891 773 935 Ottonem
799 892 1054 948 episcopum.
1102 892 1246 949 Itaque
1267 895 1423 936 statuto
1445 891 1512 935 die
1533 893 1794 948 congregatis
1813 893 1948 936 omni·

393 970 485 1025 bus,
518 969 695 1012 adducto
726 969 770 1011 in
801 969 984 1012 medium
1008 970 1216 1026 episcopo,
1249 969 1333 1012 dux
1356 969 1433 1012 ait:
1466 970 1535 1012 En
1556 971 1615 1012 ad
1634 955 1748 1026 quod
1765 972 1945 1013 venistis.

394 1048 463 1090 En
494 1062 635 1090 coram
666 1055 724 1088 est
752 1048 928 1088 nuncius
952 1046 1173 1088 Altissimi.
1223 1048 1377 1089 Pacem
1396 1047 1502 1102 fert,
1535 1061 1620 1089 non
1644 1062 1788 1098 arma‚·
1803 1062 1948 1104 ‘neque

394 1132 529 1166 vestra
562 1124 656 1175 sibi,
690 1124 762 1165 sed
791 1132 944 1165 vosmet
972 1125 1087 1179 ipsos
1101 1121 1201 1166 'Deo
1229 1124 1389 1166 lucrari
1409 1126 1554 1180 querit.
1602 1123 1826 1176 Attendite,
1859 1139 1945 1167 oro.

395 1201 506 1244 Ante
548 1201 623 1243 Izoc
663 1196 1009 1256 quadriennium³
1049 1202 1095 1242 in
1134 1201 1417 1257 superioribus
1456 1201 1577 1243 huius
1614 1209 1722 1243 terre
1755 1201 1947 1261 partibus

395 1279 557 1330 docens,
590 1292 654 1319 me
684 1286 779 1320 teste
807 1303 860 1308 ——
890 1279 1020 1320 nostis
1044 1292 1205 1333 quoque
1226 1286 1262 1319 et
1282 1280 1370 1334 ipsi
1389 1303 1442 1308 -
1468 1279 1607 1320 omnia
1627 1278 1800 1335 replevit
1819 1293 1946 1321 euan-

392 1355 516 1411 9elio.
564 1355 621 1397 Et
652 1363 749 1396 tunc
780 1355 947 1410 quidem
978 1355 1052 1396 lias
1075 1363 1218 1410 partes
1238 1356 1408 1397 visitare
1427 1355 1609 1404 volebat,·
1641 1356 1713 1397 sed
1732 1355 1825 1398 Deo
1843 1370 1946 1413 pro-

395 1441 587 1489 sperante
617 1434 788 1487 neqocia
819 1446 916 1484 sua,
951 1440 1033 1474 toto
1065 1446 1175 1473 anno
1206 1431 1280 1473 illo
1311 1434 1464 1474 sanctis
1497 1431 1689 1488 operibus
1720 1432 1808 1475 illic
1837 1441 1946 1475 tene·

396 1511 519 1553 batur
551 1518 788 1565 occupatus,
822 1523 1063 1564 emensoque
1093 1523 1203 1550 anno
1235 1510 1293 1550 ad
1321 1524 1399 1550 sua
1419 1511 1570 1551 reverti
1587 1524 1660 1551 sue
1679 1510 1787 1552 sedis
1808 1511 1946 1553 racio-

395 1575 517 1630 nibus
550 1587 770 1643 coqebatur
798 1600 872 1627 nec
903 1586 960 1627 ad
989 1600 1061 1627 vos
1093 1587 1230 1627 venire
1259 1586 1479 1642 prevaluit.
1535 1585 1640 1638 Sed,
1683 1601 1828 1642 queso,
1860 1602 1947 1630 una

396 1679 553 1706 mecum
584 1672 622 1706 et
650 1664 771 1706 huius
804 1671 841 1704 et
869 1662 984 1704 illius
1013 1664 1077 1703 vie
1098 1677 1245 1704 causas
1267 1663 1486 1718 diliqenter
1507 1663 1725 1713 advertite,-
1758 1664 1949 1720 quodque

396 1743 442 1783 in
475 1742 590 1782 omni
619 1755 746 1782 causa
775 1740 877 1793 fieri
904 1739 1017 1791 solet,
1052 1741 1158 1794 quis,
1193 1740 1309 1794 quid,
1344 1754 1474 1795 quare
1503 1739 1568 1781 vel
1597 1741 1802 1796 quomodo
1833 1749 1945 1796 aqat,

397 1818 522 1860 altius
556 1816 888 1873 contemplemur.
935 1816 993 1858 Et
1011 1817 1150 1872 primo
1173 1817 1222 1857 de
1240 1831 1421 1872 persona
1441 1817 1489 1858 id
1507 1816 1622 1859 vobis
1643 1825 1814 1869 constat,
1847 1819 1949 1874 quia

397 1895 516 1938 homo
548 1894 768 1950 reliqiosus
801 1895 914 1935 senio
947 1902 983 1935 et
1014 1894 1171 1935 canicie
1200 1893 1446 1934 venerabilis
1470 1902 1551 1943 est‚·
1583 1894 1658 1936 hoc
1679 1895 1786 1936 enim
1808 1902 1846 1936 et
1863 1896 1952 1951 ipsi

396 1972 556 2014 videtis.
611 1971 680 2012 De
718 1972 835 2012 cuius
873 1970 1087 2013 nobilitate
1123 1968 1250 2026 opera
1282 1978 1482 2012 testantur
1513 1979 1550 2013 et
1579 1972 1748 2013 virtutes
1780 1979 1817 2014 et
1845 1972 1945 2024 alta,

397 2056 442 2090 ut
476 2047 571 2102 fida
612 2047 812 2090 relatione
855 2049 1098 2099 didicimus,
1140 2061 1312 2088 avorum
1350 2055 1386 2089 et
1421 2062 1675 2103 proavorum
1713 2050 1799 2090 eius
1839 2048 1948 2106 linea

396 2126 640 2167 nativitatis.
689 2125 827 2166 Porro
850 2126 889 2166 si
907 2125 1152 2180 diynitatem
1175 2125 1398 2179 querimus,
1416 2125 1634 2180 presulari
1647 2124 1790 2181 fulqet
1811 2124 1947 2180 officio

397 2210 434 2243 et
463 2203 669 2243 universis
697 2200 916 2243 Teutonici
943 2203 1064 2257 reqni
1091 2201 1355 2256 principibus
1386 2202 1597 2256 speculum
1629 2210 1686 2243 est
1708 2210 1745 2244 et
1765 2201 1944 2244 lucerna.

398 2277 653 2334 Imperatori
691 2292 852 2334 quoque
885 2278 1075 2320 Romano
1115 2286 1151 2319 et
1188 2278 1411 2333 apostolice
1448 2279 1556 2319 sedis
1585 2278 1775 2334 pontifici
1801 2287 1947 2334 ²qratus

398 2355 518 2396 valde
549 2363 607 2397 est
638 2363 674 2396 et
705 2356 824 2396 unice
842 2354 1108 2409 familiaris;
1139 2356 1183 2395 in
1216 2369 1319 2396 auro
1345 2368 1507 2410 quoque
1528 2362 1565 2397 et
1584 2364 1769 2410 arqento,
1802 2357 1848 2397 in
1867 2343 1945 2398 mi-

398 2431 682 2473 nisterialibus
714 2439 751 2473 et
767 2431 972 2486 feodatis,
1006 2432 1051 2472 in
1082 2433 1196 2486 aqris
1222 2439 1259 2472 et
1275 2431 1617 2486 possessionibus,
1652 2440 1689 2474 et
1710 2446 1948 2488 quecunque

399 2508 464 2548 hic
498 2509 677 2549 mundus
706 2509 898 2563 preciosa
932 2516 1066 2559 uocat,
1108 2509 1223 2549 domi
1253 2522 1343 2549 eum
1374 2509 1540 2549 divitem
1569 2509 1758 2550 novimus
1790 2516 1828 2550 et
1853 2508 1945 2564 qlo-

397 2585 566 2625 riosum.
613 2584 705 2626 Huc
726 2586 848 2626 etiam
870 2585 1087 2640 opulentus
1109 2586 1287 2636 advenit,
1320 2592 1449 2626 vestre
1468 2584 1597 2626 saluti
1615 2586 1924 2627 ministraturus
1932 2600 1947 2634 ,-

398 2675 471 2702 nec
501 2661 671 2702 aliunde
703 2676 828 2716 quam
860 2662 910 2703 de
939 2663 1026 2702 suis
1053 2662 1283 2717 sumptibus
1305 2662 1422 2717 apud
1441 2675 1511 2702 vos
1533 2662 1667 2702 vivere
1681 2663 1947 2719 propositum

398 2737 563 2778 liabens.
622 2737 708 2779 Sed
744 2752 868 2793 roqo,
911 2739 1015 2794 quid
1051 2738 1253 2780 intendit?
1290 2746 1336 2780 ut
1367 2738 1490 2793 quid,
1531 2745 1641 2779 tante
1672 2739 1734 2779 vie
1766 2738 1947 2780 laborem

399 2827 640 2868 aqqressus,
681 2828 754 2855 nec
789 2816 968 2870 proprio
1008 2816 1178 2871 corpori
1210 2829 1283 2856 nec
1313 2813 1542 2870 sumptibus
1569 2814 1736 2868 parcit?
1788 2813 1875 2856 Sed
1902 2822 1947 2855 ut

399 2889 573 2931 breviter
611 2891 770 2942 dicam,
817 2893 921 2932 sicut
960 2899 997 2933 et
1031 2892 1216 2946 pridem,
1257 2890 1387 2931 nichil
1416 2890 1535 2931 aliud
1565 2891 1720 2944 querit,
1762 2891 1848 2931 nisi
1874 2904 1946 2931 vos

493 2975 525 3010 1.
551 2975 794 3020 pentecostes,
820 2977 865 3011 22
889 2976 973 3011 Mai.
1093 2976 1126 3011 2.
1152 2974 1206 3010 Cf.
1226 2974 1302 3010 Ebo
1325 2975 1375 3010 111
1400 2975 1433 3010 6.
1551 2975 1585 3010 3.
1611 2975 1683 3010 imo
1707 2974 1910 3010 triennium.
