2028 3438
358 249 443 292 652
718 263 880 294 neoms
911 264 1017 294 vrrA
1047 264 1257 295 o‘r'roms.
1304 265 1392 295 Lm.
1413 265 1465 295 111
1499 264 1527 297 1.
1546 263 1568 296 2

135 376 336 412 1125-1126
356 367 546 424 pontifex
578 382 744 412 eorum:
776 371 980 425 Edificate
996 371 1070 413 ‘ait
1099 371 1166 413 hic
1196 373 1364 414 domum
1394 373 1464 414 dei
1491 374 1618 415 vestm·
1651 374 1786 416 iamai
1800 374 1914 416 edem

363 445 582 489 Teutonici
611 447 680 488 dei
685 462 699 496 ‚⁰
742 448 795 489 etv
810 447 928 489 colite
960 462 1050 489 eum
1083 450 1246 503 pariter
1277 463 1369 490 cum
1399 450 1482 491 diis
1513 451 1684 502 vestris,
1718 463 1779 492 ne,
1793 450 1914 505 sfbm

356 523 600 578 indiqnatus
638 525 850 566 interitum
886 524 982 566 huic
1013 524 1100 566 loco
1135 527 1380 580 quantocius
1410 526 1580 581 inferat.
1600 547 1621 552 -·
1655 543 1672 562 ν
1694 524 1788 576 Qui·
1813 538 1914 583 W*

358 602 478 654 cepto
510 599 599 641 eius
629 603 871 655 paruerunt.
919 599 976 642 Et
996 613 1127 655 usque
1154 600 1206 643 ad
1238 601 1416 644 reditum
1448 601 1627 658 piissimi
1650 601 1915 658 apostoliam

359 674 524 718 Ottonis
555 676 600 718 in
632 676 709 718 hoc
741 689 880 718 errore
911 680 1262 732 permanserunt,

477 752 516 794 2.
566 751 647 795 Sed
677 752 846 795 interim
867 765 950 795 non
973 753 1133 796 destitit
1153 753 1291 797 divine
1322 754 1492 810 pietatis
1524 754 1800 811 providentia,
1828 759 1914 812 'que

358 842 525 885 semper
555 829 866 871 conversionem
900 830 1129 872 errantium
1162 830 1392 885 desiderat,
1432 834 1609 887 paterna
1637 844 1709 875 eos
1739 830 1914 876 lenitate

302 941 312 951 .
358 905 608 960 redarguere
647 919 722 962 per
760 906 966 960 quendam
1008 907 1345 962 potentissimum
1383 908 1434 951 de
1471 908 1631 952 civibus
1670 908 1759 952 suis
1783 907 1914 963 Wirt-

359 982 603 1025 schachum‘¹
634 983 823 1037 nomine,
860 983 1109 1026 mirabiliter
1141 983 1192 1027 ab
1224 984 1405 1027 hostium
1438 985 1680 1041 captivitate
1710 988 1761 1029 et·
1782 985 1912 1030 maris

357 1059 543 1116 periculo
573 1058 809 1102 liberatum.
857 1059 975 1110 Quod
1005 1060 1242 1103 nullatenus
1274 1060 1443 1104 silencio
1474 1062 1800 1118 pretereundum
1824 1066 1911 1116 ,θείς

358 1136 540 1179 maxime
572 1149 665 1178 cum
697 1149 785 1192 per,
819 1135 1031 1180 absentem
1061 1137 1172 1192 licet,
1206 1137 1491 1181 beatissimum
1512 1138 1782 1182 Pomeranice
1807 1151 1912 1194 gen—

357 1213 413 1255 tis
454 1212 687 1269 apostolum
727 1216 814 1255 tam
853 1213 1022 1256 evidens
1061 1214 1308 1257 miraculum
1341 1214 1532 1259 Christus
1563 1216 1728 1272 operari
1764 1216 1820 1260 sit
1849 1215 1913 1260 di-

356 1293 520 1344 gnatus.
1881 1332 1890 1334 A

477 1366 692 1422 Siquidem
714 1366 927 1410 orientalis
949 1371 1012 1410 est
1032 1368 1146 1422 regio
1169 1368 1440 1412 barbarorum
1461 1368 1723 1425 Pomerania,
1750 1368 1910 1413 habens

358 1458 410 1487 ex
431 1444 560 1487 latere
592 1444 851 1500 provinciam
872 1443 1102 1500 Danorum,
1135 1445 1242 1487 mari
1266 1445 1550 1490 interiacente.
1600 1447 1819 1503 Tantaque
1848 1450 1913 1490 est

357 1521 486 1563 maris
517 1521 715 1576 latitudo,
754 1525 975 1577 utramque
1006 1522 1195 1564 dividens
1225 1523 1460 1578 regionem,
1497 1526 1563 1578 ut,
1597 1524 1667 1579 qui
1696 1524 1741 1566 in
1772 1523 1910 1567 medio

356 1598 557 1652 navigans
591 1599 858 1641 serenissima
889 1599 955 1641 die
995 1599 1155 1655 positus
1187 1600 1334 1654 fuerit,
1374 1601 1463 1643 vix·
1483 1601 1720 1656 provincias
1750 1600 1826 1644 has
1858 1600 1911 1644 ad

356 1675 490 1717 instar
519 1675 768 1730 parvissime
798 1676 920 1719 nubis
941 1677 1204 1719 considerare
1225 1677 1374 1720 valeat.
1421 1677 1501 1719 Hic
1530 1677 1672 1732 itaque
1694 1677 1795 1721 civis
1818 1677 1910 1722 Ste-

356 1752 545 1806 tinensis,
577 1752 710 1806 gloria
741 1757 782 1796 et
803 1753 964 1795 diviciis
996 1754 1106 1796 inter
1127 1767 1223 1796 suos
1250 1754 1577 1810 opinatissimum
1607 1755 1846 1810 frequenter
1864 1754 1910 1798 in

354 1829 616 1884 provinciam
646 1829 863 1872 Danorum
893 1830 1092 1884 navigare
1128 1833 1169 1872 et
1208 1830 1379 1886 predam
1411 1844 1462 1873 ex
1495 1844 1545 1874 ea
1575 1843 1698 1886 agere
1727 1831 1908 1884 solebat3

356 1906 464 1948 sicut
502 1909 543 1948 et
573 1905 635 1948 illi
668 1920 689 1949 e
721 1909 866 1949 contra
895 1907 939 1948 in
970 1906 1262 1950 Pomeraniam
1294 1907 1459 1950 crebras
1498 1908 1756 1951 incursiones
1795 1909 1909 1964 pira-

356 1983 460 2025 ticas
491 1982 711 2025 faciebant.
835 1982 917 2025 Sed
949 1996 996 2026 eo
1021 1987 1222 2040 tempore,
1256 1997 1336 2039 quo
1358 1985 1504 2027 civitas
1535 1998 1611 2027 sua
1641 1985 1907 2041 apostasiam,

357 2062 403 2102 ut
433 2059 706 2115 prediximus,
737 2059 984 2114 incurrerat,
1015 2060 1126 2103 idem
1150 2065 1373 2116 prepotens
1395 2061 1459 2103 vir
1473 2060 1810 2106 Wirtschaclms¹²
1840 2075 1908 2106 co-

356 2137 473 2192 pioso
506 2149 580 2179 sex
611 2136 780 2178 navium
812 2140 1018 2192 apparatu
1039 2137 1181 2180 Danos
1213 2137 1293 2180 sibi
1323 2137 1507 2180 infensos
1539 2138 1708 2194 petebat
1737 2142 1800 2194 et,
1823 2151 1907 2182 non

356 2213 543 2269 previsas
573 2213 760 2255 incidens
792 2212 981 2267 insidias,
1013 2226 1105 2255 cum
1139 2214 1331 2257 omnibus
1356 2214 1442 2257 suis
1463 2218 1609 2271 captus
1631 2218 1706 2258 est.
1754 2214 1907 2259 Sociis-

358 2304 436 2345 que
458 2289 681 2332 crudeliter
702 2289 986 2344 strangulatiS,
1017 2290 1109 2346 ipse
1131 2291 1242 2333 solus
1262 2291 1419 2333 carceri
1449 2291 1644 2346 traditur,
1675 2291 1780 2335 collo
1811 2305 1907 2349 pee-

356 2370 447 2409 tore
478 2366 671 2409 manibus
711 2366 966 2422 pedibusque
997 2367 1115 2420 gravi
1146 2370 1386 2410 catenarum
1417 2381 1548 2422 nexu,
1586 2372 1756 2424 questus
1787 2369 1906 2412 dum-

357 2446 475 2486 taxat
513 2443 670 2498 gratia,
710 2443 982 2499 compeditus.
1038 2444 1085 2486 In
1116 2443 1193 2486 hac
1225 2444 1437 2486 artissima
1473 2444 1704 2488 reclusione
1743 2446 1904 2502 positus

356 2520 613 2575 singulisque
643 2521 880 2574 momentis,
913 2521 1076 2575 quando
1109 2521 1160 2563 ad
1191 2521 1337 2563 mortis
1369 2522 1626 2564 atrocissime
1653 2521 1904 2578 supplicium

355 2597 603 2651 traheretur,
637 2600 867 2652 suspectuS,
901 2597 1081 2652 piissimi
1113 2597 1291 2653 apostoli
1321 2598 1386 2639 sui
1416 2598 1661 2641 memoriam
1692 2598 1904 2642 revolvere

356 2673 479 2729 cepit,
517 2687 542 2715 a
573 2686 653 2728 quo
684 2673 774 2728 ipse
806 2673 960 2716 dudum
993 2674 1043 2717 de
1075 2687 1191 2717 sacro
1224 2674 1378 2717 Christi
1407 2674 1519 2717 fonte
1552 2678 1768 2731 susceptus
1799 2678 1901 2719 erat.

355 2749 411 2792 Et
443 2749 598 2792 salubri
628 2750 896 2793 lacrimarum
927 2750 1060 2794 imbre
1091 2751 1297 2807 perfusuS,
1329 2751 1436 2794 hanc
1466 2752 1696 2808 supplicem
1721 2752 1902 2795 Domino

356 2840 407 2869 ex
440 2826 630 2869 omnibus
663 2827 799 2869 cordis
830 2827 1022 2870 medullis
1061 2828 1246 2883 profudit
1282 2828 1531 2871 orationem:
1572 2830 1755 2872 Domine
1783 2830 1902 2872 Deus

356 2905 632 2960 omnipotens,
675 2906 750 2959 qui
777 2920 852 2947 noa
884 2906 941 2947 ad
971 2907 1248 2960 coqnicz'onem
1280 2907 1459 2948 nominis
1491 2907 1554 2948 cui
1583 2921 1664 2962 per
1695 2921 1739 2949 08
1768 2908 1905 2949 sancti

447 3005 474 3026 a.
507 2996 676 3026 Wirtiscum
700 2997 737 3026 Ε.
1020 2997 1048 3027 b.
1077 2998 1235 3027 Wirtiscus
1256 2999 1294 3028 E.
