2028 3438
275 379 366 414 1127

255 427 325 457 Mai.
341 428 380 458 22

182 2003 253 2040 post
267 2001 336 2032 Mai.
344 2002 383 2031 22

404 251 492 295 660
762 263 926 296 neoms
956 264 1063 295 vrrA
1094 263 1302 295 orroms.
1350 264 1436 294 mn.
1459 263 1510 294 111
1540 261 1573 296 6.
1591 261 1612 296 7

405 378 442 414 et
471 379 626 414 terram
655 379 844 413 vestram.
892 371 992 414 Non
1024 379 1083 413 est
1109 385 1257 423 meum,
1291 370 1349 412 ad
1377 370 1484 412 hanc
1515 383 1586 412 voc
1615 368 1955 425 reliqionem-po-

400 462 520 504 yere5
552 449 667 504 quia,
700 456 746 491 ut
767 463 816 490 ex
839 462 908 490 ore
929 449 1091 490 domini
1118 449 1201 489 mei
1230 448 1416 503 episcopi
1438 447 1598 499 audivi,
1628 460 1712 489 non
1733 445 1821 499 vult
1838 445 1957 498 Deus

403 533 545 567 coacta
567 526 744 567 servicia
765 525 838 566 sed
856 524 1108 567 voluntaria.
1159 523 1439 581 Quapropter,
1471 524 1666 567 unanimi
1684 522 1873 589 consilio*
1888 523 1956 575 in-

404 610 464 643 ter
484 616 555 643 vos
577 609 729 643 secreto
752 602 1046 653 convenientes,
1080 601 1228 644 salutis
1259 608 1388 643 vestre
1418 615 1587 643 caucam
1617 600 1727 656 ayite
1757 607 1805 651 et,
1835 598 1960 655 quali

404 679 617 720 devotione
647 678 756 719 hunc
785 679 1157 720 reverentissimum
1186 678 1274 720 Dei
1309 693 1471 720 servum
1500 685 1760 733 vestrumque
1788 683 1962 732 apostoe-

404 754 489 797 lum
519 756 773 811 suscipiam,
807 756 852 796 in
874 769 1085 797 commune
1105 755 1318 797 decernite.
1440 752 1516 796 His
1549 737 1957 809 auditis,',-principes

404 833 446 873 et
475 834 578 873 natu
608 830 800 885 maiores,
840 833 1092 886 oportunum
1122 830 1219 873 huic
1248 829 1452 885 colloquio
1483 829 1621 893 locum
1651 831 1856 886 petentes,
1884 828 1959 872 diu

403 906 665 963 multumque
705 907 878 963 ancipiti
918 908 1124 950 sententia
1160 907 1414 950 nutabundi⁸
1453 906 1722 962 oberrabant,
1744 905 1959 963 ,precipue

404 984 689 1027 sacerdotibus
721 984 940 1041 ydolorum
974 987 1144 1040 questus
1176 984 1240 1026 sui
1272 983 1408 1039 gratia
1437 982 1830 1028 contradicentibus.
1857 981 1959 1026 ‘Sed

403 1074 502 1118 pars
524 1061 703 1104 sanioris
726 1061 889 1104 consilii
911 1061 1165 1104 affirmabat:
1197 1060 1359 1103 infinite
1378 1060 1503 1103 nimis
1525 1073 1616 1104 esse
1644 1059 1885 1116 insipientie
1901 1083 1956 1090 -—

404 1151 497 1181 cum
521 1151 664 1181 omnes
688 1138 1072 1181 circumiacentium
1103 1138 1318 1181 nationum
1351 1137 1564 1193 provincie
1594 1140 1788 1192 totusque
1804 1136 1959 1186 Roma-

403 1229 482 1257 nus
515 1215 626 1257 orbis
658 1215 883 1258 christiane
919 1215 1016 1259 fidei
1054 1216 1196 1270 iugum
1237 1214 1411 1257 subierit
1438 1238 1491 1243 —-
1522 1227 1569 1257 se.
1597 1213 1713 1260 velut
1748 1213 1957 1257 abortivos

404 1292 562 1346 gremio
594 1295 737 1335 sancte
768 1293 915 1335 matris
948 1292 1119 1336 ecclesie
1152 1291 1402 1344 abalienari3
1441 1291 1672 1346 meritoque
1703 1289 1958 1346 diligendum

405 1368 727 1412 christianorum
750 1369 900 1424 Deum,
934 1369 1004 1424 qui
1037 1383 1110 1425 per
1131 1372 1193 1412 tot
1214 1382 1415 1411 annorum
1447 1367 1652 1411 curricula
1683 1380 1754 1412 eos
1784 1367 1863 1411 sibi
1893 1379 1959 1410 re-

405 1445 533 1489 belles
565 1445 798 1502 pertulerit,
832 1446 1045 1501 pacienter
1078 1449 1324 1502 exspectans
1355 1445 1667 1488 conversionem
1699 1457 1862 1497 eorum3
1893 1443 1958 1487 ni-

405 1522 568 1577 misque
589 1522 832 1577 verendum,
865 1523 900 1565 si
933 1523 1112 1579 amplius
1142 1523 1284 1577 iugum
1317 1523 1405 1565 eius
1426 1521 1762 1574 detrectaverint,
1794 1520 1958 1564 celestis

404 1599 467 1642 ire
498 1598 807 1655 importabilem
831 1612 921 1642 sese
943 1599 1168 1641 vindictam
1190 1600 1412 1642 incurrere.
1461 1599 1660 1653 Tandem,
1692 1597 1834 1641 divina
1864 1610 1958 1654 pre-

407 1675 600 1718 veniente
632 1675 875 1730 clementia,
908 1676 1160 1718 unanimiter
1191 1675 1348 1718 cultum
1378 1675 1595 1731 ydolorum
1629 1674 1875 1718 abdicarunt
1904 1677 1958 1728 et,

405 1750 503 1795 fidei
523 1752 620 1806 iugo
642 1752 748 1795 colla
770 1752 1074 1806 submittenteS,
1107 1752 1306 1808 baptismi
1337 1752 1515 1806 gratiam
1535 1750 1724 1806 flagitare
1745 1753 1956 1807 ceperunt.

406 1828 494 1879 Quo
517 1829 672 1883 audito,
706 1832 848 1885 pastor
869 1829 1083 1885 piissimus
1105 1828 1207 1872 flens
1239 1842 1313 1884 pre
1343 1829 1495 1882 gaudio
1524 1811 1958 1885 positisque‘genibus

406 1905 576 1948 intimas
607 1905 696 1948 Deo
727 1906 957 1960 gratiarum
990 1906 1172 1948 actiones
1204 1905 1394 1948 exsolvit.

526 1982 565 2024 7.
614 1981 713 2024 Mox
744 1982 872 2036 igitm
891 1983 935 2024 in
958 1982 1099 2025 eadem
1126 1982 1293 2025 civitate
1321 1982 1546 2038 baptizatis
1577 1950 1835 2037 principibus
1865 1980 1958 2023 uni-

407 2058 559 2112 versis,
599 2058 718 2101 binos
751 2063 793 2101 et
823 2058 941 2101 binos
974 2073 996 2102 e
1027 2058 1270 2114 presbiteris
1311 2058 1392 2102 sibi
1433 2058 1727 2101 adherentibus
1764 2057 1817 2103 ad
1854 2056 1958 2100 alias

407 2134 529 2177 urbes
563 2137 659 2177 ante
688 2135 838 2177 faciem
863 2148 981 2177 suam
1013 2135 1216 2191 premisit,
1250 2138 1297 2177 ut
1327 2135 1480 2191 populo
1501 2134 1813 2178 conversionem
1844 2133 1958 2190 prin-

408 2211 547 2267 cipum
581 2224 783 2266 suumquc
815 2211 1038 2254 adventum
1061 2211 1364 2254 denuntiarent.
1486 2211 1669 2262 Quorum
1697 2211 1791 2264 duo,
1821 2210 1865 2253 id
1896 2213 1960 2253 est

407 2286 627 2330 Udalricus
658 2286 877 2342 religiosus
909 2288 1114 2344 presbiter
1136 2287 1278 2331 Sancti
1297 2288 1438 2342 Egidii
1470 2290 1512 2330 et
1542 2300 1670 2343 supra
1700 2287 1835 2330 dictus
1855 2286 1959 2330 Alb-

409 2363 562 2418 winus,
603 2364 811 2420 interpres
846 2364 926 2406 viri
957 2364 1056 2418 Dei,
1096 2364 1456 2420 opulentissimam
1493 2363 1704 2406 civitatem
1735 2359 1960 2417 Hologost¹

410 2440 564 2483 dictam
595 2440 799 2483 adierunt.
854 2439 934 2483 Ubi
966 2454 990 2483 a
1020 2443 1154 2483 matre
1184 2440 1386 2494 familias,
1426 2452 1556 2482 uxore
1591 2439 1748 2483 scilicet
1786 2439 1959 2495 prefecti

409 2516 539 2570 urbis,
571 2516 796 2560 honorifice
827 2516 1008 2572 suscepti
1040 2519 1154 2569 sunt3
1193 2516 1255 2559 ita
1284 2519 1331 2558 ut
1360 2515 1486 2572 pedes
1518 2529 1658 2558 eorum
1691 2529 1853 2558 summa
1883 2516 1958 2558 hu-

409 2592 601 2635 militatis
633 2592 856 2636 devocione
886 2592 1047 2635 lavaret
1078 2593 1314 2647 statimque,
1347 2605 1492 2634 mensa
1522 2592 1727 2647 apposita,
1760 2592 1959 2649 copiosis-

411 2667 529 2711 simis
561 2682 629 2711 eos
662 2669 838 2725 dapibus
868 2668 1078 2721 reficeret3
1110 2668 1358 2711 mirantibus
1390 2668 1448 2710 eis
1481 2670 1522 2710 et
1546 2668 1768 2711 admodum
1790 2672 1958 2724 stupen-

411 2743 542 2798 tibus,
584 2745 695 2800 quod
732 2745 859 2788 talem
894 2745 938 2787 in
969 2758 1097 2799 regno
1128 2744 1281 2787 diaboli
1312 2743 1558 2786 humilitatis
1590 2747 1632 2787 et
1662 2744 1957 2801 hospitalitatis

410 2820 589 2873 gratiam
619 2821 888 2863 invenissent.
1011 2820 1196 2863 Tandem
1226 2820 1345 2863 finita
1373 2820 1610 2874 refectione,
1647 2820 1822 2864 domnus
1852 2820 1958 2863 Alb-

410 2895 544 2939 winus
575 2899 752 2939 matrem
781 2896 963 2939 familias
994 2897 1198 2940 secrecius
1230 2896 1456 2951 alloquens,
1492 2895 1692 2940 indicavit
1722 2897 1761 2940 ei
1790 2910 1958 2940 causam

504 2997 531 3018 a.
562 2988 739 3019 mutabundi
764 2988 795 3019 O.
1120 2983 1152 3018 1.
1179 2982 1357 3027 Wolgast.
