2028 3438
619 239 844 271 nmmum
874 238 1046 271 oonnx.
1097 237 1160 271 191
1595 228 1680 272 347

107 343 341 402 rentium&¹
369 346 471 403 quid
503 346 561 390 sit
596 346 825 390 tenendum
857 348 932 390 aut
963 359 1045 403 que
1081 359 1202 390 meae
1234 347 1290 390 sit
1327 347 1551 404 parvitatis
1590 361 1684 392 sen·
1708 359 1802 395 1118

106 425 479 481 teritia52'querere
510 424 699 480 dignatio
729 426 872 468 vestra
901 424 1077 468 curavit.
1201 423 1293 476 Qua
1322 424 1367 468 in
1397 438 1444 468 re
1483 424 1588 468 illud
1618 426 1684 469 in-

107 502 343 561 primbex
373 503 475 546 totis
506 502 851 560 praecordiorum
881 502 1078 546 medullis
1098 503 1351 558 ingemisco:
1385 502 1496 558 quod
1517 517 1685 548 summa

107 583 282 625 nostrae
295 579 480 636 salutis,
523 593 651 636 quam
690 580 919 624 auctoritas
958 583 1203 624 sanctorum
1237 583 1409 638 patrum
1449 581 1526 624 sub
1567 582 1684 625 omni

107 657 361 702 certitudine
390 656 611 714 diffinivit,
648 657 730 702 heu
761 657 946 714 peccatis
986 658 1276 714 exigentibus,
1313 658 1501 702 versutia
1535 672 1683 716 repro-

106 735 273 781 borum
301 735 522 782 hominum
566 735 682 792 apud
727 735 942 792 simplices
982 738 1025 780 et
1060 735 1202 779 minus
1240 738 1385 779 cautos
1424 737 1469 779 in
1508 735 1682 780 dubium

107 801 295 868 ducitur3
328 815 372 856 et
390 812 436 857 in
457 813 638 868 negotiis
659 813 834 857 ecclesie
860 813 1134 858 discutiendis
1154 827 1239 856 non
1259 813 1550 857 testimonium
1573 814 1684 858 sacri

108 890 264 948 eloquii
294 890 371 935 sed
404 893 690 935 commentum
722 890 897 934 humani
930 891 1168 935 admittitur
1199 891 1376 935 arbitrii.
1431 891 1523 943 Qua
1554 891 1605 936 de
1635 905 1683 936 re

108 971 313 1026 quantum
350 968 594 1013 detrimenti
632 968 851 1012 incumbat
890 969 1059 1013 divinae
1099 968 1317 1025 religioni,
1366 969 1556 1026 quisquis
1596 983 1683 1014 non

107 1046 233 1104 sapit,
265 1046 454 1104 profecto
485 1046 538 1091 ab
569 1046 684 1090 omni
716 1046 824 1090 bono
847 1060 973 1090 sensu
997 1047 1164 1104 desipit.
1262 1046 1347 1090 Vos
1370 1050 1525 1103 autem,
1558 1061 1683 1092 vene-

106 1124 239 1168 rande
273 1123 428 1168 domne
463 1137 513 1168 ac
547 1124 679 1168 frater
714 1124 759 1167 in
796 1124 964 1168 Christo
1002 1125 1288 1180 dilectissime,
1325 1138 1410 1168 non
1439 1138 1464 1168 a
1490 1138 1571 1181 me,
1610 1126 1682 1182 qui

106 1201 238 1246 nichil
267 1212 363 1246 sum
394 1215 447 1246 ex
477 1215 566 1258 me,
606 1202 681 1246 sed
712 1216 765 1246 ex
805 1203 1055 1247 auctoritate
1093 1206 1335 1247 sanctarum
1375 1204 1683 1260 scripturarum

107 1279 334 1338 multiplici
373 1283 416 1324 et
452 1280 773 1337 inexpugnabili
810 1280 970 1325 discere
1002 1280 1183 1325 debetis:
1225 1280 1406 1337 qualiter
1434 1281 1681 1336 fugiendum

107 1358 165 1402 sit
194 1358 247 1403 de
282 1358 421 1403 medio
451 1357 702 1416 Babylonis3
743 1358 905 1402 seilicet
942 1372 1028 1402 non
1068 1372 1243 1416 corpore
1283 1359 1358 1403 sed
1395 1362 1556 1415 mente,
1596 1373 1682 1404 non

105 1436 303 1495 passibus
334 1436 490 1494 pedum
521 1436 593 1480 sed
625 1436 882 1494 profectibus
914 1437 1140 1493 virtutum,
1171 1450 1257 1481 non
1289 1437 1518 1481 deserendo
1550 1438 1682 1481 bonos

106 1518 282 1574 propter
301 1514 436 1559 malos
456 1514 570 1558 fastu
594 1515 830 1572 superbiae,
853 1515 927 1559 sed
948 1515 1168 1558 tolerando
1191 1515 1324 1559 malos
1355 1519 1530 1573 propter
1550 1515 1681 1559 bonos

107 1593 189 1638 snb¹
206 1595 383 1651 optentu
413 1592 742 1637 misericordiae.
794 1593 914 1645 Quod
934 1596 1075 1637 autem
1098 1593 1191 1637 dico
1213 1593 1265 1637 de
1285 1593 1411 1637 malis
1432 1594 1683 1651 spiritaliter

106 1684 193 1716 non
214 1670 499 1729 corporaliter
527 1670 733 1727 vitandis,
766 1671 846 1715 hoc
877 1671 1164 1728 patriarchae,
1201 1671 1282 1716 hoc
1310 1672 1562 1729 prophetae,
1604 1671 1682 1716 hoc

106 1749 200 1808 ipse
237 1752 407 1794 sanctus
437 1752 680 1793 sanctorum
715 1749 911 1793 dominus
941 1749 1056 1793 Iesus
1088 1749 1305 1806 Christus,
1343 1750 1423 1794 hoc
1458 1751 1547 1794 eius
1580 1763 1682 1808 apo-

107 1827 207 1872 stoli
235 1840 315 1872 nec
344 1840 430 1872 non
467 1830 510 1871 et
539 1840 685 1871 omnes
719 1828 940 1885 apostolici
970 1828 1052 1872 viri
1092 1842 1178 1872 non
1217 1827 1353 1872 solum
1391 1828 1562 1886 scriptis
1594 1828 1682 1872 suis

108 1907 184 1952 sed
214 1905 442 1963 exemplis·
470 1905 799 1950 evidentissimis
830 1907 1055 1950 contestati
1087 1909 1206 1961 sunt3
1240 1907 1340 1963 quia
1369 1907 1481 1950 inter
1512 1920 1582 1950 eos
1615 1920 1682 1950 as-

108 1985 229 2030 sidue
248 1984 619 2039 conversabantur,
642 1998 819 2041 quorum
841 1985 952 2028 vicia
972 1988 1116 2029 tamen
1137 1985 1343 2028 acerrime
1361 1985 1679 2029 execrabantur.

107 2063 229 2108 Unde
260 2077 313 2108 ex
342 2062 466 2106 factis
505 2065 747 2106 sanctorum
788 2062 935 2119 procul
966 2063 1092 2107 dubio
1134 2063 1364 2119 colligitur,
1405 2063 1485 2107 etsi
1523 2063 1682 2121 scripta

109 2156 255 2187 eorum
284 2140 497 2186 interdum
530 2140 616 2183 sint
647 2140 865 2197 ambigua,
905 2141 1005 2197 quia
1036 2140 1174 2185 aliena
1211 2141 1412 2197 iniquitas
1443 2155 1528 2185 non
1566 2141 1681 2185 coin-

109 2219 257 2277 quinat
298 2219 610 2264 cohabitantem
651 2232 827 2276 corpore
866 2219 941 2263 sed
980 2220 1312 2263 consentientem
1350 2222 1504 2263 mente.
1560 2219 1682 2265 Hanc

109 2300 250 2342 autem
286 2298 538 2342 sententiam
570 2311 715 2341 sanam
749 2302 792 2342 et
822 2296 1070 2341 catholicam
1101 2311 1271 2355 possem
1310 2297 1504 2354 equidem
1535 2297 1681 2342 multis

109 2379 152 2420 et
180 2375 415 2420 rationibus
446 2379 490 2420 et
519 2376 839 2420 auctoritatibus
869 2375 1141 2431 confirmare,
1174 2376 1257 2419 nisi
1288 2376 1439 2420 vitium
1472 2378 1604 2431 esset,
1635 2375 1680 2419 in

109 2467 303 2498 somene
334 2454 387 2499 ad
419 2454 589 2497 doctum
619 2454 757 2497 virum
792 2453 986 2497 instituto
1019 2453 1071 2498 de
1100 2467 1147 2497 re
1178 2454 1404 2498 manifesta
1434 2453 1558 2511 copia
1586 2467 1680 2498 ver-

108 2531 259 2576 borum
288 2535 566 2589 perstrepere.

227 2609 360 2654 Porro
391 2613 532 2654 autem
563 2610 600 2653 si
631 2609 829 2666 queritis,
869 2609 971 2665 quid
1005 2608 1234 2653 tenendum
1266 2609 1323 2653 sit
1352 2609 1404 2654 de
1441 2609 1517 2654 illa
1554 2624 1681 2667 gene-

109 2687 190 2732 rali
220 2688 676 2743 excommunicatione,
709 2701 789 2744 que
819 2690 989 2745 praeter
1019 2687 1246 2731 utilitatem
1278 2687 1478 2732 ecclesiae
1510 2694 1552 2732 et
1583 2702 1680 2732 auc-

108 2765 323 2810 toritatem
356 2778 501 2809 sacrae
532 2766 787 2823 scripturae,
821 2779 907 2809 non
940 2764 1029 2809 zelo
1058 2764 1139 2809 Dei
1171 2765 1245 2809 sed
1275 2765 1477 2810 instinctu
1509 2766 1679 2822 diaboli,

111 2843 165 2887 ad
203 2842 552 2887 scandalizandos
583 2843 760 2901 pusillos
792 2842 949 2887 Christi
988 2843 1323 2888 extraordinarie
1361 2844 1682 2889 subintroducta

111 2924 188 2976 est,
221 2924 390 2964 auctore
410 2921 649 2976 Augustino
680 2922 866 2978 perfecte
895 2921 1179 2978 instruemini,
1211 2921 1283 2978 qui
1303 2921 1348 2965 in
1371 2921 1549 2966 diversis
1581 2935 1680 2979 ope-

203 3026 230 3046 a.
264 3017 327 3046 suis
350 3015 421 3046 add.
444 3016 474 3046 1⁷.
1043 3009 1074 3044 1.
1103 3007 1258 3056 Philipp.
1276 3011 1310 3056 2,
1336 3011 1394 3046 21.
