2014 3432
248 809 249 812 Ἰ
296 855 606 939 UDALRICI
651 855 1265 912 BABENBERGENSIS
1295 856 1539 913 CODEX.

138 1073 397 1146 Udabm’cus,
434 1091 600 1134 scholae
631 1092 957 1149 Bamberqensis
990 1092 1186 1135 alumnus
1200 1087 1223 1145 ¹,
1264 1090 1431 1134 saeculo
1464 1093 1709 1137 duodecimo

115 1168 238 1224 fuit-,⁸
269 1171 347 1227 qui
375 1183 469 1213 cwm
494 1167 734 1214 Gebekardi
764 1170 1037 1213 adolescentis
1060 1171 1223 1213 comitis
1244 1169 1621 1228 Henneberqensis,
1656 1172 1709 1214 ab

127 1246 333 1291 Heinrieo
361 1247 404 1292 V
431 1249 686 1306 imperatore
723 1263 835 1291 anno
868 1248 988 1291 1122
1025 1248 1220 1290 ecclesiae
1250 1248 1556 1306 Herbipolensi
1575 1265 1709 1307 prae-

114 1324 230 1381 fecto·
258 1321 484 1383 episcopi¹,
518 1326 709 1369 clientela
740 1321 961 1379 uteretur³,
996 1326 1129 1369 eidem
1160 1327 1331 1369 domino
1364 1322 1464 1368 suo⁴
1486 1327 1712 1384 despondit

126 1402 234 1447 inito
265 1404 380 1447 anno
411 1400 554 1447 1125⁵
587 1419 701 1458 eum,
742 1418 864 1461 quem
892 1405 1163 1461 proposituri
1191 1419 1357 1458 sumus,
1392 1404 1547 1447 librum
1577 1406 1709 1449 multo

128 1496 255 1539 opere
281 1496 521 1540 maynaque
550 1478 769 1539 impensa⁶
802 1484 1070 1525 constitutum
1101 1491 1227 1539 atque
1259 1498 1286 1524 a
1309 1482 1402 1525 Vito
1435 1482 1612 1526 librario
1635 1484 1708 1526 de-

126 1555 365 1618 scriptum&
416 1560 543 1603 Hunc
574 1561 733 1617 oppido
758 1560 982 1617 probabile
1003 1568 1063 1603 est
1084 1561 1258 1603 eundem
1266 1560 1413 1617 fuisse
1443 1560 1704 1615 Udalricum,

127 1639 251 1695 'quem
279 1634 537 1696 reperimus⁸
564 1638 855 1695 presbyterum
876 1647 914 1682 et
934 1639 1184 1682 monachum
1206 1639 1397 1681 coenobii
1418 1637 1465 1682 S.
1483 1639 1709 1705 Miclzaelis

125 1715 467 1773 Bamberyensis,
494 1725 726 1774 postquam
744 1716 965 1772 fratribus
988 1717 1168 1770 „multos
1192 1717 1321 1760 libros
1342 1717 1606 1774 scripserit“,
1641 1719 1710 1761 die

125 1793 155 1837 3
173 1793 380 1838 Ianuarii
407 1811 448 1838 a.
472 1794 594 1838 1147
625 1796 677 1838 de
707 1796 794 1838 vita
825 1797 1085 1852 miqravisse.

245 1871 292 1914 Is
331 1873 465 1930 iqitur
503 1887 605 1916 sane
634 1888 770 1916 navus
803 1882 841 1917 et
869 1874 1106 1916 industrius
1139 1881 1409 1916 conservator
1439 1875 1707 1930 antiquitatis

126 1950 338 1993 concludit
373 1951 448 1993 illo
489 1965 613 2008 opere
650 1952 709 1994 ad
742 1949 1036 1995 Gebelzardum
1067 1952 1195 1994 misso
1227 1953 1351 1994 varia
1379 1966 1537 2007 qenera
1568 1953 1707 1995 mino-

124 2042 220 2070 rum
257 2037 642 2082 monumentorum,
684 2030 742 2071 ad
779 2030 1064 2072 recordandae
1104 2043 1171 2071 res
1211 2029 1389 2071 saeculis
1428 2028 1506 2072 XI
1539 2038 1577 2072 et
1611 2029 1715 2073 XII

122 2110 263 2163 qestas
291 2108 378 2149 vim
407 2108 641 2150 maximam
673 2107 948 2163 afferentium.
1002 2107 1120 2150 Inter
1150 2107 1253 2149 haec
1284 2115 1422 2150 autem
1453 2122 1539 2150 non
1570 2108 1708 2150 solum

124 2183 394 2227 multitudine
438 2199 582 2227 verum
607 2184 849 2240 fructuosis
888 2185 1010 2228 rebus
1051 2186 1177 2228 etiam
1214 2185 1451 2242 plurimum
1485 2193 1709 2242 praestant

70 2269 75 2272 '
126 2262 326 2319 epistolae
333 2278 349 2314 ,⁶
389 2278 496 2320 quas
535 2264 724 2320 undique
762 2264 994 2306 mutuando
1034 2271 1072 2306 et
1101 2278 1196 2306 cum
1228 2262 1443 2319 opusculis
1475 2262 1704 2316 historicis,

125 2342 232 2383 actis
267 2341 565 2397 synodalibus,
608 2343 944 2384 iuramentorum
982 2341 1142 2393 verbis,
1183 2340 1373 2382 versibus
1412 2341 1705 2396 coniunqendo

221 2427 255 2464 1.
272 2427 319 2464 V.
337 2426 432 2464 infra
453 2429 473 2464 1
498 2438 594 2464 vers.
615 2428 678 2464 15:
706 2427 787 2475 „Sis
812 2438 952 2464 memor
977 2414 1135 2464 &dalrici
1159 2425 1480 2472 Bavenbergensis
1505 2425 1704 2472 alumpni“.

125 2487 159 2524 2.
183 2486 229 2524 V.
249 2486 463 2524 Ekkehardi
488 2487 612 2524 chron.
639 2488 750 2531 (Mon.
769 2487 892 2524 Germ.
911 2487 976 2523 SS.
991 2487 1044 2524 VI
1068 2486 1153 2531 258)
1180 2487 1293 2522 1122:
1322 2485 1616 2533 „adolescentem
1641 2496 1705 2522 no-

124 2546 222 2583 mine
239 2545 534 2584 Gebehardum“.
571 2546 740 2583 Eundem
759 2548 930 2583 comitem
949 2545 1296 2592 Hennebergensem
1317 2544 1442 2592 fuisse,
1468 2545 1706 2591 intelligimus

125 2615 172 2642 ex
187 2606 372 2653 Popponis
388 2606 516 2642 tabula
540 2617 598 2653 ap.
613 2607 720 2653 Lang
737 2607 899 2653 Regesta
915 2607 959 2642 T.
974 2607 991 2642 I
1015 2617 1050 2652 p.
1063 2606 1143 2641 199.
1241 2605 1275 2641 3.
1293 2605 1340 2642 V.
1358 2604 1453 2641 infra
1466 2606 1486 2641 1
1505 2615 1601 2641 vers.
1616 2605 1650 2650 5,
1665 2606 1704 2641 6:

127 2665 311 2712 „digneris
337 2686 381 2692 —
408 2666 550 2702 clientis
576 2685 620 2692 -
644 2667 699 2702 tui
729 2667 948 2702 munuscula
978 2675 1122 2701 sumere
1134 2664 1165 2700 “.
1285 2665 1320 2701 4.
1346 2665 1393 2702 V.
1418 2663 1514 2701 infra
1540 2665 1558 2700 1
1586 2675 1622 2701 v.
1641 2664 1705 2699 10:

127 2725 206 2771 „Do
230 2725 299 2762 tibi
323 2736 431 2772 nunc,
458 2725 604 2762 domine
623 2726 702 2762 —“.
787 2727 821 2762 5.
842 2727 886 2763 V.
905 2724 1000 2761 infra
1018 2726 1036 2761 1
1062 2736 1098 2761 v.
1112 2725 1170 2770 18,
1188 2724 1245 2760 19.
1344 2725 1378 2760 6.
1403 2723 1491 2760 ibid.
1508 2735 1545 2759 v.
1563 2723 1620 2770 15,
1640 2724 1705 2760 16:

127 2784 218 2831 „Qui
242 2785 390 2832 collegit
413 2795 497 2821 eum
524 2806 568 2811 —
593 2785 684 2821 haut
715 2785 864 2822 minimo
896 2795 984 2821 sane
1017 2784 1140 2831 precio
1163 2783 1301 2830 vilique
1329 2782 1490 2819 labore“.
1597 2783 1630 2819 7.
1656 2783 1703 2819 V.

123 2842 212 2880 ibid.
228 2855 264 2880 v.
285 2845 342 2881 17.
439 2845 472 2881 8.
498 2845 536 2880 in
561 2845 770 2890 necrologio
796 2844 832 2881 S.
846 2844 1033 2880 Michaelis
1051 2842 1355 2889 Bambergensis:
1383 2843 1427 2888 „3
1446 2843 1539 2879 Non.
1558 2842 1703 2878 Ianuar.

125 2896 314 2946 Odalricus
338 2909 534 2958 presbyter
558 2913 595 2947 et
619 2910 820 2947 monachus
845 2912 992 2947 nostrae
1018 2908 1314 2956 congregationis
1341 2908 1453 2955 11473
1485 2907 1544 2944 hic
1569 2907 1704 2944 multos

123 2968 236 3006 libros
261 2969 407 3016 scripsit
430 2969 572 3006 nobis“.

182 3033 290 3069 Jnn'.
311 3036 506 3066 Bibliothec·
527 3037 565 3064 V.
1396 3029 1415 3063 1
