2028 3438
431 305 517 347 614
819 318 982 350 Essoms
1014 320 1119 349 vrrA
1152 319 1359 350 OTTONIS.
1407 321 1495 351 LIB.
1516 320 1533 350 1
1563 318 1605 353 21

312 430 402 465 1121
430 439 497 476 eos
510 421 532 467 ¹.
581 424 670 468 Hec
700 438 776 468 nos
808 425 860 468 de
892 425 1102 481 opusculis
1135 426 1241 468 tanti
1270 425 1465 480 doctoris,
1499 426 1572 482 qui
1599 427 1645 469 in
1676 439 1725 471 ea
1754 413 1987 484 parte-qua

429 501 632 557 probatur
654 502 864 545 neminem
896 506 991 558 post
1022 502 1232 558 apostolos
1257 502 1382 546 habet
1403 502 1606 558 equalem,
1638 502 1706 550 1110
1733 503 1985 560 inseruimus

430 578 483 620 ad
521 579 893 621 commendandam
937 579 1219 622 sacratissime
1257 579 1379 623 huius
1418 580 1659 623 festivitatis
1690 580 1986 636 celebritatem,

374 670 377 675 ·
431 668 510 710 que
540 655 713 697 aliarum
747 655 1087 712 solempnitatum
1111 659 1247 698 mater
1269 659 1332 699 est
1361 661 1402 699 et
1430 657 1826 704 convenientissime
1849 657 1987 714 prima

431 732 497 774 die
529 732 722 788 septimi‘·
755 734 910 775 mensis
943 734 1100 788 agitur3
1142 733 1211 788 qui
1251 736 1293 776 et
1330 734 1374 775 in
1404 734 1535 776 veteri
1572 733 1664 789 lege
1693 733 1985 780 celeberrimus

430 812 494 851 est
531 813 573 852 et
610 809 652 851 in
691 809 769 852 hoc
806 823 913 852 nove
949 811 1082 864 gratie
1113 813 1302 865 tempore
1333 810 1528 853 natalicio
1560 813 1645 853 tam
1678 811 1822 855 eximii
1852 812 1985 869 patris

429 885 582 940 Egidii,
617 886 687 940 qui
719 886 942 940 singularis
974 886 1294 929 tribulatorumb
1327 890 1472 943 portus
1504 890 1545 930 et
1566 891 1722 931 certum
1755 877 1984 936 remedium

430 966 506 1017 est,
539 963 771 1005 decoratur.
819 963 907 1006 Hec
936 963 1064 1018 igitur
1095 964 1392 1007 iocundissima
1423 964 1694 1020 solempnitas
1714 966 1836 1009 tanto
1850 966 1985 1013 artius

430 1039 543 1081 omni
575 1039 799 1083 devocione
831 1040 1041 1096 spirituali
1072 1041 1246 1084 colenda
1278 1044 1354 1095 est,
1387 1045 1542 1096 quanto
1568 1041 1728 1084 dulcius
1758 1042 1984 1096 imaginem

430 1119 471 1158 et
500 1116 692 1158 umbram
724 1116 887 1159 celestis
909 1117 1021 1160 illius
1053 1118 1211 1173 prefert
1234 1117 1519 1172 dedicationis,
1551 1116 1622 1161 ubi
1643 1131 1765 1163 verus
1795 1118 1984 1175 pontifex

429 1192 631 1247 Christus,
665 1199 951 1236 consummato
982 1195 1138 1250 templo
1161 1209 1249 1249 suc,
1282 1194 1392 1250 quod
1415 1194 1465 1238 ab
1488 1195 1647 1249 origine
1678 1195 1823 1239 mundi
1854 1209 1984 1252 usque

429 1270 481 1312 ad
513 1269 636 1312 finem
670 1270 798 1313 seculi
829 1271 880 1314 de
900 1271 1006 1314 vivis
1040 1275 1081 1314 et
1112 1272 1254 1315 electis
1286 1272 1492 1315 construit
1521 1272 1744 1328 lapidibus,‚
1775 1272 1984 1317 desidera-

428 1346 554 1388 bilem
586 1350 628 1389 et
658 1361 870 1403 nunquam
893 1347 1151 1392 deficientem
1176 1348 1358 1392 celebrat
1385 1349 1742 1405 solempnitatem3
1770 1349 1827 1393 ad
1859 1362 1983 1406 quam

429 1425 642 1480 suspirare
673 1428 714 1466 et
746 1425 936 1468 omnibus
969 1426 1105 1468 cordis
1146 1426 1338 1469 medullis
1379 1426 1574 1470 anhelare
1611 1430 1782 1470 cunctos
1813 1426 1984 1471 ecclesie

427 1500 535 1543 filios
567 1501 642 1544 hec
664 1502 908 1545 transitoria
928 1506 1164 1546 commonet
1185 1503 1403 1546 dedicatio.
1527 1503 1607 1546 Sed
1638 1504 1723 1547 iam
1755 1504 1808 1547 ad
1837 1518 1983 1548 narra-

427 1579 554 1621 tionis
586 1578 774 1621 ordinem
805 1579 1037 1622 redeamus.

548 1655 680 1709 lgitur
702 1655 844 1698 audita
873 1656 1086 1711 piissimus
1110 1660 1229 1713 pater
1251 1657 1347 1700 Otto
1369 1656 1549 1700 filiorum
1572 1671 1740 1701 suorum
1761 1658 1982 1714 legatione,

429 1745 510 1786 qua
548 1732 591 1774 in
622 1732 821 1775 Kalendis
855 1731 1113 1788 Septembris
1153 1734 1461 1777 dedicacionem
1499 1733 1592 1777 fieri
1626 1735 1879 1778 unanimiter
1908 1734 1982 1778 fla-

428 1809 629 1863 gitabant,
663 1813 806 1864 aptum
829 1810 994 1864 quidem
1018 1814 1060 1853 et
1080 1811 1329 1854 rationabile
1351 1811 1428 1854 hoc
1450 1811 1710 1868 approbavit.
1751 1811 1832 1856 Sed
1853 1826 1982 1857 unum

429 1889 531 1940 erat,
564 1886 674 1940 quod
695 1899 942 1929 consensum
965 1887 1052 1930 eius
1076 1887 1335 1943 aliquantula
1363 1888 1690 1932 contradictione
1719 1889 1980 1933 retardabat:

429 1964 525 2017 quia
565 1963 768 2018 capellam
807 1964 919 2006 beati
950 1963 1111 2019 Egidii,
1158 1965 1202 2007 in
1240 1965 1437 2021 hospitali
1476 1979 1500 2008 a
1536 1979 1581 2008 se
1621 1970 1901 2010 constructam
1941 1970 1982 2010 et

428 2040 547 2082 unice
579 2040 658 2083 sibi
690 2040 897 2095 dilectam,
931 2041 1053 2084 solita
1084 2042 1298 2098 popularis
1328 2055 1551 2085 concursus
1573 2044 1838 2088 veneratione
1868 2044 1981 2087 frau-

428 2117 519 2159 dari
557 2118 792 2171 metuebat3
840 2119 1038 2161 nimirum
1077 2119 1236 2162 cunctis
1275 2120 1317 2161 in
1357 2123 1539 2162 montem
1582 2121 1715 2163 sancti
1751 2120 1979 2176 Michaelis,

427 2198 542 2237 tante
563 2195 803 2237 festivitatis
826 2195 967 2248 gracia
988 2195 1207 2251 invitante,
1230 2196 1553 2239 occurrentibus.
1594 2197 1868 2255 Quapropter,
1891 2198 1981 2241 sine

429 2271 642 2314 voluntate
675 2275 715 2314 et
746 2272 946 2327 petitione
978 2272 1176 2327 Udalrici,
1209 2273 1394 2327 religiosi
1427 2274 1611 2317 eiusdem
1644 2274 1814 2318 ecclesie
1845 2288 1980 2318 sacer-

427 2348 548 2402 dotis,
581 2349 625 2390 id
646 2362 689 2391 se
711 2349 916 2391 facturum
949 2349 1140 2403 negabat.
1190 2349 1270 2400 Qui
1290 2364 1401 2404 mox,
1429 2354 1604 2404 urgente
1626 2351 1835 2407 spirituali
1861 2355 1980 2408 patre

426 2425 674 2480 Wignando,
708 2426 778 2480 qui
811 2426 884 2468 hec
906 2426 1068 2468 01111110ο
1091 2426 1261 2482 speciali
1290 2427 1609 2471 administrabat
1630 2428 1860 2483 diligentia,
1893 2430 1979 2485 epi-

428 2515 599 2558 scopum
638 2502 742 2544 adiit
779 2506 820 2545 et
865 2502 1061 2558 prudenti
1103 2504 1285 2557 ratione,
1333 2504 1638 2547 dedicacionem
1679 2505 1785 2548 hanc
1822 2506 1979 2562 capelle

427 2579 560 2621 sancti
591 2579 732 2632 Egidii
762 2580 804 2621 in
838 2580 950 2622 nullo
983 2579 1146 2623 officere
1177 2581 1276 2635 quin
1308 2581 1434 2623 immo
1470 2582 1671 2625 maiorem
1711 2583 1749 2626 ei
1786 2596 1978 2626 reveren-

428 2655 530 2697 tiam
563 2659 605 2697 et
636 2655 792 2697 cultum
825 2657 1047 2712 parturire,
1081 2656 1327 2700 affirmabat.
1376 2657 1502 2700 Cuius
1534 2660 1804 2702 assertionem
1837 2663 1979 2716 pastor

428 2732 642 2787 piissimus
675 2733 924 2788 approbans,
957 2734 1123 2776 demum
1151 2734 1339 2777 assensit.
1386 2734 1443 2777 Et
1463 2735 1690 2779 venerabili
1706 2735 1977 2779 Wolframmo

429 2808 569 2851 abbati
600 2809 880 2865 fratribusque
912 2797 1116 2853 universis
1148 2811 1350 2866 paterna*l
1372 2811 1588 2854 dulcedine
1620 2812 1803 2867 mandat,
1837 2827 1880 2856 se
1908 2814 1977 2856 de-

525 2970 551 2990 a.
584 2961 711 2998 septima
737 2960 766 2991 G.
890 2962 919 2992 b.
954 2962 1161 2992 tribulantium
1186 2963 1215 2993 O.
1341 2973 1364 2993 c.
1397 2964 1428 2992 in
1451 2963 1521 2994 add.
1541 2963 1571 2994 0.
1696 2965 1725 2995 d.
1757 2966 1880 3004 paterne
1906 2964 1937 2996 0.

524 3048 556 3082 1.
582 3047 637 3082 Ex
656 3047 820 3092 Origenis
843 3048 880 3083 in
897 3048 1075 3084 Numeros
1092 3048 1347 3084 homil.›XXIII
1363 3060 1441 3095 cap.
1452 3051 1578 3096 9-11,
1599 3050 1740 3097 Opp.T.
1754 3051 1789 3087 11
1805 3052 1885 3087 360.
1894 3052 1975 3087 361.
