2028 3438
221 385 238 419 1
244 385 311 420 103

165 433 251 464 Febr.
258 449 289 454 ——
300 434 363 464 Iun.

385 257 472 299 210
899 270 1117 302 UDALRIOI
1147 271 1315 302 sonex.
1366 269 1432 302 113

383 373 527 417 deesse
559 375 792 430 credebam,
826 375 936 431 quod
955 376 1023 420 vel
1054 376 1106 419 ad
1138 366 1325 432 corporis
1357 376 1540 433 pertinet
1569 375 1858 426 deceremffel
1888 376 1940 420 ad

384 451 521 494 anime
554 455 764 508 spectaret
784 452 982 496 valorem.
1031 452 1112 496 Sed
1136 453 1236 508 quid
1256 457 1319 496 est
1340 453 1414 496 abn
1437 453 1552 496 omni
1582 456 1701 510 parte
1724 450 1942 517 masma*

381 527 491 571 Ecce
521 531 656 572 mater
687 542 782 572 mea
812 533 957 573 sancta
976 529 1165 573 Romana
1196 530 1371 574 ecclesia
1391 530 1481 573 vult
1509 530 1676 575 inurere
1707 530 1774 575 eis,
1797 532 1941 579 notam

383 605 840 660 excommunicationis,
874 609 915 649 et
945 606 1117 663 insuper
1139 607 1273 650 erexit
1304 621 1430 663 super
1452 621 1523 650 eos
1552 607 1739 662 gladium
1769 607 1941 659 occisio.-

382 682 469 725 nis!
519 680 654 739 Super
685 682 748 725 his
781 697 855 738 ego
888 683 1056 738 quidem
1087 687 1276 727 materno
1309 684 1451 728 dolore
1482 670 1690 740 torqueor.
1737 683 1824 741 Ipsi
1852 687 1941 733 otae

382 761 468 802 tem
498 759 667 814 habent,
699 759 924 815 loquantur
955 760 1055 816 perb
1088 774 1144 804 se.

502 837 564 879 Id
593 839 766 893 ipsum
797 837 935 892 inquit
965 839 1022 879 de
1045 838 1451 881 Leodicensibus
1483 840 1939 901 eri-communicatio

380 915 800 970 pseudoclericis
841 916 1216 971 praecipimus.
1349 915 1539 959 stam-m
1578 916 1723 959 dolosa
1759 930 1844 966 nen
1876 924 1941 965 est

383 991 492 1033 bona
532 991 591 1033 ait
629 988 872 1047 sapientia².
929 989 1029 1041 Quis
1062 991 1223 1034 confert
1257 1005 1426 1035 causam
1464 995 1651 1036 nostram
1678 1005 1832 1043 *causae
1861 991 1940 1043 Ca*

382 1067 710 1110 meracensium?
751 1070 796 1109 ut
831 1070 872 1110 et
901 1080 976 1110 nos
1008 1068 1239 1123 patiamur,
1279 1069 1389 1123 quod
1419 1069 1637 1125 patiuntur
1667 1068 1940 1119 Cameraceffi

383 1157 461 1187 ses.
512 1143 596 1188 Nos
630 1144 798 1199 quidem
827 1143 1197 1188 Cameracensibus
1229 1146 1514 1201 conpatimur3
1546 1146 1666 1190 nobis
1698 1145 1939 1198 ,1110111131010

382 1219 640 1263 verebamur.
748 1220 1082 1276 Cameracenses,
1116 1222 1214 1277 quia
1235 1236 1384 1266 causae
1406 1236 1588 1278 causam,
1620 1237 1824 1280 personae
1845 1236 1940 1280 per·—

381 1309 527 1339 sonam
550 1297 871 1353 subposuerunt,
894 1298 1080 1352 gladium
1103 1298 1314 1355 bicipitem
1339 1300 1418 1343 sibi
1439 1303 1807 1357 superposuerunt.
1854 1299 1940 1349 Nos

383 1387 479 1416 vero
510 1373 787 1418 Leodicenses
820 1389 947 1430 quare
979 1377 1327 1420 excommunicati
1360 1377 1562 1421 dicimur?
1609 1377 1744 1428 Quare
1774 1376 1939 1432 gladius

382 1450 501 1493 nobis
534 1451 858 1507 superponitur?
904 1451 1012 1502 Quid
1044 1453 1214 1507 dignum
1246 1457 1381 1496 morte
1413 1457 1485 1497 aut
1511 1454 1940 1498 excommunicatione

381 1527 555 1570 fecimus
594 1531 739 1570 contra
777 1529 1019 1572 canonicam
1060 1530 1244 1584 regulam
1293 1530 1516 1574 ecclesiae?
1569 1530 1617 1574 In
1662 1545 1744 1579 uno
1763 1566 1765 1569 .
1787 1531 1939 1588 spiritu

382 1618 458 1647 nos
491 1618 648 1659 omnes,
679 1605 723 1647 in
753 1618 883 1648 unum
915 1619 1066 1662 corpus
1103 1607 1305 1663 baptizati
1333 1605 1520 1661 sumus³;
1553 1622 1630 1651 nos
1658 1609 1780 1652 unius
1811 1608 1938 1651 moris

383 1680 496 1724 Deus
535 1682 579 1724 in
610 1681 732 1724 domo
772 1696 848 1725 sua
885 1683 1074 1726 habitare
1111 1681 1272 1727 facit⁴¹4.
1329 1684 1531 1728 Obsecrat
1566 1698 1640 1727 nos
1670 1684 1824 1728 Paulus
1863 1698 1939 1741 per

381 1771 534 1801 nomen
565 1758 757 1813 Domini,
781 1745 843 1801 'ut
874 1764 957 1802 non
989 1760 1074 1803 sint
1109 1761 1152 1803 in
1184 1762 1302 1804 nobis
1335 1759 1572 1815 scismata⁵3
1614 1761 1782 1818 quando
1809 1762 1938 1817 signi-

381 1834 550 1878 ficatum
583 1839 646 1878 est
675 1835 888 1879 Romanae
918 1837 1138 1892 ecclesiae,
1175 1838 1285 1893 quod
1323 1838 1607 1882 contentiones
1637 1839 1794 1882 fuerint
1810 1875 1812 1877 ,
1828 1838 1939 1884 inter

382 1911 486 1955 nos?
533 1912 578 1954 Id
616 1913 755 1968 ipsum
794 1913 838 1955 111
869 1913 1035 1956 Christo
1076 1913 1302 1970 sapimuss',
1343 1915 1386 1957 id
1425 1915 1563 1971 ipsum
1595 1915 1784 1959 dicimus
1844 1914 1938 1960 Non

383 1989 577 2032 dicimus:
624 1991 717 2045 qu
769 2005 860 2032 sum
906 1992 1039 2033 Pauli
1045 2024 1056 2043 ,
1107 2007 1179 2047 eqo
1219 1991 1402 2049 Cephae,
1451 2008 1523 2049 eqo
1571 2002 1706 2036 autem
1750 1989 1935 2035 Chrietffl.

381 2065 596 2121 Numquid
627 2080 702 2122 pro
724 2067 801 2110 hac
823 2067 1097 2110 unanimitate
1119 2069 1469 2112 excommunicati
1490 2069 1702 2112 dicimur?
1730 2068 1787 2112 Ut
1816 2082 1937 2125 prae-

382 2142 486 2199 cipit
521 2142 694 2197 Paulus,
734 2144 948 2187 obedimus
988 2147 1029 2187 et
1067 2145 1327 2188 subiacemus
1366 2146 1616 2201 praepositis
1652 2146 1828 2201 nostris,
1866 2146 1937 2201 qui

382 2219 557 2274 vigilant
588 2234 664 2276 pro
696 2220 915 2263 animabus
946 2218 1137 2264 nostris⁸.

499 2296 642 2351 Nobis,
671 2297 803 2351 legem
826 2297 906 2340 Dei
926 2298 1178 2352 tenentibus,
1212 2298 1415 2342 obiciunt:
1449 2290 1559 2354 quod
1580 2299 1936 2354 transgrediamur

381 2387 510 2416 novas
543 2387 686 2416 eorum
717 2374 981 2417 tradiciones.
1029 2375 1088 2417 At
1117 2374 1200 2417 illis
1233 2375 1334 2417 dicit
1353 2374 1491 2418 Deus:
1527 2370 1668 2429 Quare
1698 2392 1769 2419 vos
1800 2385 1936 2420 tram·

380 2453 608 2506 qredimini
640 2453 903 2494 ηιανιᾶαιξεινηΒ
942 2453 1029 2494 Dei
1062 2461 1237 2509 propter
1274 2454 1525 2495 tradiciones
1556 2450 1765 2496 vestras?⁹
1819 2453 1936 2497 Iubet

382 2526 516 2569 Deus:
558 2531 623 2581 ut,
668 2542 772 2583 quae
811 2531 908 2571 sunt
946 2529 1119 2581 cesaris,
1160 2529 1383 2572 reddamus
1422 2529 1555 2572 cesari
1596 2533 1656 2584 et,
1697 2543 1802 2585 quae
1839 2534 1937 2574 sunt

382 2603 475 2657 Dei,
507 2601 644 2646 Deo¹⁰.
693 2604 739 2646 In
770 2604 875 2648 hanc
906 2606 1157 2654 sententiam
1189 2605 1335 2649 Petrus
1368 2608 1409 2649 et
1429 2606 1582 2649 Paulus
1615 2606 1790 2662 pedibus
1821 2610 1932 2650 eunt.

382 2679 530 2723 Petrus
574 2681 729 2735 inquit:
770 2682 909 2724 Deum
947 2685 1101 2735 timete,
1142 2698 1277 2739 reyem
1318 2683 1604 2737 honorificate,-
1642 2686 1752 2726 servi
1779 2685 1937 2727 subditi

476 2777 501 2797 a.
535 2778 571 2797 ex
592 2767 630 2797 B.
776 2769 803 2798 b.
837 2779 892 2808 pro
915 2771 942 2800 V.
1089 2779 1114 2800 c.
1148 2771 1266 2800 Statera
1286 2786 1316 2790 -
1335 2771 1483 2809 sapientia
1504 2780 1559 2801 om.
1575 2772 1613 2801 B.
1751 2770 1780 2800 d.
1810 2771 1882 2801 feeit
1903 2771 1933 2800 V.

383 2828 409 2849 e.
441 2820 582 2850 mandata
606 2820 640 2849 Β.

478 2878 509 2912 1.
535 2877 660 2912 Horat.
680 2887 788 2912 earm.
807 2879 841 2913 11
867 2880 922 2924 16,
949 2880 1005 2915 27.
1024 2881 1079 2915 28.
1185 2881 1217 2914 2.
1243 2880 1348 2915 Prov.
1367 2881 1422 2924 20,
1441 2881 1497 2915 23.
1602 2881 1635 2915 3.
1664 2881 1682 2915 1
1701 2879 1932 2925 sor.12,13.

382 2935 416 2970 4.
441 2935 499 2970 Ps.
519 2936 575 2980 67,
595 2936 626 2970 7.
752 2936 785 2970 5.
816 2939 831 2971 1
852 2937 931 2973 cor.
952 2938 982 2983 1,
1003 2939 1058 2973 10.
1180 2941 1212 2973 e.
1244 2938 1396 2983 Philipp.
1414 2939 1448 2983 4,
1473 2940 1506 2974 2.
1628 2939 1659 2974 7.
1687 2939 1705 2973 1
1725 2938 1932 2984 Cor.1,12.

382 2993 416 3029 8.
441 2993 550 3029 Hebr.
571 2995 699 3039 13,17.
796 2995 829 3029 9.
855 2996 980 3032 Matth.
1002 2996 1055 3042 15,
1074 2998 1106 3032 3.
1206 2998 1260 3032 10.
1286 2997 1412 3032 Matth.
1432 2998 1488 3042 22,
1507 2997 1564 3032 21.
