2028 3438
487 248 652 282 nnoms
682 250 790 281 vrrA
822 249 1031 281 o'r‘roms.
1079 250 1168 282 Lm.
1191 251 1225 282 11
1255 249 1278 283 3
1580 240 1667 284 625

94 347 265 413 siqua
295 368 393 413 erqo
424 357 566 400 divini
593 359 751 400 amoris
784 358 994 410 emulatio,
1028 360 1069 400 εἰ
1087 371 1173 414 qua
1195 360 1242 401 in
1262 358 1380 402 vobis
1410 373 1497 402 mee
1528 360 1665 403 humi·
1693 369 1787 405 1124

88 431 224 477 Mo
248 441 317 478 foet
343 433 522 491 affectio,
549 449 702 492 pacem
732 437 953 479 sectamini
981 450 1074 478 eum
1099 436 1291 479 omnibus
1315 437 1433 479 domi
1448 437 1664 494 forisque,
1702 418 1773 449 Mai.

91 511 442 554 mdomeetiot‘s
473 520 512 555 et
533 514 742 555 eal-bruneis
773 528 823 555 ea
855 527 935 569 que
958 514 1084 570 pacis
1115 521 1213 556 eunt
1243 522 1282 556 et
1310 516 1501 558 caritatis
1533 517 1666 572 affe,-

89 587 416 645 Ῑιοορίῡαῶϊαιεηι
445 591 593 633 intimo
618 592 694 647 pie
724 591 952 634 voluntatis
983 592 1138 633 annisu
1169 591 1362 645 eoecolite,
1398 594 1666 649 providentes

89 664 210 708 bona
227 680 316 709 non
345 674 508 710 tantum
539 682 685 712 coram,
702 668 797 711 Deo
829 669 902 711 sed
933 670 1058 711 etiam
1090 683 1233 711 eoram
1258 669 1450 712 omnibus
1481 670 1664 713 homini-

87 734 201 786 &⁸³¹5
219 757 224 770 »
245 741 336 787 Hoc
365 746 408 788 et
437 743 504 787 his
525 744 682 787 similia
706 744 846 789 triduo
870 745 930 789 eis
951 744 1180 800 inculcans,
1212 745 1384 790 tandem
1405 745 1522 790 velut
1552 746 1665 791 ultra

86 825 170 863 'non
191 813 348 864 visuris
371 820 467 866 vale
495 821 668 877 faciens,
701 821 868 866 Christo
901 823 1108 867 attencius
1141 829 1245 866 eos*
1267 824 1591 868 commendabat
1621 827 1664 868 et

86 906 172 941 uon
191 892 284 942 sine
302 898 504 955 lacrimis,
536 902 759 956 paternum
783 913 972 944 amorem
993 900 1262 956 testantibus,
1294 901 1348 944 ad
1377 901 1515 946 locum
1539 916 1662 946 suum

85 975 263 1019 remisit.

177 1079 179 1083 .
204 1053 302 1111 Ipso
332 1057 472 1100 autem
493 1055 606 1099 viam
638 1056 854 1113 proposite
886 1056 1238 1113 peregrinationis
1261 1057 1547 1114 aggrediente,
1581 1072 1662 1115 que

82 1129 228 1186 lingua
258 1131 471 1189 explicare
492 1133 652 1178 valeat:
686 1137 868 1189 quantus
898 1134 1086 1177 omnium
1117 1134 1300 1178 filiorum
1332 1135 1423 1179 eius
1454 1135 1659 1193 ploratus,

83 1220 213 1265 quam
240 1209 503 1255 incredibilis
535 1211 592 1255 sit
622 1215 794 1255 exortus
826 1212 1019 1266 gemitus.
1075 1212 1183 1264 Quia
1214 1213 1325 1256 enim
1358 1213 1525 1257 vinculo
1564 1227 1660 1271 per-

81 1285 292 1343 foofionis,
325 1288 437 1343 quod
467 1291 532 1332 est
562 1289 717 1333 caritas
726 1286 754 1344 ²,
787 1302 882 1332 cum
906 1303 954 1333 eo
974 1290 1144 1333 fuerant
1174 1290 1312 1334 arcius
1333 1291 1456 1347 uniti,
1487 1290 1658 1348 flebant,

81 1363 252 1408 unicum
283 1368 449 1422 patrem
481 1365 602 1423 quasi
634 1379 705 1410 cor
728 1380 753 1410 a
777 1367 1010 1411 visceribus
1042 1367 1178 1423 evelli,
1212 1372 1254 1412 et
1283 1372 1509 1425 tamquam
1531 1370 1658 1413 funus

83 1443 364 1487 amantissimi
393 1443 615 1488 nutritoris
648 1445 701 1488 ad
732 1445 941 1488 tumulum
972 1445 1195 1490 deferrent.
1245 1446 1309 1489 Ita
1340 1460 1436 1490 cum
1466 1447 1583 1491 luctu
1616 1451 1659 1492 et

81 1513 312 1571 miserabili
343 1519 516 1578 planctu
548 1535 643 1566 eum
665 1522 931 1578 deducentes,
966 1527 1088 1567 extra
1111 1523 1248 1567 locum
1271 1523 1655 1569 Michelfeldensem

81 1598 464 1655 prosequebantur3
506 1613 602 1644 cum
634 1601 804 1657 quidem
835 1600 926 1657 ille,
965 1615 1193 1645 conversus
1231 1602 1283 1645 ad
1315 1616 1409 1657 eos,
1453 1603 1657 1660 pastorali

82 1676 332 1721 auctoritate
352 1678 395 1721 et
415 1678 666 1722 sacerdotali
687 1679 909 1735 gravitate,
943 1683 1147 1735 quantum
1178 1683 1357 1736 poterat,
1389 1679 1536 1724 flentes
1558 1693 1657 1724 con-

81 1752 236 1798 solari*
266 1757 489 1811 satageret.

199 1831 346 1888 Itaque
377 1846 570 1888 egressus
601 1847 694 1878 cum
728 1834 859 1878 nobili
898 1848 973 1878 suo
1005 1835 1229 1891 comitatu,
1271 1835 1463 1892 sequenti
1493 1835 1561 1879 die
1602 1835 1655 1879 ab

79 1908 235 1953 illustri
272 1910 363 1954 viro
395 1910 643 1955 Gebehardo
673 1909 1081 1957 Waldekkendensi³
1113 1913 1166 1956 ad
1205 1913 1483 1957 dedicandam
1523 1913 1654 1957 eccle-

80 1987 188 2031 siam
219 1985 365 2032 suam‘
395 1989 597 2033 invitatus
629 1993 713 2044 est;
747 2004 872 2046 quam
907 2004 1073 2034 summa
1094 1991 1316 2035 devotione
1348 1995 1390 2034 et
1417 1991 1559 2035 debita
1589 1991 1654 2035 di-

79 2065 176 2109 vine
206 2067 424 2110 servitutis
450 2066 692 2111 celebritate
714 2068 987 2111 consecravit.
1110 2068 1347 2113 Procedens
1379 2069 1492 2124 inde,
1525 2069 1653 2112 aliam

78 2141 290 2187 dedicavit
319 2144 536 2188 ecclesiam
571 2144 730 2189 scilicet
752 2144 1166 2190 Vohendrezensem⁵
1188 2147 1233 2189 in
1260 2147 1506 2204 episcopatu
1527 2160 1653 2191 vene-

77 2219 224 2264 rabilis
245 2220 473 2266 Hartwici⁸
495 2222 813 2267 Ratisbonensis
836 2224 1038 2280 episcopi,
1062 2224 1263 2267 nimirum
1284 2225 1420 2281 ipsius
1442 2225 1653 2281 permissu

79 2301 123 2342 et
151 2302 314 2354 rogatu.
362 2299 444 2343 Ubi
476 2300 699 2344 multitudo
732 2301 904 2358 copiosa
934 2301 1089 2358 plebis,
1124 2302 1177 2345 ad
1209 2316 1283 2346 sex
1315 2302 1434 2345 milia
1463 2302 1531 2346 vel
1564 2317 1651 2346 am-

77 2374 188 2432 plius
210 2380 467 2434 computata,
500 2379 539 2422 ei
567 2392 803 2435 occurrens,
835 2392 954 2422 sacre
976 2378 1305 2423 confirmationis
1337 2371 1518 2434 gratiam
1552 2394 1651 2437 sup—

76 2453 244 2511 pliciter
265 2455 318 2499 ab
339 2469 387 2499 eo
408 2454 647 2511 flagitabat3
681 2470 807 2512 quam
829 2456 1069 2500 desiderata
1091 2471 1239 2500 manus
1269 2458 1358 2500 eius
1381 2458 1651 2515 impositione

77 2536 314 2589 consecuta,
347 2546 446 2576 mox
477 2533 632 2576 mirum
664 2534 708 2576 in
740 2534 909 2577 modum
942 2534 1147 2589 gratulari
1181 2535 1293 2592 cepit
1323 2536 1367 2578 in
1393 2535 1576 2579 Domino
1609 2539 1651 2580 et

76 2623 153 2666 pro
172 2609 416 2666 longiturna
446 2612 554 2654 tanti
586 2612 719 2668 patris
742 2612 829 2655 vita
860 2625 1147 2669 prosperoque
1179 2613 1531 2669 peregrinationis
1559 2614 1648 2657 eius

76 2698 201 2731 cursu
222 2688 388 2732 enixius
410 2688 595 2732 divinam
618 2702 794 2733 exorare
815 2689 1093 2733 clementiam.
1143 2690 1243 2734 Fuit
1273 2691 1384 2734 enim
1417 2691 1460 2734 in
1483 2704 1649 2734 summa

173 2827 200 2849 a.
232 2828 285 2849 eos
308 2818 426 2849 addidi.
552 2820 581 2849 b.
614 2820 771 2850 consolare
798 2819 827 2850 C.

171 2889 204 2923 1.
229 2889 333 2924 Rom.
352 2890 405 2934 12,
427 2890 488 2924 17:
516 2889 772 2935 „providentes
796 2889 894 2926 bona
914 2910 953 2915 --
975 2889 1218 2927 hominibus“.
1316 2893 1350 2927 2.
1377 2892 1515 2928 Coloss.
1535 2893 1568 2937 3,
1589 2892 1644 2927 14.

74 2947 109 2982 3.
134 2947 315 2984 Waldeek
338 2951 396 2984 est
421 2960 443 2983 a
467 2948 654 2995 Bayreuth
679 2949 774 2984 inter
798 2950 973 2985 orientem
1001 2953 1038 2986 et
1062 2949 1263 2986 meridiem.
1375 2951 1410 2987 4.
1441 2951 1645 2987 Leuchten-

74 3004 310 3053 bergensem3
335 3018 370 3042 v.
389 3006 568 3044 Herbordi
588 3008 661 3045 vit.
681 3008 823 3044 Ottonis
848 3009 881 3044 II
907 3010 941 3044 8.
1063 3009 1097 3045 5.
1123 3008 1407 3046 Vobenstrauss.
1521 3011 1555 3046 6.
1581 3011 1608 3047 Ι.

132 3070 239 3105 Jnn'.
261 3073 454 3102 Bibliotheca
468 3074 506 3102 V.
1312 3076 1361 3111 40
