2028 3438
445 234 687 266 nnnssonm
718 235 960 267 mALOGth.
1009 237 1096 266 Lm.
1119 237 1154 267 11
1183 235 1240 268 29.
1259 235 1306 268 30
1572 225 1659 268 775

12 332 17 343 ⁵
80 341 411 396 >imbalsamare
441 340 730 385 columbarum
762 341 878 388 alias,
898 342 1176 398 trahentium,
1208 357 1376 398 gregem
1409 358 1492 387 non
1525 344 1659 387 modi·
1686 355 1779 390 1124

9 447 12 450 ι
82 432 179 474 oum
206 417 427 463 adduxere
457 431 696 475 coevorum,
730 420 939 475 euangelii
970 420 1211 474 rudimenta
1242 421 1456 477 suscipere
1486 422 1658 478 cupien-

82 495 203 540 tium.
232 495 361 548 *Quid
392 495 554 540 multa?
601 496 942 551 Cathezizantur,
977 497 1260 555 baptizantur.
1383 498 1440 542 Et
1471 512 1496 542 a
1517 500 1658 555 pueris

79 573 379 618 ,etiiuvenibus
410 586 517 618 cana
547 578 715 631 patrum
750 575 974 632 prudentia
1005 589 1050 619 se
1083 588 1209 632 passa
1241 579 1306 619 est
1326 575 1506 629 erudiri3
1538 575 1658 620 flam-

79 664 242 708 waque
263 650 377 696 ‚fidei
412 651 618 709 paulatim
656 652 973 709 progrediente,
1013 652 1225 696 concaluit
1255 653 1404 696 civitas
1435 654 1656 708 universa3

83 732 221 785 neque
243 721 335 773 iam
367 728 528 773 occulte
560 728 624 772 vel
657 730 800 786 pauci,
838 730 912 774 sed
945 730 1110 787 publice
1141 743 1190 774 ac
1221 730 1344 774 multi
1375 731 1501 774 simul
1535 732 1657 775 cotti-

79 806 152 852 die
175 805 409 851 veniebant
439 806 494 850 ad
523 805 663 850 fidem.
787 807 952 851 Interea
982 808 1146 865 prefate
1176 809 1358 852 coniunx
1390 812 1582 852 matrone
1614 813 1656 852 et

82 887 206 942 pater
231 883 544 942 primitivorum
567 884 612 927 in
633 884 715 940 via,
749 885 884 928 dornin
916 886 1080 942 absens,
1113 886 1183 930 ubi
1209 886 1383 942 audivit,
1415 887 1525 942 quod
1549 900 1656 930 uxor

83 965 137 1006 et‘
160 960 240 1006 filii
277 965 449 1018 totaque
485 961 635 1006 domus
674 963 787 1018 eius,
832 964 1018 1019 proiecto
1056 964 1327 1020 paganismo,
1369 965 1455 1008 ritu
1495 965 1657 1008 viveret

81 1039 336 1095 christiana,
369 1039 476 1083 mori
507 1039 640 1083 voluit
670 1053 746 1096 pre
778 1040 934 1084 dolore.
993 1040 1075 1085 Sed
1108 1055 1215 1085 uxor
1247 1041 1424 1098 provida
1455 1046 1655 1097 cognatos

82 1118 262 1162 eiusrtet
287 1117 471 1173 amicos,
511 1118 582 1174 qui
615 1118 826 1173 malagma
856 1119 895 1161 ei
927 1119 1225 1162 consolationis
1258 1123 1539 1176 apponerent,
1583 1120 1656 1164 ob-

77 1195 202 1240 viam
219 1195 377 1239 direxit
402 1199 568 1250 egroto3
601 1196 696 1252 ipsa
717 1210 815 1239 vero
838 1196 952 1239 domi
983 1210 1059 1253 pro
1082 1197 1194 1240 illius
1217 1197 1490 1241 conversione
1512 1211 1656 1254 preces

80 1260 266 1319 Domino
298 1276 342 1317 et
361 1276 460 1318 vota
490 1286 574 1316 non
605 1273 728 1317 irrita
760 1272 908 1318 offerre
940 1288 1024 1318 non
1046 1275 1239 1318 cessavit.
1288 1275 1433 1331 Itaque
1464 1289 1656 1320 reversus

83 1351 177 1407 ille,
210 1364 306 1395 eum
335 1364 420 1395 non
453 1350 588 1394 solum
622 1351 873 1395 domesticos
907 1365 1004 1395 suos
1037 1366 1182 1396 verum
1215 1355 1257 1396 et
1288 1352 1391 1396 alios
1426 1353 1584 1396 vicinos
1616 1357 1658 1397 et

75 1429 276 1478 concives
315 1442 414 1472 suos
456 1431 639 1472 veterem
682 1429 895 1473 hominem
935 1433 1083 1473 exutos
1123 1430 1167 1473 in
1205 1430 1394 1474 novitate
1435 1431 1519 1474 vite
1559 1444 1657 1474 con-

78 1507 266 1565 spiceret
287 1505 589 1561 ambulantes,
630 1506 683 1550 ad
723 1507 1070 1550 conformandum
1111 1521 1156 1551 se
1187 1507 1292 1563 illis,
1334 1508 1424 1552 Deo
1457 1508 1656 1552 visitante

73 1584 313 1641 cominius,
343 1583 468 1628 facile
499 1583 726 1628 inclinatus
759 1588 835 1628 est.

202 1663 274 1706 30.
304 1661 436 1706 Dum
467 1675 518 1706 ea
546 1665 750 1717 geruntur
782 1662 825 1705 in
857 1662 1048 1718 civitate,
1090 1661 1304 1706 Paulicius
1336 1666 1378 1707 et
1408 1662 1536 1718 legati
1568 1667 1656 1707 tam

76 1739 253 1784 -illorum
282 1753 410 1797 quam
441 1739 577 1783 nostri
609 1753 634 1783 a
664 1739 770 1783 duce
799 1739 973 1783 Polonie
1005 1740 1199 1795 veniunt,
1236 1741 1350 1796 pacti
1383 1741 1583 1784 mandata
1616 1745 1658 1786 et

77 1818 243 1876 ,scripta
272 1818 431 1862 tiranni
463 1817 692 1862 secundum
724 1817 800 1861 hec
831 1817 959 1861 verba
991 1821 1277 1874 reportantes:

205 1895 477 1952 „Bolezlaus,
517 1895 819 1952 omnipotentis
851 1895 932 1938 Dei
963 1895 1130 1939 favente
1162 1895 1385 1940 clementia
1417 1896 1502 1939 dux
1532 1896 1655 1940 Polo-

78 1973 251 2017 -niorum
282 1976 325 2017 et
354 1972 487 2016 hostis
520 1972 707 2015 omnium
740 1986 1023 2029 paganorum,
1056 1973 1170 2027 genti
1202 1973 1476 2017 Pomeranice
1509 1976 1549 2017 et
1580 1988 1655 2031 po-

73 2051 183 2109 ·pulo
217 2049 469 2105 Stetinensi,
501 2050 720 2107 promisse·
741 2049 838 2093 fidei
869 2054 1134 2094 sacramenta
1166 2051 1373 2105 servanti,
1406 2064 1552 2107 pacem
1584 2051 1655 2095 fir-

82 2140 197 2173 mam
230 2132 272 2172 et
301 2128 450 2183 longas
481 2127 711 2181 amicitias3
743 2140 827 2170 non
859 2128 1047 2171 servanti
1069 2142 1181 2184 vero,
1215 2128 1357 2172 cedem
1389 2131 1430 2172 et
1461 2129 1656 2172 incendia

83 2210 127 2251 ct
157 2209 324 2250 eternas
355 2205 614 2248 inimicitias.
738 2204 782 2248 Si
815 2206 1056 2249 occasiones
1078 2219 1296 2262 quererem
1319 2205 1542 2249 adversum
1564 2220 1653 2262 VOS,

82 2283 196 2328 iusta
226 2296 318 2327 esse
348 2286 514 2339 poterat
534 2282 768 2338 indignatio
790 2296 905 2326 mea:
939 2283 1063 2339 quod,
1097 2283 1216 2339 quasi
1236 2282 1335 2326 fidei
1357 2288 1496 2326 vestre
1517 2286 1654 2327 trans-

82 2373 320 2416 gressores,
355 2373 430 2404 vos
461 2364 692 2404 retrorsum
725 2360 840 2404 abire
871 2361 1105 2418 conspici03
1147 2364 1189 2404 et
1221 2360 1330 2416 quod
1362 2360 1579 2404 dominum
1611 2364 1655 2405 et

82 2441 248 2495 patrem
289 2451 428 2481 meum
462 2437 659 2480 Ottonem
697 2438 962 2494 episcopum,
1003 2438 1118 2480 omni
1152 2438 1308 2480 honore
1339 2450 1387 2480 ac
1417 2438 1653 2482 reverentia
1674 2436 1689 2447 ⁶

20 2571 23 2573 ,
83 2515 392 2570 dignissimum,
427 2515 514 2558 vita
545 2518 588 2558 et
617 2514 731 2558 fama
763 2515 806 2557 in
838 2515 951 2558 omni
986 2515 1140 2572 populo
1173 2519 1215 2558 et
1244 2518 1368 2569 gente
1400 2514 1652 2572 preclarum,

83 2595 223 2638 vestre
254 2592 379 2636 saluti
411 2606 436 2635 a
467 2591 556 2635 Deo
589 2605 687 2635 vero
720 2596 762 2636 et
793 2595 935 2635 nostro
968 2592 1204 2636 ministerio
1237 2591 1508 2648 destinatum,
1545 2593 1654 2637 sicut

83 2670 283 2728 oportuit,
313 2683 399 2712 non
430 2669 676 2726 suscepistis
707 2682 840 2724 neque
873 2670 1072 2713 hactenus
1102 2669 1331 2713 secundum
1354 2669 1434 2713 Dei
1455 2670 1650 2714 timorem

83 2746 198 2791 illius
228 2747 418 2791 doctrine
449 2746 663 2790 obedistis
713 2746 865 2790 Omnia
897 2746 972 2790 hec
1005 2750 1140 2791 vestre
1161 2746 1358 2791 valebant
1378 2748 1649 2791 accusationi.

86 2823 168 2868 Sed
199 2823 521 2880 interpellavere
552 2837 628 2880 pro
652 2823 770 2867 vobis
801 2824 1066 2881 responsales
1099 2828 1141 2868 et
1168 2825 1252 2868 mei
1283 2829 1325 2868 et
1347 2825 1489 2880 vestri,
1522 2825 1652 2868 hono-

85 2901 167 2945 rati
199 2902 280 2944 viri
312 2915 360 2945 ac
397 2901 646 2958 prudentes;
687 2901 885 2957 precipue
916 2905 1057 2945 autem
1088 2901 1180 2958 ipse
1210 2902 1402 2959 pontifex
1434 2903 1546 2959 apud
1577 2916 1651 2946 vos

182 3005 208 3026 a.
240 2995 286 3027 sic
308 2994 394 3026 codd.
434 2995 480 3035 CJ.
503 3006 602 3035 supra
622 3006 652 3035 p.
670 2996 731 3026 772
753 3005 821 3035 cap.
837 2996 891 3026 28.
