2028 3438
0 1158 13 1383 Ξ

0 1419 8 1516 ³÷

469 276 710 309 naamam
740 275 984 308 nument-³.
1031 275 1119 307 Lm.
1142 275 1194 307 ιιι
1224 274 1258 308 7.
1276 274 1298 307 s
1579 263 1665 306 799

91 380 221 428 *tineis
249 382 439 427 animum
468 382 603 428 lenire
632 383 878 428 muneribus
910 396 986 440 pro
1008 382 1098 427 edis
1120 382 1462 437 conservatione3
1495 382 1666 425 tandem
1696 392 1788 428 1127

24 497 30 502 .
90 463 316 518 rogantes,
351 464 400 505 ut
429 461 496 506 vel
525 461 570 505 in
601 461 820 506 basilicam
851 461 1128 505 ordinaretur.
1176 459 1259 504 Sed
1292 459 1536 517 episcopus,
1569 473 1668 503 con-

23 549 24 552 ’
71 540 261 583 ¹etitnter
288 552 432 595 agens,
462 539 684 595 indignum
716 552 808 583 esse
838 539 1018 595 dicebat,
1050 538 1185 594 edem,
1219 537 1295 581 sub
1329 538 1453 582 titulo
1478 538 1667 582 demonis

26 607 33 653 7
95 615 335 661 edificatam
369 617 671 673 immundoque
702 617 787 660 ritu
818 617 1104 673 profanatam,
1144 616 1299 660 divinis
1330 617 1476 661 usibus
1508 615 1669 659 manci-

24 703 25 706 ’
94 693 213 752 pari:
243 694 362 739 Nam
393 709 473 752 que
503 697 718 739 conventio
741 695 898 739 Chresti
925 697 984 738 ad
1014 695 1157 738 Belial
1167 690 1192 748 ¹,
1226 703 1299 737 aut
1328 710 1408 751 que
1438 696 1668 738 communi-

22 776 23 779 ’
94 773 206 816 catio
242 773 396 831 templo
428 773 517 816 Dei
552 788 646 816 cum
682 774 834 831 templo
871 770 1147 830 ydolorum?²
1192 771 1371 815 Dicebat
1410 775 1551 816 autem
1583 771 1668 814 illis

17 855 19 858 ⁴
94 852 140 894 et
167 849 508 895 similitudinem:
541 851 767 908 Numquid
796 853 1011 894 seminatis
1030 851 1256 907 frumenta
1282 858 1419 894 vestra
1439 865 1569 908 super
1588 851 1668 893 du-

13 921 15 923 *
88 942 186 972 moe
215 937 292 972 aut
319 929 497 986 apinae?
542 929 644 972 Non
670 937 789 986 puto.
839 928 963 973 Sicut
994 943 1092 985 erqo
1123 929 1175 971 de
1205 930 1322 985 aqris
1353 930 1500 971 vestris
1521 930 1669 986 apinae

96 1007 322 1050 mdioatis
353 1022 405 1050 ac
434 1007 624 1060 tm'buloe,
658 1015 718 1062 ut,
749 1008 872 1050 iacti8
905 1007 1024 1049 bonis
1055 1006 1295 1060 seminibus,
1331 1015 1497 1063 optatas
1518 1015 1669 1063 eeqetes

83 1083 209 1140 fem-e
235 1093 407 1142 queant,
438 1086 501 1129 ita
531 1093 571 1128 et
598 1085 708 1127 hanc
728 1085 915 1127 radicem
943 1085 1156 1141 ydolatrie
1185 1074 1436 1141 spinamque
1463 1086 1669 1142 perdicio-

94 1163 164 1205 nie
201 1163 255 1206 de
291 1164 428 1206 medio
467 1172 652 1207 vestrum
676 1163 883 1219 funditus
920 1164 1152 1219 exstirpari
1181 1171 1362 1220 oportet,
1404 1171 1451 1206 ut
1480 1164 1532 1205 de
1562 1162 1670 1205 bono

97 1241 309 1299 euanqelii
349 1243 504 1284 semine
549 1242 678 1284 corda
725 1248 861 1283 veetra
900 1240 1161 1296 fructificent
1205 1242 1252 1283 in
1297 1242 1428 1284 vitam
1474 1248 1669 1283 eternam.

96 1317 175 1362 His
213 1321 258 1363 et
296 1317 391 1363 aliis
435 1317 678 1362 huiusmodi
722 1316 986 1361 sermonibus
1028 1320 1234 1374 oportune
1270 1318 1512 1374 importune
1551 1317 1671 1361 obse-

95 1395 254 1440 crando
283 1395 542 1454 increpando
573 1392 808 1451 arguendo³
840 1409 916 1452 per
947 1395 1133 1450 singulos
1165 1395 1254 1439 dies
1285 1395 1507 1451 insistens,
1543 1395 1670 1438 duros

93 1462 318 1530 gentilium
350 1474 514 1530 animos
546 1473 717 1518 tandem
750 1473 813 1516 ita
844 1472 1067 1528 emollivit,
1108 1477 1156 1517 ut
1186 1473 1270 1530 ipsi
1302 1473 1424 1517 edem
1455 1472 1671 1517 execrabi-

88 1550 195 1608 lem,
225 1551 279 1596 de
308 1565 394 1610 qua
420 1555 512 1596 tota
541 1551 705 1608 questio
736 1551 831 1606 fuit,
864 1551 952 1594 suis
983 1550 1178 1595 manibus
1209 1551 1523 1606 confringerent
1551 1554 1594 1594 et
1614 1550 1671 1594 si-

95 1628 286 1674 mulam-a
315 1632 614 1687 protererent·.

217 1707 258 1750 8.
297 1706 410 1752 Dum
433 1721 484 1752 ea
503 1706 771 1763 gerebantur,
802 1706 930 1761 legati
951 1706 1208 1750 marchionis
1223 1706 1446 1750 Adalberti
1468 1706 1519 1750 de
1537 1705 1671 1750 Saxo-

96 1784 170 1828 nia
188 1797 483 1842 supervenere,
515 1798 645 1842 opera
675 1788 718 1828 et
748 1787 904 1828 statum
935 1783 1124 1841 episcopi
1153 1785 1339 1828 studiose
1369 1784 1632 1840 inquirentes
1642 1781 1668 1826 ⁴.

96 1860 285 1907 Marchio
317 1863 488 1919 etenim,
520 1876 615 1907 cum
647 1865 759 1907 esset
789 1862 948 1906 amicus
970 1859 1093 1906 'valde
1125 1875 1174 1906 ac
1201 1862 1424 1907 familiaris
1457 1863 1669 1921 episcop0‚

96 1939 143 1984 in
172 1944 298 1997 gente
328 1941 510 1986 barbara
538 1941 649 1985 hunc
679 1940 937 1998 periclitarib
969 1940 1204 1994 metuebat3
1237 1941 1362 1997 unde,
1394 1942 1431 1985 si
1462 1955 1567 1999 opus
1595 1941 1670 1984 ha-

97 2018 230 2076 beret,
260 2019 491 2077 presidium
525 2019 564 2063 ei
595 2022 637 2063 et
657 2033 781 2076 opem
801 2019 914 2063 ferre
934 2018 1142 2075 cupiebat.
1191 2018 1368 2063 Affuere
1389 2019 1515 2062 simul
1536 2019 1670 2076 ipsius

98 2097 286 2155 episcopi
316 2097 530 2142 economi⁶
562 2101 605 2141 et
634 2100 956 2154 procuratorum
987 2097 1146 2152 nuncii,
1179 2111 1328 2140 aurum
1360 2100 1403 2140 et
1433 2100 1670 2152 argentum,

97 2178 235 2220 vestes
266 2189 432 2233 qnoque
463 2178 506 2220 et
534 2175 621 2219 alia
649 2175 890 2219 necessaria
920 2175 960 2219 ei
991 2175 1239 2219 deferentes.
1286 2174 1343 2218 Ut
1374 2175 1487 2218 enim
1518 2172 1670 2231 supra⁵

96 2252 258 2297 dictum
288 2257 366 2308 est,
399 2253 500 2298 licet
519 2253 796 2309 euangelium
829 2253 1090 2297 annuncians
1122 2253 1174 2296 de
1196 2252 1414 2307 euangelio
1435 2253 1578 2296 vivere
1598 2252 1670 2296 de-

98 2329 237 2386 beret,
274 2331 367 2388 ipse
397 2331 526 2376 nichil
557 2331 707 2375 horum
738 2331 801 2374 uti
832 2331 1000 2386 volens,
1039 2330 1126 2374 suis
1157 2344 1202 2374 se
1233 2333 1398 2374 tantum
1431 2330 1670 2387 sumptibus

97 2406 418 2464 transigebat⁶⁶;
467 2409 600 2465 Igitur
630 2409 791 2464 legatos
813 2423 958 2452 omnes
983 2408 1096 2465 apud
1118 2422 1163 2452 se
1190 2408 1250 2452 ibi
1270 2411 1359 2451 tam
1382 2407 1454 2451 diu
1475 2407 1669 2463 detinuit,

99 2499 314 2543 quousque
336 2486 516 2531 videndo
549 2490 592 2531 et
622 2486 830 2530 audiendo
854 2486 1076 2541 discerent,
1110 2486 1211 2542 quid
1233 2485 1284 2529 de
1306 2485 1440 2542 ipsius
1472 2485 1670 2543 operibus

99 2566 174 2608 ant
209 2567 323 2611 statu
360 2564 518 2609 referre
548 2564 762 2608 deberent.
886 2563 1041 2619 Porro,
1080 2563 1307 2620 baptizatis
1347 2563 1541 2607 omnibus
1581 2567 1669 2607 tam

98 2641 202 2686 viris
240 2655 366 2698 quam
405 2641 652 2686 mulieribus
687 2641 822 2686 tocius
853 2641 1059 2696 civitatis,
1099 2640 1153 2684 ad
1184 2640 1492 2685 dedicationem
1524 2641 1669 2685 altaris

100 2731 149 2763 ac
178 2719 409 2764 sanctuarii
438 2720 525 2764 iam
556 2720 767 2775 surgentis
799 2718 972 2763 basilice
995 2718 1131 2762 multa
1151 2718 1410 2763 exultatione
1430 2718 1576 2776 populi
1598 2719 1670 2763 de-

195 2859 224 2881 a.
254 2851 460 2890 proterrerent
481 2850 521 2881 N.
677 2850 707 2880 b.
740 2849 891 2889 predicari
913 2849 959 2887 N,
987 2849 1154 2889 periclitari
1174 2849 1244 2880 BR.
1406 2859 1432 2881 c.
1465 2851 1605 2882 economi
1627 2850 1668 2881 N.

100 2902 131 2934 d.
160 2903 329 2935 transiebat
349 2903 422 2941 NB,
443 2903 631 2942 transigebat
652 2903 692 2933 R.

195 2980 229 3015 1.
255 2980 278 3015 2
294 2979 428 3026 cor.6,
447 2979 504 3015 15.
624 2979 658 3015 2.
685 2976 740 3015 Cf.
758 2979 780 3014 2
798 2978 932 3024 cor.6,
952 2979 1008 3014 16.
1128 2979 1163 3015 3.
1189 2979 1212 3014 2
1228 2978 1324 3014 Tim.
1341 2978 1375 3024 4,
1402 2980 1436 3015 2.
1549 2979 1583 3015 4.
1611 2977 1667 3015 Cf.

100 3035 181 3074 Eho
197 3037 250 3074 111
268 3038 324 3074 10.
458 3038 492 3075 5.
518 3050 555 3084 p.
575 3038 654 3084 790,
679 3038 722 3074 L.
739 3037 791 3073 111
817 3047 848 3074 ο.
864 3038 896 3073 1.
1041 3038 1075 3074 6.
1102 3036 1156 3075 ef.
1174 3037 1254 3075 Eho
1271 3037 1325 3075 111
1348 3038 1382 3074 9.
