2028 3438
612 249 835 283 nmmum
865 249 1036 282 oonux.
1083 246 1131 281 96
1569 234 1655 278 185

83 354 274 420 positus&
291 355 582 414 A(dalbertus)
613 357 797 403 decanus
827 370 924 401 oum
949 355 1143 400 omnibus
1165 355 1378 401 canonicis
1399 355 1543 399 votiva
1563 368 1657 398 ora-
1681 362 1881 401 noo-1101

82 439 247 484 tionum
281 437 654 483 holocaustomata.

91 527 131 549 ’τί
155 513 351 560 ⁴⁴²¹Multis
376 518 435 559 vet
460 514 592 558 variis
628 512 906 568 negociorum
939 511 1288 569 dispositionibus
1318 510 1438 555 vobis
1477 510 1657 565 irretito,

85 588 213 652 opere
235 591 433 651 proeium
446 626 449 632 Δ
463 592 676 647 duximus,
714 590 860 635 stricto
893 593 937 633 et
964 589 1264 646 compendioso
1298 601 1505 643 sermone,
1536 587 1659 631 nobis

85 666 235 716 tamen?
267 669 494 715 admodum
533 669 793 724 necessario,
835 681 959 711 aures
988 670 1156 712 vestrae
1187 667 1358 724 pietatis
1390 665 1657 723 compellare.

84 748 341 794 Etaeutinam
358 747 482 796 banc
512 746 700 790 odiosam
732 745 1083 789 necessitudinem
1115 744 1282 789 invida·
1312 744 1495 787 fatorum
1529 743 1659 787 series

84 826 207 872 nobis
238 825 486 880 ademisset3
518 838 572 868 ne
593 824 726 879 vobis,
759 824 827 867 cui
857 822 991 867 multo
1023 823 1210 867 maxime
1231 822 1434 866 vellemus
1462 835 1555 865 esse
1583 820 1660 864 ho·-

86 905 203 960 nori,
241 917 445 961 umquam
473 903 700 946 fuissemus
732 901 863 945 oneri.
909 900 1064 944 Verum
1096 899 1315 958 inexpleta
1345 899 1555 958 cupiditas
1585 898 1660 942 ho-

85 974 264 1038 minum,
294 982 363 1026 cui
392 984 482 1025 tam
513 981 632 1025 deest
662 979 773 1036 quod
804 978 933 1023 habet
954 992 1081 1034 quam
1102 977 1215 1035 quod
1234 991 1319 1021 non
1341 977 1481 1033 habet,
1514 977 1551 1020 si
1572 990 1661 1020 cre-

87 1054 190 1105 derev
216 1059 282 1104 fas
313 1062 392 1116 est,
422 1072 507 1103 non
538 1058 673 1102 solum
706 1058 892 1101 humana
922 1056 996 1101 sed
1021 1059 1064 1101 et
1084 1056 1229 1100 divina
1249 1055 1458 1099 subvertit
1476 1054 1660 1110 negotia.

117 1133 123 1170 Ῑ
152 1164 155 1171 ,
181 1145 185 1154 ²
208 1137 424 1195 Siquidem
449 1161 504 1168 —
538 1136 808 1181 serenissima
838 1134 1062 1191 legationis
1083 1137 1249 1178 vestrae
1280 1134 1367 1177 iam
1398 1132 1565 1191 pridem
1595 1146 1662 1176 re-

88 1216 220 1261 creati
250 1229 368 1272 aura,
405 1227 489 1272 qua
518 1214 640 1258 nobis
671 1214 954 1258 certissimam
969 1209 1253 1257 'redimendae
1285 1225 1403 1269 spem
1437 1210 1662 1255 oblationis

88 1294 293 1339 intulistis
314 1318 370 1325 —-
393 1307 479 1338 non
508 1293 634 1348 longe
665 1295 762 1349 post
791 1291 967 1335 infanda
995 1290 1245 1335 feneratoris
1277 1290 1452 1347 pessimi
1475 1289 1664 1346 quassati

90 1386 236 1417 sumus
266 1370 463 1430 procella,
511 1370 592 1423 Qui
613 1384 714 1414 voce
743 1369 908 1413 nefaria
933 1368 1101 1426 publice
1122 1369 1352 1426 protestari
1373 1381 1459 1411 non
1489 1367 1662 1424 puduit:

91 1464 137 1496 se
174 1450 292 1498 nulla
320 1450 485 1493 ratione
517 1448 623 1493 velle
654 1461 797 1492 carere
827 1447 1063 1505 praesentis
1094 1446 1195 1490 anni
1225 1445 1453 1501 reditibus,
1494 1445 1663 1489 etiamsi

91 1528 240 1574 eadem
270 1522 339 1572 die
367 1527 578 1585 reciperet
606 1539 816 1570 summam
848 1525 992 1569 debiti.
1048 1524 1226 1582 Insuper
1258 1524 1341 1568 alia
1372 1525 1476 1568 satis
1509 1523 1665 1568 bestia-

90 1607 191 1652 liter
211 1605 427 1660 elatravit3
460 1604 674 1648 videlicet:
697 1617 782 1647 non
804 1603 919 1647 aliud
941 1603 1022 1647 sibi
1044 1602 1271 1660 ponderari
1293 1606 1515 1658 argentum
1538 1615 1665 1659 quam

91 1684 282 1731 Achivae
310 1697 456 1728 venae.

211 1762 412 1807 Preterea
451 1761 534 1805 duo
573 1760 649 1817 N.‚
689 1763 827 1803 vester
864 1759 1036 1815 inquam
1076 1759 1368 1803 ministerialis
1408 1762 1450 1802 et
1487 1758 1667 1802 mordax

92 1841 302 1887 mordacis
333 1840 446 1884 casei
466 1838 735 1894 vermiculus,
767 1838 871 1881 satis
903 1837 1080 1893 grandia
1110 1837 1162 1881 de
1189 1851 1274 1880 non
1294 1836 1508 1881 reddendo
1539 1837 1666 1881 bene-

93 1919 187 1964 ficio
217 1919 428 1964 trutinant
457 1917 598 1962 verba.
721 1916 952 1960 Identidem
987 1915 1137 1959 actitat
1165 1915 1288 1960 miles
1319 1919 1460 1959 vester
1489 1914 1541 1958 N.

214 1997 386 2041 Talibus
415 1997 559 2052 itaque
589 1995 756 2038 iniuriis
787 1994 986 2049 lacessiti,
1019 2007 1115 2038 cum
1141 1994 1296 2038 fratres
1317 1997 1481 2040 vestros
1503 2006 1667 2049 germa—

93 2073 195 2121 nos¹
224 2075 481 2133 Ratisponae
512 2073 875 2130 comperissemus,
908 2072 1100 2115 misimus
1133 2071 1187 2115 ad
1219 2085 1289 2116 eos
1314 2076 1500 2116 oratum:
1533 2074 1581 2115 ut
1603 2071 1668 2114 vel

93 2156 186 2200 iure
217 2153 286 2198 vel
322 2153 461 2209 gratia
500 2151 614 2209 apud
651 2151 748 2194 illos
788 2150 1024 2206 efficerent,
1064 2163 1118 2194 ne
1158 2150 1334 2194 ulterius
1374 2150 1484 2193 bona
1521 2153 1669 2192 nostra

95 2232 215 2290 quasi
260 2231 531 2289 praedatoria
575 2243 704 2272 manu
749 2231 1022 2286 occuparent3
1070 2227 1197 2271 simul
1236 2231 1278 2272 et
1314 2240 1489 2284 rapaces
1529 2227 1668 2270 minas

95 2310 344 2355 feneratoris
374 2309 488 2352 illius
520 2307 770 2351 deteximus.
862 2306 931 2350 Ad
961 2306 1039 2349 hec
1068 2305 1132 2349 illi
1163 2306 1267 2349 satis
1297 2306 1464 2363 placide
1493 2319 1669 2363 respon-

97 2389 269 2443 derunt3
301 2401 447 2432 verum
478 2385 718 2430 huiusmodi
749 2385 969 2440 negocium
991 2386 1157 2427 vestrae
1179 2383 1419 2427 audientiae
1449 2397 1670 2428 reservan-

98 2467 199 2511 dum
229 2479 322 2511 esse
352 2467 617 2509 censuerunt.

217 2543 339 2588 Nunc
369 2557 481 2599 ergo,
513 2542 702 2586 fraterna
734 2540 1001 2597 suggestione
1033 2552 1260 2597 persuasus
1293 2542 1335 2583 et
1365 2542 1535 2583 nostrae
1555 2539 1703 2595 lega-

98 2622 226 2666 tionis
247 2621 545 2677 conquestione
567 2619 860 2675 commonitus,
883 2621 1010 2675 prout
1025 2621 1211 2661 vestram
1227 2617 1347 2668 decet
1363 2617 1669 2673 excellentiam,

193 2768 220 2790 a„
252 2758 368 2790 invidia
386 2758 417 2796 V,
440 2737 544 2788 invidi
565 2757 600 2788 Z.

197 2841 230 2877 1.
256 2839 415 2876 Alberici
440 2839 563 2875 chron.
591 2842 664 2884 (ap.
684 2836 906 2874 Leibnitium
932 2836 1022 2872 Aee.
1044 2835 1127 2872 hist.
1145 2835 1180 2872 11
1205 2835 1289 2880 251)
1316 2837 1427 2872 1126:
1455 2835 1608 2882 „fratres
1627 2855 1670 2862 -

100 2899 299 2946 Ingelberti
325 2898 558 2942 (marchionis
582 2897 856 2939 Foroiuliensis)
890 2899 995 2932 erant
1025 2896 1219 2941 episcopus
1243 2895 1521 2931 Ratisbonensis
1549 2895 1671 2936 (Hart-

101 2959 216 2995 wicus
235 2959 326 2994 1106
338 2959 490 3001 -1126)
515 2960 553 2993 et
569 2956 866 3002 archiepiscopus
884 2955 1110 2992 Coloniensis
1126 2954 1379 2991 Fredericus“.
1418 2953 1472 2990 Cf.
1490 2954 1565 2990 Vit.
1582 2954 1671 2989 Nor-

101 3018 206 3065 berti‚
231 3018 328 3055 Mon.
347 3017 469 3055 Germ.
487 3016 552 3053 SS.
570 3017 642 3053 XII
668 3016 748 3052 689.
