2028 3438
407 265 494 307 412
865 278 1085 309 UDALRIGI
1113 278 1282 309 coonx.
1328 277 1410 311 233.
1420 277 1498 311 >234

294 391 382 426 1127
407 385 563 426 sidium
593 384 824 440 conserant,
856 387 1027 441 ipseque
1043 385 1163 438 -mihvi
1175 394 1334 428 ‘eonem
1367 386 1732 432 omnes-amum
1749 386 1965 444 praebeat,

406 462 467 502 eie
497 470 543 503 ut
572 461 735 503 nullw'm
765 463 967 518 eme-ipim,
1012 460 1186 504 Nunciis
1213 461 1352 516 ,igitur
1383 461 1541 505 adme
1579 461 1785 517 revomis&
1806 465 1965 511 ›unhe

407 537 681 580 condicionis
699 538 960 580 exactionem
992 538 1051 580 ad:
1083 551 1150 582 me
1187 538 1374 581 referunt
1411 551 1587 594 meoque
1624 538 1963 596 arbitriossrsswid

407 613 572 668 eligam,
604 614 910 669 derelinquunt.
957 614 1047 668 Ego
1080 608 1220 658 autem
1245 638 1297 644 —
1330 615 1614 659 condicionem
1634 615 1963 677 spinitmbmein

405 690 578 733 Balaam
594 690 736 734 'sciens
759 704 928 733 exosam
942 688 967 746 ¹,
996 691 1041 734 in
1062 690 1145 734 Iezi
1167 692 1495 735 contaminatam
1504 689 1533 747 ²,
1563 692 1606 735 in
1630 691 1813 749 Symouo,
1832 692 1962 741 m

407 765 598 822 dictam³,
614 770 617 773 '
633 781 657 810 a
677 767 857 810 Domino
889 768 933 810 in
965 767 1182 822 euangelio
1213 768 1466 824 prohibitam
1489 793 1544 799 —-
1569 782 1599 812 a
1615 769 1715 813 viris
1744 769 1961 819 eutholiois

406 828 627 887 consilium
658 844 819 899 quesivi
850 848 892 888 et
923 858 1070 900 quero:
1104 858 1157 888 an
1188 844 1266 889 hoc
1296 858 1391 888 cum
1422 846 1555 889 salute
1585 858 1680 891 mea
1709 847 1873 904 possim,
1894 847 1961 891 of-

404 921 528 976 ferre,
567 921 677 976 quod
708 921 859 964 divinis
892 921 1175 965 sanctionibus
1207 925 1364 965 certum
1397 925 1461 965 est
1491 922 1963 971 discordarexoontum

406 998 560 1054 quippe
592 997 694 1040 mihi
726 1001 801 1052 est,
833 998 878 1040 in
909 1011 1057 1041 manus
1078 998 1258 1041 hominis
1283 999 1467 1043 incidere
1488 1013 1612 1055 quam
1632 999 1745 1055 leges
1764 999 1959 1045 Domini·

406 1075 705 1130 derelinquere.
818 1075 897 1118 Tot
917 1075 1059 1131 itaque
1081 1079 1122 1118 et
1142 1075 1270 1118 tantis
1293 1089 1518 1132 oppressus
1538 1077 1666 1123 immo
1695 1077 1959 1122 conculcatus

405 1152 583 1206 iniuriis,
616 1152 799 1194 omnium
833 1152 1055 1208 provolvor
1085 1153 1259 1206 genibus
1291 1153 1520 1197 miserabili
1550 1167 1678 1211 super
1709 1154 1961 1212 calumpniis

406 1228 517 1273 meis.
540 1229 849 1285 conquestione,
882 1232 928 1272 ut
959 1230 1146 1273 fraterna
1177 1244 1243 1273 me
1275 1230 1438 1285 dignari
1469 1231 1598 1274 velint
1628 1231 1935 1295 compassione·

407 1369 523 1416 234.
552 1372 768 1414 Honorius
791 1372 847 1414 II
863 1388 985 1429 papa
1010 1372 1277 1416 Adelbertum
1298 1373 1329 1415 I
1353 1374 1711 1431 arehiepiscopum
1741 1375 1957 1431 Μοθωναί-

552 1464 650 1491 num
689 1450 985 1506 reprehendere
1023 1451 1205 1502 videtur,
1246 1452 1360 1506 quod
1393 1449 1681 1494 Gebehardum
1697 1497 1700 1502 ,
1719 1453 1957 1509 episcopum

552 1526 922 1582 Wirziburyensem
938 1536 1082 1570 contra
1100 1542 1274 1570 canones
1292 1525 1762 1571 eaeeommunicaveric⁵2
1785 1526 1837 1580 (E
1854 1528 1956 1587 330)

256 1623 377 1666 (1127)
521 1613 572 1657 N.
607 1628 750 1657 servus
789 1628 1003 1658 servorum
1035 1615 1115 1658 Dei
1145 1615 1405 1668 A(delberto)
1446 1616 1670 1660 venerabili
1708 1616 1830 1660 fratri
1869 1615 1957 1660 Mo-

403 1691 577 1745 guntino
598 1691 910 1748 archiepiscopo
943 1696 985 1735 et
1017 1692 1281 1748 apostolicae·
1300 1693 1409 1736 sedis
1436 1693 1575 1747 legato
1596 1693 1774 1739 salutem
1795 1697 1837 1740 et
1857 1707 1957 1751 apo-

403 1767 593 1810 stolicam
624 1768 966 1811 benedictionem.
1936 1782 1937 1785 ’

524 1844 686 1887 Scimus
718 1846 899 1901 quidem,
932 1846 1068 1889 zelum
1089 1846 1169 1890 Dei
1192 1860 1264 1890 vos
1295 1846 1459 1891 habere.
1507 1847 1810 1899 Quemvtamen
1840 1847 1956 1894 salva

403 1922 576 1965 caritate
607 1922 775 1965 condire
807 1923 980 1977 debetis,
1011 1927 1058 1966 ut
1086 1923 1216 1966 nichil
1245 1923 1469 1967 indiscrete
1500 1924 1573 1967 sed
1603 1925 1742 1968 omnia
1771 1925 1955 1968 rationa-

402 1991 542 2042 biliter
586 2002 638 2041 et‘
669 2000 896 2042 secundum
935 2000 1072 2042 Deum
1118 2013 1242 2054 agere
1280 2000 1466 2043 valeatis.
1594 2000 1954 2056 wirzeburgensis

403 2076 556 2132 quippe
588 2076 785 2119 ecclesiae
817 2076 1057 2130 designatus
1089 2077 1329 2133 episcopus,
1370 2091 1415 2121 se
1445 2091 1471 2121 a
1501 2077 1618 2122 vobis
1656 2082 1802 2122 contra.
1835 2078 1954 2122 iusti-

403 2154 508 2196 ciam
541 2151 708 2208 'gravari
740 2156 783 2196 et
811 2154 1115 2210 praeiudicium
1136 2155 1355 2209 sustinere,
1389 2155 1577 2210 querelas
1598 2155 1718 2199 nobis
1739 2155 1951 2212 deposuit:

402 2230 512 2286 quod
541 2230 703 2286 ipsum,
735 2244 869 2286 neque
900 2230 1209 2274 accusatoribus
1239 2244 1373 2286 neque
1403 2231 1578 2275 testibus
1608 2232 1825 2287 legittimis
1856 2245 1952 2277 con-

402 2307 556 2350 victum
602 2321 736 2362 neque
775 2311 922 2363 sponte
959 2308 1191 2351 confessum
1238 2321 1371 2363 neque
1416 2309 1612 2352 canonice
1653 2309 1950 2365 examinatum,

401 2386 613 2439 tamquam
649 2384 845 2428 ecclesiae
876 2385 1112 2428 invasorem
1145 2408 1197 2414 —
1231 2385 1277 2427 in
1307 2399 1389 2440 qua
1426 2399 1469 2429 se
1507 2385 1682 2429 electum
1719 2390 1950 2430 asseverat⁰

403 2484 452 2489 -
487 2465 528 2503 et
558 2461 845 2517 symoniacum
876 2462 1206 2517 pronuntiatum,
1237 2462 1526 2505 communione
1556 2462 1951 2519 ecclesiastica-pri-

402 2538 611 2580 vaveritis.
733 2538 849 2589 Quod
881 2539 916 2581 si
947 2539 1008 2581 ita
1038 2542 1112 2593 est,
1144 2538 1653 2583 fraternitatem'vestram
1685 2554 1711 2584 a
1739 2541 1949 2590 canonicis

401 2614 554 2668 regulis
587 2614 787 2658 divinitus
824 2615 1040 2671 inspiratis
1078 2615 1235 2670 liquido
1274 2618 1438 2659 constat
1473 2616 1674 2660 deviasse.
1728 2617 1803 2661 Ait
1837 2618 1948 2662 enim

401 2704 520 2733 sacra
550 2704 756 2733 canonum
788 2692 1026 2747 auctoritas,
1063 2692 1193 2735 adimi
1224 2692 1417 2749 episcopo
1449 2693 1732 2749 episcopatum
1763 2708 1847 2738 non
1877 2695 1948 2738 de-

492 2788 518 2808 a.
550 2779 607 2809 Dei
628 2780 688 2809 mei
709 2780 739 2810 V.
875 2780 904 2809 b.
936 2790 973 2810 ea:
996 2781 1021 2810 V
1038 2781 1117 2817 138,
1148 2780 1175 2810 Ζ
1196 2790 1227 2819 p.
1243 2781 1447 2817 304-306,
1482 2780 1506 2812 C
1527 2782 1709 2812 66-6611.
1842 2791 1869 2813 e.
1900 2792 1948 2813 as-

398 2833 532 2861 seruerat
557 2831 586 2862 C.

494 2890 525 2923 1.
551 2889 698 2925 Numeri
723 2891 779 2934 22,
807 2891 862 2925 18.
983 2891 1015 2925 2.
1048 2890 1103 2925 De
1129 2889 1230 2925 Giezi
1254 2902 1289 2925 v.
1314 2890 1338 2925 4
1361 2891 1450 2935 Reg.
1469 2892 1502 2936 5,
1529 2892 1684 2927 21—27.
1802 2893 1837 2928 3.
1864 2891 1945 2928 Act.

399 2957 455 2992 ap.
475 2948 509 2992 8,
535 2948 591 2982 20.
687 2948 721 2983 4.
755 2948 855 2984 Haec
880 2949 1032 2994 epistola
1057 2952 1094 2984 et
1119 2959 1172 2994 ea,
1198 2959 1290 2994 quae
1315 2949 1488 2995 sequitur,
1513 2949 1762 2987 vehementius
1787 2951 1945 2987 scholam

397 3005 571 3051 redolent,
597 3016 706 3051 quam
732 3017 822 3052 quas
847 3017 912 3052 pro
937 3008 1103 3052 genuinis
1127 3010 1308 3053 putemus.
