2028 3438
440 252 681 285 nnnnonm
710 251 954 283 manneus.
1003 251 1090 282 Lm.
1113 251 1167 281 111
1195 250 1229 283 4.
1247 249 1269 282 5
1550 235 1637 280 795

68 361 184 420 cepit
212 363 256 406 et
283 360 448 406 timere.
502 359 560 404 Et
590 359 684 404 ille:
726 359 806 404 Sta
834 358 974 415 inquit
1005 367 1043 403 et
1072 360 1237 416 accipe,
1278 372 1357 415 que
1388 359 1495 405 dico.
1542 358 1637 414 Eyo

13 445 15 448 ’
67 441 298 485 eumdem·
329 448 450 490 tuum
490 453 564 496 eqo
604 453 717 492 cum,
760 439 838 495 qui
868 439 996 481 vestio
1029 445 1066 481 et
1103 436 1368 493 qraminibus
1401 450 1571 493 campos
1603 443 1640 479 et

55 517 295 576 frondibus
321 531 496 560 nemora
503 532 519 567 ,·
537 516 713 573 fructus
746 530 946 573 aqrorum
977 523 1014 558 et
1046 515 1271 572 liqnorum,
1292 513 1413 569 fetus
1439 528 1639 570 pecorum

69 604 111 640 et
137 597 293 649 omnia,
327 608 570 652 quecunque
599 594 744 637 usibus
776 594 992 636 hominum
1022 594 1220 645 serviunt,
1253 594 1299 634 in
1329 606 1422 634 mea
1443 599 1542 634 sunt
1558 605 1638 648 po-

69 682 222 718 testate.
252 673 344 716 Hoc
363 673 466 716 dare
486 671 596 715 soleo
615 671 842 714 cultoribus
862 673 978 725 meis,
998 680 1036 714 et
1054 671 1133 724 his,
1153 672 1230 727 qui
1247 684 1312 712 me
1329 677 1636 726 contempnunt,

0 769 3 772 ·
69 751 252 809 avfferre.
298 750 388 794 Dic
407 764 505 807 erqo
528 751 601 803 eis,
635 751 712 806 qui
730 758 828 793 aunt
847 751 894 792 in
916 751 1081 792 civitate
1101 748 1411 805 Holoqoetensi,
1434 762 1486 789 ne
1506 747 1638 789 susci-

69 831 195 888 piunt
223 830 347 872 deum
376 828 575 881 alienum,
610 829 688 884 qui
717 829 774 870 eis
804 828 1003 884 prodesse
1032 842 1117 870 non
1147 827 1306 883 possit3
1336 839 1471 878 mone,
1504 833 1549 867 ut
1574 824 1639 866 al-

70 909 200 952 teriue
220 906 454 964 ·reli9ioni⁸
483 907 683 958 nuncios,
725 920 830 962 quos
861 906 919 948 ad
950 920 1017 948 eos
1047 913 1241 947 venturos
1269 887 1465 961 predico,
1504 904 1641 945 vivere

69 999 157 1029 non
180 985 420 1042 patiantur.
468 982 558 1026 Hec
587 982 659 1026 ubi
693 983 871 1026 attonito
899 981 1102 1026 ruricole·
1125 981 1277 1025 demon
1297 979 1476 1024 visibilis
1499 979 1641 1023 edixe-

70 1063 153 1118 rat,
185 1061 239 1105 ad
269 1061 466 1105 densiora
494 1060 679 1104 nemoris
706 1073 803 1111 sese
834 1059 1013 1104 contulit
1042 1060 1246 1117 inpostor.
1298 1058 1495 1102 Rusticus
1526 1071 1641 1113 vero,

72 1140 195 1197 qnasi
231 1138 285 1183 de
323 1138 492 1183 oraculo
532 1138 750 1196 stupidus,
790 1138 989 1181 corruens
1026 1150 1185 1194 pronus
1217 1136 1410 1180 adoravit
1439 1137 1483 1179 in
1514 1139 1641 1180 terra.

70 1216 236 1262 Deinde
272 1216 419 1262 abiens
455 1217 502 1260 in
538 1217 776 1271 civitatem,
815 1216 929 1272 cepit
965 1216 1222 1259 annunciare
1253 1215 1471 1258 visionem.
1534 1213 1644 1266 Quid

72 1294 223 1353 plura?
269 1294 459 1340 Credidit
489 1295 692 1353 populus3
724 1295 963 1350 iterumque
994 1297 1120 1349 atque
1149 1291 1303 1337 iterum
1336 1292 1644 1336 circumdantes

73 1373 302 1430 hominem,
334 1373 482 1418 eadem
514 1373 656 1430 sepius
676 1385 852 1416 narrare
874 1371 1092 1427 cogebant,
1123 1372 1229 1415 moti
1250 1370 1445 1415 videlicet
1465 1370 1645 1414 monstri

73 1451 275 1496 novitate.
322 1450 556 1507 Postremo,
589 1451 678 1494 acsi
708 1450 875 1494 nescius
907 1451 1109 1505 omnium,
1143 1449 1314 1493 advenit
1339 1448 1548 1504 sacerdos,
1579 1448 1644 1491 in-

75 1530 360 1587 dignationem
392 1529 530 1586 primo
559 1528 763 1572 simulans
785 1529 905 1584 quasi
927 1528 979 1572 de
998 1527 1238 1582 mendaci03
1270 1527 1422 1572 deinde
1444 1526 1645 1570 attentius

75 1609 223 1653 audire
243 1611 286 1653 et
305 1607 507 1653 obtestari
528 1607 642 1664 cepit
661 1606 889 1662 hominem,
921 1609 982 1662 ut,
1012 1619 1111 1649 vera
1130 1608 1296 1649 tantum
1318 1619 1509 1661 narrans,
1530 1604 1646 1648 nullo

76 1686 276 1743 figmento
304 1685 508 1744 populum
530 1685 788 1728 sollicitaret.
836 1683 896 1728 At
915 1683 1000 1740 ille,
1031 1687 1079 1727 ut
1099 1687 1191 1728 erat
1210 1684 1423 1728 rusticane
1444 1682 1646 1740 simplici-

75 1765 201 1821 tatis,
232 1777 384 1809 manus
412 1763 607 1819 tendere,
640 1762 782 1806 oculos
815 1763 868 1806 ad
896 1762 1030 1806 celum
1062 1762 1222 1818 levare,
1254 1762 1502 1818 magnisque
1533 1761 1647 1805 iura-

77 1843 232 1888 mentis
264 1846 308 1887 et
334 1842 435 1886 forti
466 1841 770 1899 protestatione
801 1854 890 1884 rem
922 1841 985 1883 ita
1015 1854 1060 1884 se
1091 1840 1246 1884 habere
1278 1853 1485 1896 asserens,
1520 1839 1646 1884 etiam

78 1921 218 1965 locum
247 1921 384 1978 ipsius
416 1919 695 1976 apparitionis
728 1932 773 1962 se
802 1922 1068 1962 ostensurum
1090 1918 1325 1975 pollicetur.
1374 1918 1491 1962 Tunc
1510 1931 1648 1961 sacer-

78 1999 175 2056 dos,
207 2011 433 2043 conversus
466 1996 518 2041 ad
551 1996 768 2054 populum,
799 2010 908 2040 vane
939 1996 1178 2053 suspirans:
1214 1997 1285 2040 En
1317 1997 1393 2040 hoc
1425 2005 1484 2040 est
1511 1995 1650 2051 inquit

80 2078 195 2136 quod
223 2086 308 2122 toto
331 2091 443 2120 anno
465 2077 666 2119 dicebam.
716 2075 833 2129 Quid
852 2076 972 2119 nobis
995 2090 1088 2118 cum
1109 2075 1247 2117 alieno
1270 2075 1374 2117 deo?
1405 2075 1510 2131 quid
1528 2074 1648 2117 nobis

80 2171 174 2200 cum
212 2156 415 2213 reliyione
453 2154 807 2197 christianorum?
860 2153 974 2196 Iuste
1010 2161 1196 2196 movetur
1236 2161 1274 2195 et
1308 2154 1509 2195 irascitur
1548 2153 1648 2195 deus

79 2242 239 2288 noster,
281 2235 322 2277 si
353 2241 455 2291 poet
484 2234 626 2276 omnia
658 2231 874 2287 benefacta
905 2233 991 2273 eius
1022 2231 1142 2274 stulti
1171 2240 1209 2274 et
1237 2232 1400 2287 inyrati
1429 2231 1487 2273 ad
1517 2230 1651 2273 alium

82 2314 373 2356 convertimur.
424 2310 512 2355 Sed
541 2325 592 2352 ne
623 2311 759 2352 iratus
791 2309 955 2352 occidat
983 2323 1074 2362 noe,
1107 2309 1195 2351 illis
1226 2311 1464 2352 irascamur
1471 2324 1486 2359 ,·
1518 2317 1556 2351 et
1583 2323 1650 2351 oc-

82 2391 273 2434 cidamus
304 2404 386 2442 eos,
420 2390 497 2446 qui
525 2403 601 2431 nos
633 2388 826 2429 seducere
854 2388 1039 2430 veniunt.
1092 2385 1210 2438 Quod
1242 2386 1400 2429 dictum
1433 2398 1528 2428 cum
1558 2384 1651 2442 pla-

83 2467 240 2511 cuisset
269 2466 478 2521 omnibus,
508 2455 785 2508 firmaverunt
805 2463 1038 2507 decretum:
1070 2467 1132 2519 ut,
1163 2464 1200 2507 si
1221 2463 1319 2507 Otto
1342 2463 1564 2520 episcopus
1584 2462 1652 2506 vel

84 2544 306 2601 quisquam
338 2543 390 2587 de
420 2543 619 2586 societate
651 2542 740 2585 eius
771 2540 984 2585 civitatem
1013 2541 1207 2596 intraret,
1240 2541 1330 2585 sine
1350 2554 1470 2584 mora
1491 2539 1652 2585 occide-

83 2625 213 2666 retur.
269 2621 372 2665 Item
404 2620 680 2664 firmaverunt
711 2618 792 2662 sibi
823 2631 1057 2662 sermonem
1091 2632 1293 2675 nequam,
1326 2618 1485 2663 scilicet
1514 2621 1581 2674 ut,
1615 2619 1651 2662 si

84 2702 207 2743 nocte
237 2698 304 2742 vel
342 2698 451 2742 clam
486 2699 694 2741 intrantes
727 2696 949 2752 quisquam
980 2699 1090 2739 tecto
1129 2696 1356 2753 reciperet,
1398 2695 1526 2740 simili
1558 2709 1652 2739 sen-

85 2777 217 2820 tentie
246 2776 492 2820 subiaceret.
539 2774 596 2818 Et
616 2773 692 2818 hec
714 2777 899 2829 agenteS,
930 2773 1074 2817 multis
1107 2774 1343 2831 obprobriis
1366 2778 1408 2818 et
1428 2774 1651 2818 verborum

85 2853 252 2897 iniuriis
282 2853 529 2908 religionem
561 2855 750 2895 nostram
782 2850 1121 2907 blasphemantes
1153 2852 1412 2896 deridebant.

206 2931 247 2974 5.
295 2930 460 2974 Interea
490 2942 589 2974 vero
628 2928 766 2986 apudb
797 2927 1064 2972 Uznoimiam
1094 2929 1219 2974 rebus
1250 2930 1429 2974 feliciter
1459 2942 1653 2974 consum-

184 3035 211 3056 ει.
243 3026 373 3056 ruricule
396 3026 437 3056 N.
651 3024 680 3054 b.
713 3023 794 3062 apud
815 3033 871 3053 om.
889 3023 926 3053 N
926 3035 937 3061 ‚·
960 3023 1063 3063 recepi
1084 3033 1122 3055 eae
1144 3024 1183 3054 R.

1713 365 1803 401 1127

1650 415 1723 454 post
1740 414 1810 445 Mai.
1824 415 1864 444 22
