2028 3438
201 366 294 402 1072

170 414 235 445 Oct.
253 415 328 445 Nov.

222 1750 314 1785 1074

206 1808 232 1828 c.
246 1798 333 1828 Febr.

358 238 415 281 84
841 251 1061 285 nmmum
1091 252 1258 284 conax.
1307 251 1365 285 39.
1382 250 1429 284 40

354 355 524 411 servire,
558 369 680 411 quam
714 356 750 399 si
780 356 1053 402 intentionem
1076 358 1191 402 illam
1214 371 1386 402 exueres
1409 360 1450 400 et
1471 357 1610 400 sedem
1631 359 1687 402 'et
1685 355 1910 421 episoqpuv

351 435 442 476 tum
464 436 584 476 tuum
607 433 658 476 ab
678 433 757 488 his,
776 434 847 489 qui
868 435 1066 479 invadere
1080 436 1238 490 volunt,
1261 434 1516 479 defenderes·
1580 433 1729 480 Nunc
1748 442 1859 490 ergo}
1862 436 1910 490 *0

351 512 515 565 patrem
545 523 743 565 rogamus
763 524 840 554 nos
862 510 952 567 filii,
982 516 1024 556 te
1044 516 1257 569 pastorem
1279 525 1376 555 oves
1396 511 1534 566 gregis
1554 510 1637 555 tui:
1650 513 1730 557 ut
1735 512 1911 567 quantor

352 586 440 630 cius
472 587 525 630 ad
555 600 632 630 nos
663 587 812 633 redeas
842 591 885 631 et
913 587 1099 632 dolorem
1127 592 1170 633 et
1188 589 1444 633 mesticiam
1475 587 1611 631 cordis
1636 587 1793 633 11031τί
1790 596 1910 634 8919·-

351 663 484 707 nitate
514 663 654 707 vultus
684 665 748 708 tui
779 664 1008 720 detergasb.
1583 702 1585 704 ,
1628 691 1645 709 ,ς
1755 671 1777 710 'f

472 739 547 797 Sin
578 743 731 796 autem,
763 742 898 798 primo
929 743 1215 787 invocabimus
1246 742 1382 786 Deum
1413 745 1575 798 patrem
1607 740 1911 796 omnium‚2·inv

353 816 626 860 clinabimur⁰
668 817 834 862 Christo
873 819 1055 876 principi
1090 823 1325 876 pastorum3
1375 818 1648 876 apostolicam
1689 817 1910 865 adversum

352 897 395 937 te
415 893 623 938 adibimus
645 895 806 950 sedem;
835 896 880 939 in
903 897 1156 940 adiutorium
1176 881 1393 940 nostrumd
1413 895 1911 942 invocabimusommm'

353 970 544 1014 ordinem
584 974 626 1014 et
664 972 930 1027 dignitatem;
969 973 1130 1017 nullum
1166 974 1210 1016 in
1248 976 1336 1016 toto
1375 986 1524 1028 regno,
1565 980 1687 1028 quem
1722 984 1808 1019 non
1839 983 1911 1019 250-

353 1060 514 1102 gemus,
547 1048 807 1094 dimittemus
829 1050 1083 1107 episcopum.
1132 1051 1189 1094 Te
1209 1051 1388 1105 vivente,
1410 1062 1624 1105 nunquam
1643 1051 1911 1106 propastore

353 1125 604 1181 recipiemus
635 1128 968 1171 mercennarium
977 1128 999 1171 ¹.

355 1266 438 1312 40.
474 1267 711 1324 Siqffridus
729 1268 761 1310 I
777 1271 1113 1327 archiepiscopus
1135 1265 1419 1327 Moquntinuc'
1435 1267 1638 1326 Greyorio
1659 1267 1751 1329 VII
1771 1274 1912 1326 papae

474 1347 692 1388 constituto
722 1346 975 1402 yratulatur.
1032 1347 1250 1400 Queritur‚
1292 1349 1404 1404 quod
1434 1347 1678 1390 Alemander
1697 1345 1755 1388 II
1775 1360 1909 1403 papa,

473 1423 607 1478 ipsius
629 1425 872 1466 auctoritate
895 1425 1091 1480 παρίει-ια,
1123 1424 1374 1467 Icromirum
1401 1426 1639 1481 episcopum
1656 1423 1912 1480 Prayemem

475 1501 900 1543 excommunicaverit.
947 1501 1154 1553 Excusat,
1193 1501 1471 1544 valetudinem
1509 1515 1659 1549 causae
1700 1514 1805 1556 csse,
1838 1513 1912 1543 cur

477 1576 658 1619 Romam
702 1592 787 1619 uon
827 1579 1007 1621 accedat.
1064 1578 1225 1634 Roqat,
1273 1587 1319 1621 ut
1362 1586 1508 1621 contra
1550 1577 1786 1634 Thurinqoa
1831 1575 1915 1618 sibi

476 1662 693 1696 succurrat
703 1659 730 1695 ⁸.
1735 1652 1787 1704 (Ε
1810 1651 1912 1710 130)

474 1740 824 1784 Reverentissimo
844 1734 957 1798 patri
977 1756 1084 1785 novo
1102 1742 1302 1798 Gregorio
1312 1743 1341 1798 ¹¹,
1364 1743 1599 1787 sacerdocio
1620 1742 1782 1799 primae
1803 1740 1914 1787 sedis

357 1817 611 1874 apostolicae
630 1818 819 1873 infulato,
853 1818 1108 1873 S(igifridus)
1140 1819 1408 1874 Moguntinae
1431 1802 1695 1876 dispensator
1716 1817 1915 1862 ecclesiae

357 1894 544 1937 sedulam
582 1895 887 1939 benivolentiae
924 1897 1167 1940 servitutem
1213 1900 1254 1940 et
1299 1897 1483 1941 debitam
1521 1895 1781 1941 obedientiae
1818 1894 1915 1939 sub-

356 1972 591 2015 iectionem.

477 2048 652 2105 Semper
683 2049 848 2104 quidem
889 2050 1095 2093 desiderio
1128 2051 1489 2105 desiderabamus,
1529 2064 1624 2094 eum
1663 2049 1915 2108 apostolicae

358 2126 468 2169 sedis
499 2126 737 2182 praesulem
768 2140 878 2181 esse,
912 2128 982 2182 qui
1021 2128 1108 2170 vita
1145 2132 1187 2171 et
1216 2128 1402 2171 moribus
1441 2127 1580 2171 verbis
1619 2128 1674 2171 et¹
1713 2126 1915 2184 exemplis

358 2203 411 2246 ad
442 2202 621 2245 salutem
652 2207 864 2259 praeesset
895 2208 936 2247 et
957 2189 1176 2260 prodesset
1207 2208 1375 2248 sanctae
1395 2204 1501 2248 Deik
1532 2204 1743 2248 eeclesiae.
1795 2203 1916 2249 Nunc

358 2293 471 2334 vero,
502 2280 713 2334 quoniam¹
734 2280 922 2323 melliflui
942 2281 1042 2324 facti
1063 2285 1160 2325 sunt
1180 2282 1298 2336 caeli,
1331 2282 1453 2324 solito
1481 2281 1642 2325 dulcius
1664 2280 1914 2327 distillantes

358 2370 494 2399 rorem
527 2357 687 2411 gratiae
718 2357 810 2412 Dei,
844 2357 985 2400 divina
1015 2359 1228 2402 miseratio
1260 2359 1368 2401 votis
1408 2359 1563 2402 nostris
1595 2357 1742 2402 solito¹¹
1773 2371 1915 2402 cumu-

358 2433 485 2476 latius
525 2433 745 2486 satisfecit3
794 2438 835 2477 et
880 2449 996 2489 eum,
1044 2449 1166 2490 quem
1212 2436 1395 2479 maxime
1432 2435 1700 2491 optabamus,
1749 2435 1915 2479 eidemm

360 2512 528 2552 sanctae
567 2509 778 2553 Romanae
819 2511 1015 2554 ecclesiae
1053 2512 1272 2567 praefecit,
1313 2513 1382 2567 qui
1418 2512 1538 2555 nobis
1574 2525 1739 2569 semper
1770 2511 1916 2555 dexter

361 2585 478 2629 stetit
506 2585 551 2628 in
583 2587 773 2630 omnibus
804 2588 1007 2643 negociis,
1046 2602 1272 2645 numquam
1304 2589 1424 2632 nobis
1464 2588 1596 2631 defuit
1624 2588 1716 2632 vel¹¹
1745 2589 1912 2633 nostris.

361 2662 480 2706 Unde
511 2664 608 2706 totis
629 2665 966 2719 praecordiorum
989 2666 1180 2708 medullis
1202 2666 1357 2720 gratias
1380 2665 1565 2719 agimus⁰
1585 2665 1675 2709 Deo
1697 2665 1914 2721 altissimo,

362 2739 433 2795 qui
464 2739 703 2783 cathedram
735 2739 861 2795 Petri,
895 2746 1042 2798 caputv
1074 2742 1232 2785 scilicet
1262 2741 1543 2796 ecclesiarum,
1576 2745 1727 2797 vestro,
1761 2742 1819 2784 mi
1848 2756 1914 2785 re-

454 2837 480 2858 a.
513 2828 661 2858 misticam
692 2828 726 2858 G.
873 2829 901 2858 b.
935 2830 1079 2859 defendas
1109 2830 1143 2860 G.
1279 2839 1303 2859 9.
1334 2829 1544 2859 inclinabimus
1573 2830 1607 2860 G.
1743 2831 1772 2860 d.
1805 2840 1860 2860 om.
1879 2829 1914 2860 G.

362 2890 388 2909 9.
422 2881 554 2910 omnium
572 2881 602 2910 V.
699 2880 719 2910 f.
740 2881 814 2910 Vale
837 2881 907 2911 add.
927 2882 961 2911 G.
1059 2892 1085 2920 g.
1119 2892 1157 2912 ccc
1179 2883 1206 2913 V
1222 2884 1423 2919 ,539-549,
1446 2882 1521 2922 Zp.
1539 2883 1688 2919 88-91,
1718 2882 1744 2912 G
1766 2883 1915 2914 33—34.

362 2932 391 2961 h.
425 2933 568 2970 Gregorio
591 2933 832 2962 reverentissimo
856 2934 934 2972 patri
956 2945 1032 2964 novo
1055 2935 1090 2964 G.
1174 2935 1192 2964 i.
1225 2946 1280 2965 om.
1296 2935 1351 2965 VZ.
1434 2935 1463 2964 k.
1497 2945 1552 2964 om.
1572 2936 1606 2964 G.
1690 2935 1709 2963 l.
1743 2935 1860 2973 quando
1879 2934 1914 2965 G.

362 2994 401 3014 m.
433 2985 560 3015 eundem
582 2985 616 3015 G.
720 2995 748 3014 n.
782 2986 812 3015 in
831 2986 887 3015 VZ.
991 2996 1017 3016 o.
1053 2996 1174 3024 agamus
1203 2987 1237 3017 G.
1341 2996 1370 3025 p.
1398 2987 1502 3025 ‚capud
1519 2987 1551 3018 V.
