2028 3438
453 250 618 285 anolus
649 251 756 282 vrrA
787 249 997 283 omerus,
1045 250 1133 282 Lm.
1155 249 1208 281 111
1241 248 1285 282 13
1563 238 1650 280 669

78 360 205 408 istam
240 359 463 403 eneruem
497 360 776 416 provinciam.
830 356 989 409 Quibus
1030 356 1207 412 auditis,
1257 360 1379 413 pater
1417 356 1648 413 piissimus,
1675 366 1768 402 1127

77 434 276 498 luerim&
307 434 360 479 ab
391 434 522 483 oeulis
542 435 775 479 distillans:
808 435 953 482 Nolite
982 434 1044 478 ait
1063 437 1217 478 timere.
1266 435 1422 478 Potens
1451 443 1510 478 est
1529 435 1649 478 Deus

0 501 15 523 ’Ὗ
77 523 222 577 W,-
246 515 318 559 aad
345 514 581 558 credidistis
612 515 671 557 ad
699 515 920 557 introitum
950 513 1197 556 humilitatis
1229 527 1328 565 mee,
1371 527 1520 555 causae
1552 513 1652 555 belli

78 591 209 636 kuina·
228 592 444 650 precidere
475 606 705 649 pacemque
735 593 1013 634 desideratam
1043 605 1150 633 novo
1184 590 1288 633 ovili
1315 605 1391 633 suo
1422 592 1647 634 restituere.

0 655 12 723 Ξ
78 669 163 716 Εηε
181 684 255 727 eqo
285 671 376 729 ipse
405 672 593 714 animam
623 684 757 712 meam
783 683 865 726 pro
887 669 1003 711 vobis
1034 670 1163 711 morti
1192 669 1295 710 dare
1324 676 1502 725 paratus
1534 682 1649 718 sum,-

1 754 6 803 j
77 748 582 805 waramumreliyioni,
618 761 746 804 quam
777 748 998 799 didicistis,
1040 759 1212 803 operam
1243 747 1374 789 (Μεθ’.
1430 746 1524 802 Eyo
1556 760 1650 788 cum

39 813 44 816 Ι
78 825 296 870 comitibus
314 827 428 883 ¹meis
460 826 606 868 ducem
635 825 916 868 Polom'orum
947 826 1097 867 adeam
1128 838 1301 880 eumque
1333 823 1385 866 ab
1422 825 1650 866 intentione

0 897 11 965 J>
78 902 279 957 bellandi,
310 903 405 949 Deo
435 903 682 956 auxiliante,
717 910 915 946 avertam.
964 901 1023 944 At
1052 900 1129 956 illi,
1168 900 1344 957 pedibus
1377 900 1466 943 eius
1497 913 1650 957 provo-

0 973 6 989 ²
76 979 172 1036 luti,
203 979 366 1026 debitas
395 980 627 1035 gratiarum
661 979 846 1023 actiones
877 978 1163 1022 exsolvebant.

195 1057 255 1103 Et
294 1058 514 1102 confestim
560 1058 776 1115 dispositis
814 1057 881 1100 vie
922 1056 1069 1111 sociis,
1116 1055 1360 1099 Udalricum
1405 1054 1651 1110 religiosum

0 1147 2 1150 ·
78 1134 360 1193 presbiterum
381 1135 471 1179 vice
491 1148 570 1179 sua
590 1135 643 1179 ad
664 1134 995 1179 confirmandam
1016 1133 1262 1190 neophitam
1282 1132 1450 1190 plebem
1470 1132 1650 1176 Uznoim

78 1212 271 1270 reliquit;
300 1213 395 1271 ipse
415 1227 515 1258 vero
547 1213 601 1257 ad
632 1213 780 1256 ducem
802 1211 1074 1255 Poloniorum
1105 1211 1285 1268 inpigre,
1316 1214 1366 1253 ut
1390 1210 1650 1265 condixerat,

77 1290 142 1337 ire
170 1290 297 1352 oepit,
344 1290 475 1335 Cuius
508 1291 691 1335 adventu
723 1290 808 1333 dux
841 1293 1069 1346 compert0,
1102 1288 1280 1333 celerius
1312 1289 1350 1332 ei
1383 1288 1525 1332 debita
1555 1301 1649 1332 cum

0 1387 3 1390 ·
78 1369 317 1415 reverentia
357 1369 559 1425 occurrit,
604 1368 802 1424 omnique
840 1367 1115 1410 humanitatis
1149 1366 1307 1421 officio,
1346 1370 1395 1409 ut
1434 1379 1513 1422 par
1545 1368 1649 1420 erat,

78 1447 221 1493 fovere
260 1459 345 1491 non
377 1446 514 1491 desiit.
577 1446 686 1490 Nam
729 1448 854 1489 antea
893 1445 1019 1488 etiam
1058 1443 1327 1487 familiariter
1368 1457 1463 1487 eum
1502 1447 1650 1486 notum

77 1523 272 1570 habebat.
393 1523 564 1580 Agnitis
601 1536 701 1567 vero
742 1523 878 1566 causis
919 1522 1107 1578 itineris,
1147 1521 1372 1565 admodum
1413 1520 1649 1577 obstupuit;

79 1601 243 1647 dicens:
271 1604 442 1658 >gentem
472 1601 591 1645 illam
623 1601 789 1646 beluino
819 1600 1050 1644 ferocitatis
1081 1599 1348 1643 immanitate
1379 1601 1536 1642 terram
1577 1611 1651 1654 po-

78 1679 310 1738 pulumque
341 1693 463 1724 suum
496 1679 760 1733 devastasse,
799 1678 903 1722 adeo
934 1681 982 1720 ut
1013 1677 1140 1721 etiam
1172 1679 1370 1734 parentes
1403 1689 1500 1719 suos
1532 1689 1555 1719 e
1586 1688 1652 1718 se-

79 1756 266 1815 pulchris
296 1757 563 1815 protraheret
602 1759 644 1800 et
674 1756 830 1800 collisis
862 1755 1070 1812 capitibus
1102 1755 1247 1798 dentes
1289 1756 1506 1797 excuteret
1537 1766 1652 1796 ossa-

80 1848 162 1892 que
191 1849 337 1881 eorum
368 1849 445 1892 per
475 1834 689 1892 publicum
713 1832 936 1889 aggeremb
958 1833 1243 1890 dispergeret3
1274 1832 1513 1887 mirumque
1545 1844 1651 1886 esse,

81 1913 194 1971 quod
222 1913 316 1972 ipse
347 1912 467 1956 vivus
499 1912 734 1969 discerptus
767 1924 850 1954 non
881 1911 1031 1954 fuisset
1063 1910 1114 1954 ab
1147 1911 1228 1965 eis,
1270 1923 1365 1953 cum
1399 1922 1543 1952 omnes
1577 1922 1651 1951 an-

79 1991 225 2036 teriori
263 1993 454 2047 tempore
485 1989 699 2034 Christum
736 1989 824 2032 illic
863 1989 1167 2031 annunciantes
1208 1987 1356 2030 mortis
1395 1986 1651 2030 sententiam

80 2068 358 2114 incurrissent
396 2068 471 2112 sed
509 2070 573 2112 et⁰
610 2080 719 2111 unus
751 2079 894 2110 eorum
936 2066 1071 2109 crucis
1110 2065 1300 2122 patibulo
1330 2077 1466 2120 nuper
1499 2063 1650 2106 affixus

81 2146 355 2191 occubuisset.
477 2144 537 2188 At
574 2144 669 2199 ille,
709 2144 790 2188 Dei
835 2143 1096 2200 protectione
1144 2145 1186 2186 et
1223 2141 1402 2185 Romani
1446 2141 1651 2198 principis

80 2227 274 2281 respectu
306 2235 354 2266 ac
385 2222 626 2266 defensione
657 2220 879 2266 Wortizlai
911 2220 1027 2264 ducis
1060 2233 1105 2263 se
1136 2219 1344 2262 munitum
1378 2222 1651 2275 protestatus,

81 2300 220 2356 gratia
249 2299 408 2344 Christi
439 2303 606 2355 gentem
640 2299 758 2342 illam
791 2298 931 2342 aiebat
960 2298 1194 2350 initiatam3
1227 2310 1356 2352 seque
1388 2296 1440 2339 ad
1472 2296 1550 2339 hoc
1581 2310 1652 2340 ve-

80 2379 209 2434 nisse,
238 2381 287 2422 ut
315 2378 596 2422 incursionem
627 2376 831 2421 bellorum
866 2375 917 2419 ab
950 2388 1012 2430 ea,
1046 2388 1126 2431 que
1151 2387 1297 2432 pacem
1320 2374 1399 2417 Dei
1419 2377 1650 2430 receperat,

83 2458 318 2511 amoveret,
357 2469 411 2499 ne
441 2468 574 2498 novus
604 2468 708 2510 grex
739 2454 850 2496 inter
881 2453 976 2509 ipsa
1006 2452 1104 2495 fidei
1139 2451 1372 2509 primordia
1402 2451 1595 2495 turbatus
1628 2465 1653 2495 a

82 2536 196 2578 recto
233 2532 406 2577 tramite
444 2532 714 2576 exorbitaret.
848 2530 947 2573 Dux
988 2533 1129 2573 autem
1159 2529 1371 2572 Polizlaus
1410 2529 1649 2586 respondit:

81 2624 166 2654 non
198 2624 250 2654 ex
279 2610 394 2654 facili
425 2610 506 2653 sibi
538 2612 752 2663 constare,
792 2611 840 2651 ut
872 2607 1184 2664 expeditionem
1215 2606 1355 2660 illam,
1394 2610 1513 2650 tanto
1545 2610 1652 2650 tem-

82 2700 185 2745 pore
214 2687 497 2744 propositam,
536 2686 855 2738 intermitteret3
894 2684 967 2728 sed
999 2697 1076 2741 pro
1107 2683 1262 2726 nichilo
1295 2697 1339 2726 se
1371 2683 1567 2741 deinceps
1600 2683 1652 2727 ab

83 2765 199 2808 omni
234 2764 388 2822 populo
421 2777 495 2808 suo
527 2763 789 2818 habendum,
832 2763 868 2804 si
898 2761 1229 2805 Pomeranorum
1259 2761 1409 2804 ducem
1439 2764 1526 2804 tam
1557 2775 1653 2816 gra-

82 2841 192 2886 viter
223 2841 304 2886 sibi
335 2842 564 2885 obnoxium
595 2841 735 2885 debito
767 2839 925 2883 talione
955 2852 1040 2882 non
1071 2841 1379 2896 repercuteret;
1412 2852 1540 2895 seque
1560 2838 1651 2882 Deo

181 3021 208 3042 a.
239 3012 311 3043 dare
337 3011 369 3044 0.
584 3012 614 3042 b.
648 3020 766 3050 agerem
791 3010 823 3042 C.
1039 3019 1065 3041 c.
1097 3012 1132 3041 et
1149 3009 1269 3041 addidi.
