2028 3438
271 2383 389 2419 1102?

408 263 495 306 592
808 276 971 307 assoms
1002 277 1106 307 vrrA
1136 275 1347 307 orm-oms.
1394 276 1482 307 Lm.
1503 277 1521 307 1
1549 275 1572 308 3

407 381 619 424 abbatissa
656 380 708 424 de
744 381 949 424 Inferior-i⁴
980 381 1233 425 monasterio
1279 394 1429 436 magne
1474 376 1958 438 opinionisfst-e—butpote

406 457 545 514 neptis
575 457 762 501 Heinrici
791 457 1058 514 imperatoris
1090 481 1144 488 --
1178 460 1221 500 et
1239 457 1442 500 virtutum
1473 456 1958 514 operatrixnhabebamr.

407 533 516 589 Que,
560 546 733 578 cernens
777 546 955 589 persone
995 531 1037 577 et'
1080 547 1245 577 morum
1278 534 1373 577 'eius
1410 533 1660 589 elegantiam
1704 533 1960 590 audiensque

406 610 549 665 magni
587 608 751 654 consilii
791 611 947 665 virum,
991 611 1082 654 sine
1127 623 1247 653 mora
1286 623 1382 654 eum
1421 610 1648 666 advocans,
1693 610 1959 655 unsaltan-aim

408 685 570 743 Ioseph,
590 700 731 730 rerum
755 700 923 730 suarum
945 687 1161 742 tociusque
1181 687 1327 730 domus
1349 687 1679 744 dispensatorem
1698 683 1958 741 contituit),

409 766 451 806 et
480 763 550 806 ille
581 763 706 807 solita
734 764 941 818 gravitate
973 776 1022 806 ac
1050 763 1277 819 industria,
1307 763 1420 807 fideli
1450 764 1674 808 devocione
1692 762 1962 818 gubernabat

408 840 560 882 omnia.
682 839 845 883 Interea
871 839 1092 883 Heinricus
1122 840 1363 896 imperator,
1396 841 1605 896 quoddam
1634 840 1686 884 de
1712 838 1960 897 principali-

408 915 484 959 bus
515 916 633 959 festis
663 915 889 959 Ratisbone
920 916 1216 971 celebraturus,
1249 917 1326 959 ad·
1356 920 1674 974 neptemsuam
1699 916 1957 961 abbafisszm

409 992 590 1036 divertit.
645 992 693 1035 In
731 993 848 1036 cuius
888 992 1084 1047 obsequio
1122 993 1268 1036 videns
1305 996 1422 1037 tante
1459 993 1720 1037 auctoritatis
1758 1005 1960 1037 ata-‘treve-

409 1069 542 1113 rentie
579 1069 736 1124 virum,
776 1069 922 1112 mirari
960 1072 1002 1112 et
1038 1069 1237 1113 delectari
1276 1071 1388 1126 cepit
1423 1070 1651 1125 sagacitate
1689 1069 1957 1114 animi‘cius.

409 1146 725 1201 Conversusque
756 1146 810 1188 ad
840 1149 1080 1200 cognatam,
1112 1147 1192 1189 ait:
1233 1148 1497 1204 Oportuuum
1529 1156 1605 1200 ese,
1638 1161 1772 1202 soror,
1800 1149 1960 1191 mutetis

408 1225 454 1265 in
484 1222 561 1266 hoe
578 1223 693 1278 festo
716 1225 862 1265 amicis
893 1225 980 1265 suis
1011 1224 1318 1277 solatiantibus,
1353 1234 1391 1268 et
1420 1233 1458 1268 te
1486 1224 1615 1267 miehi
1643 1224 1821 1280 αὖὺφιοῶ
1847 1225 1959 1267 eari-

409 1302 505 1343 tatis
546 1300 784 1356 obsequium
824 1300 872 1342 ob
913 1302 1286 1356 consanyuinitatis
1321 1302 1531 1343 vinculum
1567 1302 1816 1357 impendere.
1868 1298 1961 1351 Qua

409 1376 621 1419 humiliter
640 1375 939 1432 respondente:
973 1377 1087 1430 Iube,
1122 1379 1235 1433 quod
1260 1380 1338 1431 vis,
1371 1380 1518 1421 domme
1541 1379 1603 1420 mi
1619 1391 1718 1428 rav,-
1746 1389 1832 1420 uon
1852 1378 1961 1420 enim

396 1454 476 1508 fas
518 1462 595 1506 est,
637 1462 682 1496 ut
720 1461 904 1495 avertam
938 1453 1101 1508 faeiem
1139 1451 1301 1505 tuam23
1340 1454 1570 1510 imperator
1605 1453 1853 1498 subiunxitz'
1881 1453 1963 1496 Nil

409 1530 530 1573 aliud
557 1538 651 1586 peto
681 1531 768 1572 uisi
797 1530 1060 1586 capellanum
1091 1539 1220 1584 tuum,
1253 1533 1450 1574 domnum
1473 1532 1677 1584 Octonem,
1708 1532 1862 1587 spirim
1880 1544 1959 1573 'sa-

405 1609 562 1664 pientie
608 1607 789 1663 plenum.
851 1606 995 1649 Talem
1033 1609 1142 1649 enim
1178 1609 1315 1650 virum
1351 1623 1416 1650 res
1453 1608 1623 1664 publica
1660 1608 1804 1650 nestra
1841 1607 1962 1650 habet

408 1685 696 1726 nec-essarium.
753 1681 841 1732 Quo
873 1682 1013 1725 audito
1047 1683 1277 1737 abbatissa,
1312 1683 1411 1726 licet
1440 1683 1671 1726 fidelissimi
1701 1683 1767 1726 sui
1797 1683 1960 1727 auricu-

408 1758 504 1802 larii
544 1772 641 1813 egre
676 1759 805 1802 ferret
836 1759 1113 1814 abscessumb,
1152 1759 1421 1816 imperatorie
1451 1763 1591 1803 tamen
1622 1760 1833 1810 maiestati
1862 1773 1960 1803 con-

410 1837 538 1880 traire
577 1849 660 1878 non
697 1836 846 1892 potuit.
903 1835 959 1878 Et
997 1836 1203 1879 advocans
1243 1850 1336 1880 eum
1370 1837 1612 1892 debitasque
1643 1836 1866 1880 ministerii
1894 1836 1960 1879 sui

410 1914 566 1969 gratias
598 1912 830 1967 exsolvens,
862 1920 969 1955 non⁰
991 1913 1082 1956 sine
1101 1913 1299 1968 lacrimis,
1330 1914 1448 1969 pium
1481 1927 1664 1956 amorem
1695 1912 1960 1968 testantibuS,

410 1990 591 2047 principi
630 1989 870 2043 assignavit.
991 1990 1246 2046 Assumptus
1282 1990 1425 2046 itaque
1460 1990 1541 2045 Dei
1577 1992 1683 2034 nutu
1718 1990 1762 2033 in
1802 1992 1962 2035 curtem

409 2067 582 2122 regiam,
615 2066 679 2110 vir
699 2066 831 2109 tocius
851 2066 1056 2109 industrie
1078 2070 1120 2110 et
1139 2067 1366 2122 religionis,
1398 2067 1459 2109 ita
1480 2067 1559 2110 sibi
1589 2066 1961 2123 prudentissimum

409 2144 704 2200 imperatorem
737 2143 953 2186 nobilitate
984 2157 1144 2186 morum
1179 2147 1220 2187 et
1249 2143 1345 2187 fidei
1375 2144 1532 2200 pietate
1558 2143 1758 2197 devinxit,
1788 2145 1847 2186 ut.
1866 2156 1960 2187 eum

412 2221 532 2276 quasi
562 2220 729 2262 unicum
753 2219 1006 2275 amplectens
1028 2219 1173 2275 filium,
1205 2219 1446 2263 secretalem
1471 2220 1664 2263 intimum
1687 2222 1729 2264 et
1749 2219 1961 2263 custodem

411 2297 561 2353 capitis
600 2297 665 2339 sui
704 2300 878 2352 poneret
907 2297 1066 2340 cunctis
1097 2294 1277 2340 diebus³.
1333 2296 1438 2339 Nam
1472 2300 1514 2340 et
1543 2296 1835 2340 cancellarium
1866 2309 1961 2340 eum

411 2370 548 2429 fecit⁴,
589 2377 630 2416 et
667 2387 828 2429 queque
867 2373 1055 2429 preciosa
1084 2373 1151 2416 vel
1188 2374 1350 2416 cariora
1386 2374 1431 2415 in
1469 2373 1632 2429 palacio
1669 2373 1834 2428 habuit,
1873 2372 1960 2416 eius

411 2449 508 2494 fidei
539 2450 759 2493 commisit.
1155 2492 1157 2495 ,

529 2526 619 2570 Hoc
649 2527 771 2569 modo
803 2539 946 2569 servus
977 2525 1057 2568 Dei
1089 2512 1306 2569 &dalricus
1344 2525 1459 2581 pium
1491 2524 1686 2568 Ottonem
1721 2525 1765 2568 in
1802 2528 1959 2569 curtem

411 2603 570 2657 regiam
592 2603 815 2646 accessisse
835 2603 1006 2646 ferebat.
1053 2603 1142 2645 Alii
1163 2602 1283 2645 verod
1304 2601 1466 2644 dicunt:
1499 2615 1607 2656 eum,
1637 2601 1877 2645 liberalibus
1897 2601 1961 2644 in-

412 2678 557 2722 butum
597 2679 850 2736 disciplinis,
899 2679 1036 2735 primo
1074 2679 1127 2722 ad
1165 2678 1357 2722 abbatem
1386 2677 1761 2733 Wilzeburgensis⁰
1800 2677 1962 2722 cenobii

505 2776 532 2796 a.
565 2768 595 2796 et
616 2767 654 2796 ad
672 2766 702 2797 C.
798 2767 827 2796 b.
858 2767 1015 2797 abcessum
1033 2766 1063 2797 0.
1161 2775 1186 2796 c.
1215 2768 1244 2795 et
1265 2775 1324 2795 non
1342 2765 1373 2796 (Ι.
1470 2765 1499 2795 d.
1527 2775 1596 2795 vere
1615 2765 1646 2796 C.
1746 2775 1772 2796 e.
1787 2756 1959 2797 'wiertzon-

412 2818 569 2856 burgensis
595 2818 625 2854 C',
648 2820 915 2857 Wurzeburgensis
937 2820 985 2855 B,-
1005 2819 1119 2859 scripsi
1133 2819 1401 2856 Wilzeburgensis3
1425 2818 1462 2847 cf.
1484 2827 1574 2856 supra
1595 2828 1626 2857 p.
1641 2818 1698 2848 591
1722 2827 1751 2848 n.
1766 2818 1796 2847 b.

508 2877 539 2910 1.
565 2874 619 2910 Cf.
638 2875 727 2910 Gen.
745 2876 803 2921 43,
820 2876 878 2911 40.
990 2877 1023 2911 2.
1049 2877 1071 2911 3
1088 2877 1177 2920 Reg.
1196 2877 1228 2920 2,
1247 2876 1310 2910 2οε
1340 2884 1476 2919 „neque
1502 2874 1597 2909 enim
1621 2873 1677 2909 fas
1703 2877 1768 2919 est,
1794 2876 1835 2909 ut
1860 2883 1960 2909 aver-

412 2935 487 2968 tam
503 2932 632 2968 faciem
648 2933 784 2969 tuam“.
872 2935 906 2969 3.
935 2935 952 2969 1
971 2935 1061 2979 Reg.
1075 2935 1132 2978 28,
1150 2936 1189 2969 2;
1218 2934 1286 2978 „Et
1302 2943 1372 2978 ego
1389 2932 1577 2967 custodem
1595 2932 1724 2978 capitis
1742 2932 1812 2967 mei
1827 2941 1960 2977 ponam

413 2994 449 3027 te
466 2992 605 3027 cunctis
620 2991 784 3027 diebus“.
879 2992 912 3026 4.
940 3003 1034 3027 anno
1054 2992 1172 3027 1102?
1208 2990 1262 3027 Of.
1277 2989 1426 3036 Stumpf
1447 2991 1515 3026 Die
1532 2990 1811 3026 Reichskanzler
1827 2990 1861 3025 11
1879 2990 1958 3025 209.
