<?xml version="1.0" encoding="UTF-8"?>
<!DOCTYPE html PUBLIC "-//W3C//DTD XHTML 1.0 Transitional//EN"
    "http://www.w3.org/TR/xhtml1/DTD/xhtml1-transitional.dtd">
<html xmlns="http://www.w3.org/1999/xhtml" xml:lang="en" lang="en">
 <head>
  <title>
</title>
<meta http-equiv="Content-Type" content="text/html;charset=utf-8" />
  <meta name='ocr-system' content='tesseract 3.04.00' />
  <meta name='ocr-capabilities' content='ocr_page ocr_carea ocr_par ocr_line ocrx_word'/>
</head>
<body>
  <div class='ocr_page' id='page_1' title='image "bibliothecarerum05wattuoft_0327.png"; bbox 0 0 2028 3438; ppageno 0'>
   <div class='ocr_carea' id='block_1_1' title="bbox 613 223 1670 267">
    <p class='ocr_par' dir='ltr' id='par_1_1' title="bbox 613 223 1670 267">
     <span class='ocr_line' id='line_1_1' title="bbox 613 223 1670 267; baseline 0.002 -3"><span class='ocrx_word' id='word_1_1' title='bbox 613 233 836 264; x_wconf 74' lang='lat' dir='ltr'>nmmum</span> <span class='ocrx_word' id='word_1_2' title='bbox 866 233 1037 264; x_wconf 71' lang='lat' dir='ltr'>connx.</span> <span class='ocrx_word' id='word_1_3' title='bbox 1087 231 1154 267; x_wconf 79' lang='grc'>177</span> <span class='ocrx_word' id='word_1_4' title='bbox 1586 223 1670 266; x_wconf 89' lang='grc'>311</span> 
     </span>
    </p>
   </div>
   <div class='ocr_carea' id='block_1_2' title="bbox 97 337 1800 2734">
    <p class='ocr_par' dir='ltr' id='par_1_2' title="bbox 98 337 1792 1487">
     <span class='ocr_line' id='line_1_2' title="bbox 101 337 1792 398; baseline 0.003 -15"><span class='ocrx_word' id='word_1_5' title='bbox 101 337 261 396; x_wconf 66' lang='lat' dir='ltr'>quibu:</span> <span class='ocrx_word' id='word_1_6' title='bbox 281 339 574 384; x_wconf 58' lang='lat' dir='ltr'>sacramentis&gt;</span> <span class='ocrx_word' id='word_1_7' title='bbox 595 343 639 384; x_wconf 88' lang='lat' dir='ltr'>et</span> <span class='ocrx_word' id='word_1_8' title='bbox 675 339 890 384; x_wconf 90' lang='lat' dir='ltr'>obsidibus</span> <span class='ocrx_word' id='word_1_9' title='bbox 921 339 1199 384; x_wconf 89' lang='lat' dir='ltr'>Adelbertum</span> <span class='ocrx_word' id='word_1_10' title='bbox 1229 340 1349 384; x_wconf 91' lang='lat' dir='ltr'>illum</span> <span class='ocrx_word' id='word_1_11' title='bbox 1383 342 1599 398; x_wconf 86' lang='lat' dir='ltr'>periurum</span> <span class='ocrx_word' id='word_1_12' title='bbox 1632 346 1675 387; x_wconf 88' lang='lat' dir='ltr'>et</span> <span class='ocrx_word' id='word_1_13' title='bbox 1700 353 1792 389; x_wconf 88' lang='lat'>1115</span> 
     </span>
     <span class='ocr_line' id='line_1_3' title="bbox 100 416 1674 476; baseline 0.001 -15"><span class='ocrx_word' id='word_1_14' title='bbox 100 416 365 474; x_wconf 76' lang='lat' dir='ltr'>traditomm,</span> <span class='ocrx_word' id='word_1_15' title='bbox 396 418 468 474; x_wconf 86' lang='lat' dir='ltr'>qui</span> <span class='ocrx_word' id='word_1_16' title='bbox 497 430 584 461; x_wconf 90' lang='lat' dir='ltr'>non</span> <span class='ocrx_word' id='word_1_17' title='bbox 612 418 775 462; x_wconf 88' lang='lat' dir='ltr'>meritis</span> <span class='ocrx_word' id='word_1_18' title='bbox 806 417 881 462; x_wconf 88' lang='lat' dir='ltr'>sed</span> <span class='ocrx_word' id='word_1_19' title='bbox 910 418 1079 462; x_wconf 89' lang='lat' dir='ltr'>nomine</span> <span class='ocrx_word' id='word_1_20' title='bbox 1100 418 1255 462; x_wconf 80' lang='lat' dir='ltr'>dicitur</span> <span class='ocrx_word' id='word_1_21' title='bbox 1276 419 1511 476; x_wconf 89' lang='lat' dir='ltr'>episcopus,</span> <span class='ocrx_word' id='word_1_22' title='bbox 1539 418 1674 463; x_wconf 87' lang='lat' dir='ltr'>fideli-</span> 
     </span>
     <span class='ocr_line' id='line_1_4' title="bbox 101 493 1773 551; baseline 0.001 -12"><span class='ocrx_word' id='word_1_23' title='bbox 101 493 377 539; x_wconf 50' lang='lat' dir='ltr'>maome</span> <span class='ocrx_word' id='word_1_24' title='bbox 415 495 741 551; x_wconf 84' lang='lat' dir='ltr'>diligentissima</span> <span class='ocrx_word' id='word_1_25' title='bbox 778 496 1054 540; x_wconf 88' lang='lat' dir='ltr'>conventione</span> <span class='ocrx_word' id='word_1_26' title='bbox 1094 496 1428 540; x_wconf 77' lang='lat' dir='ltr'>tradiderimus’.</span> <span class='ocrx_word' id='word_1_27' title='bbox 1482 496 1540 540; x_wconf 91' lang='lat' dir='ltr'>Et</span> <span class='ocrx_word' id='word_1_28' title='bbox 1578 510 1674 541; x_wconf 91' lang='lat' dir='ltr'>cum</span> <span class='ocrx_word' id='word_1_29' title='bbox 1695 509 1773 540; x_wconf 86' lang='lat' dir='ltr'>Nov.</span> 
     </span>
     <span class='ocr_line' id='line_1_5' title="bbox 100 572 1673 630; baseline 0.001 -14"><span class='ocrx_word' id='word_1_30' title='bbox 100 585 176 616; x_wconf 80' lang='lat' dir='ltr'>vos</span> <span class='ocrx_word' id='word_1_31' title='bbox 206 572 351 616; x_wconf 82' lang='lat' dir='ltr'>emnia</span> <span class='ocrx_word' id='word_1_32' title='bbox 380 572 490 617; x_wconf 84' lang='lat' dir='ltr'>bona</span> <span class='ocrx_word' id='word_1_33' title='bbox 509 573 824 630; x_wconf 83' lang='lat' dir='ltr'>promitteretis</span> <span class='ocrx_word' id='word_1_34' title='bbox 856 573 977 617; x_wconf 89' lang='lat' dir='ltr'>nobis</span> <span class='ocrx_word' id='word_1_35' title='bbox 1010 573 1063 617; x_wconf 90' lang='lat' dir='ltr'>ab</span> <span class='ocrx_word' id='word_1_36' title='bbox 1086 587 1134 617; x_wconf 87' lang='lat' dir='ltr'>eo</span> <span class='ocrx_word' id='word_1_37' title='bbox 1156 576 1198 617; x_wconf 90' lang='lat' dir='ltr'>et</span> <span class='ocrx_word' id='word_1_38' title='bbox 1218 587 1295 617; x_wconf 92' lang='lat' dir='ltr'>nos</span> <span class='ocrx_word' id='word_1_39' title='bbox 1317 573 1394 617; x_wconf 69' lang='lat' dir='ltr'>exb</span> <span class='ocrx_word' id='word_1_40' title='bbox 1413 577 1553 618; x_wconf 88' lang='lat' dir='ltr'>vestro</span> <span class='ocrx_word' id='word_1_41' title='bbox 1575 588 1673 630; x_wconf 89' lang='lat' dir='ltr'>pro-</span> 
     </span>
     <span class='ocr_line' id='line_1_6' title="bbox 99 649 1673 708; baseline 0.001 -14"><span class='ocrx_word' id='word_1_42' title='bbox 99 649 233 694; x_wconf 74' lang='lat' dir='ltr'>misso</span> <span class='ocrx_word' id='word_1_43' title='bbox 244 649 385 695; x_wconf 66' lang='lat' dir='ltr'>miohfi-</span> <span class='ocrx_word' id='word_1_44' title='bbox 409 650 495 694; x_wconf 86' lang='lat' dir='ltr'>nisi</span> <span class='ocrx_word' id='word_1_45' title='bbox 514 650 672 695; x_wconf 88' lang='lat' dir='ltr'>bonum</span> <span class='ocrx_word' id='word_1_46' title='bbox 693 661 975 708; x_wconf 82' lang='lat' dir='ltr'>speraremus,</span> <span class='ocrx_word' id='word_1_47' title='bbox 1009 651 1061 695; x_wconf 91' lang='lat' dir='ltr'>ab</span> <span class='ocrx_word' id='word_1_48' title='bbox 1083 658 1154 695; x_wconf 84' lang='lat' dir='ltr'>eo⁰</span> <span class='ocrx_word' id='word_1_49' title='bbox 1178 651 1494 708; x_wconf 66' lang='lat' dir='ltr'><strong>expectavimus</strong></span> <span class='ocrx_word' id='word_1_50' title='bbox 1526 665 1673 708; x_wconf 89' lang='lat' dir='ltr'>pacem</span> 
     </span>
     <span class='ocr_line' id='line_1_7' title="bbox 100 725 1769 786; baseline 0 -14"><span class='ocrx_word' id='word_1_51' title='bbox 100 730 259 772; x_wconf 56' lang='lat' dir='ltr'>tat-coeo</span> <span class='ocrx_word' id='word_1_52' title='bbox 272 727 463 772; x_wconf 57' lang='lat' dir='ltr'>‘turbatio</span> <span class='ocrx_word' id='word_1_53' title='bbox 476 725 499 772; x_wconf 90' lang='lat'>¹.</span> <span class='ocrx_word' id='word_1_54' title='bbox 610 728 840 784; x_wconf 87' lang='lat' dir='ltr'>Postquam</span> <span class='ocrx_word' id='word_1_55' title='bbox 862 729 989 784; x_wconf 92' lang='lat' dir='ltr'>enim,</span> <span class='ocrx_word' id='word_1_56' title='bbox 1018 728 1189 786; x_wconf 86' lang='lat' dir='ltr'>Spiram</span> <span class='ocrx_word' id='word_1_57' title='bbox 1216 729 1270 772; x_wconf 87' lang='lat' dir='ltr'>ad</span> <span class='ocrx_word' id='word_1_58' title='bbox 1289 743 1367 772; x_wconf 89' lang='lat' dir='ltr'>nos</span> <span class='ocrx_word' id='word_1_59' title='bbox 1388 729 1675 785; x_wconf 86' lang='lat' dir='ltr'>redintegrata</span> <span class='ocrx_word' id='word_1_60' title='bbox 1695 741 1769 772; x_wconf 78' lang='lat' dir='ltr'><em>Dec.</em></span> 
     </span>
     <span class='ocr_line' id='line_1_8' title="bbox 100 804 1675 863; baseline 0.001 -14"><span class='ocrx_word' id='word_1_61' title='bbox 100 804 183 849; x_wconf 88' lang='lat' dir='ltr'>sibi</span> <span class='ocrx_word' id='word_1_62' title='bbox 211 805 402 862; x_wconf 85' lang='lat' dir='ltr'>corporis</span> <span class='ocrx_word' id='word_1_63' title='bbox 423 809 466 850; x_wconf 90' lang='lat' dir='ltr'>et</span> <span class='ocrx_word' id='word_1_64' title='bbox 492 805 664 850; x_wconf 88' lang='lat' dir='ltr'>honoris</span> <span class='ocrx_word' id='word_1_65' title='bbox 685 806 750 849; x_wconf 91' lang='lat' dir='ltr'>sui</span> <span class='ocrx_word' id='word_1_66' title='bbox 772 809 980 863; x_wconf 82' lang='lat' dir='ltr'>potestate</span> <span class='ocrx_word' id='word_1_67' title='bbox 1003 806 1174 851; x_wconf 89' lang='lat' dir='ltr'>veniens</span> <span class='ocrx_word' id='word_1_68' title='bbox 1183 806 1213 862; x_wconf 70' lang='lat'>⁶,</span> <span class='ocrx_word' id='word_1_69' title='bbox 1238 807 1404 851; x_wconf 88' lang='lat' dir='ltr'>obsides</span> <span class='ocrx_word' id='word_1_70' title='bbox 1426 821 1524 851; x_wconf 88' lang='lat' dir='ltr'>suos</span> <span class='ocrx_word' id='word_1_71' title='bbox 1546 821 1675 851; x_wconf 84' lang='lat' dir='ltr'>manu</span> 
     </span>
     <span class='ocr_line' id='line_1_9' title="bbox 100 882 1675 940; baseline 0.001 -13"><span class='ocrx_word' id='word_1_72' title='bbox 100 882 156 927; x_wconf 77' lang='lat' dir='ltr'>ad</span> <span class='ocrx_word' id='word_1_73' title='bbox 186 885 369 927; x_wconf 66' lang='lat' dir='ltr'>&#39;manum</span> <span class='ocrx_word' id='word_1_74' title='bbox 402 883 496 940; x_wconf 88' lang='lat' dir='ltr'>ipse</span> <span class='ocrx_word' id='word_1_75' title='bbox 534 883 656 927; x_wconf 89' lang='lat' dir='ltr'>nobis</span> <span class='ocrx_word' id='word_1_76' title='bbox 699 884 987 940; x_wconf 84' lang='lat' dir='ltr'>praesentavit</span> <span class='ocrx_word' id='word_1_77' title='bbox 1017 887 1059 927; x_wconf 88' lang='lat' dir='ltr'>et</span> <span class='ocrx_word' id='word_1_78' title='bbox 1097 885 1185 928; x_wconf 92' lang='lat' dir='ltr'>suis</span> <span class='ocrx_word' id='word_1_79' title='bbox 1225 886 1501 928; x_wconf 79' lang='lat' dir='ltr'>sacramentis</span> <span class='ocrx_word' id='word_1_80' title='bbox 1532 889 1675 929; x_wconf 91' lang='lat' dir='ltr'>vestra</span> 
     </span>
     <span class='ocr_line' id='line_1_10' title="bbox 98 959 1672 1019; baseline 0.001 -15"><span class='ocrx_word' id='word_1_81' title='bbox 98 959 298 1017; x_wconf 84' lang='lat' dir='ltr'>firmavit,</span> <span class='ocrx_word' id='word_1_82' title='bbox 319 961 478 1017; x_wconf 84' lang='lat' dir='ltr'>statim,</span> <span class='ocrx_word' id='word_1_83' title='bbox 505 961 604 1005; x_wconf 90' lang='lat' dir='ltr'>inde</span> <span class='ocrx_word' id='word_1_84' title='bbox 625 961 843 1005; x_wconf 88' lang='lat' dir='ltr'>discedens</span> <span class='ocrx_word' id='word_1_85' title='bbox 853 968 882 1017; x_wconf 82' lang='lat'>⁰,</span> <span class='ocrx_word' id='word_1_86' title='bbox 913 961 1053 1005; x_wconf 88' lang='lat' dir='ltr'>missis</span> <span class='ocrx_word' id='word_1_87' title='bbox 1072 962 1228 1018; x_wconf 90' lang='lat' dir='ltr'>ubique</span> <span class='ocrx_word' id='word_1_88' title='bbox 1251 962 1406 1006; x_wconf 89' lang='lat' dir='ltr'>litteris</span> <span class='ocrx_word' id='word_1_89' title='bbox 1429 976 1478 1006; x_wconf 89' lang='lat' dir='ltr'>ac</span> <span class='ocrx_word' id='word_1_90' title='bbox 1498 963 1672 1019; x_wconf 85' lang='lat' dir='ltr'>nuntiis,</span> 
     </span>
     <span class='ocr_line' id='line_1_11' title="bbox 98 1038 1675 1097; baseline 0.002 -15"><span class='ocrx_word' id='word_1_91' title='bbox 98 1051 177 1082; x_wconf 81' lang='lat' dir='ltr'>nos</span> <span class='ocrx_word' id='word_1_92' title='bbox 206 1042 250 1083; x_wconf 86' lang='lat' dir='ltr'>et</span> <span class='ocrx_word' id='word_1_93' title='bbox 279 1038 479 1083; x_wconf 88' lang='lat' dir='ltr'>honorem</span> <span class='ocrx_word' id='word_1_94' title='bbox 511 1042 703 1083; x_wconf 89' lang='lat' dir='ltr'>nostrum</span> <span class='ocrx_word' id='word_1_95' title='bbox 734 1040 1001 1097; x_wconf 87' lang='lat' dir='ltr'>impugnavit</span> <span class='ocrx_word' id='word_1_96' title='bbox 1026 1053 1074 1083; x_wconf 86' lang='lat' dir='ltr'>ac</span> <span class='ocrx_word' id='word_1_97' title='bbox 1104 1053 1181 1097; x_wconf 90' lang='lat' dir='ltr'>per</span> <span class='ocrx_word' id='word_1_98' title='bbox 1211 1043 1346 1084; x_wconf 90' lang='lat' dir='ltr'>totam</span> <span class='ocrx_word' id='word_1_99' title='bbox 1370 1040 1599 1084; x_wconf 84' lang='lat' dir='ltr'>Saxoniam</span> <span class='ocrx_word' id='word_1_100' title='bbox 1632 1045 1675 1086; x_wconf 90' lang='lat' dir='ltr'>et</span> 
     </span>
     <span class='ocr_line' id='line_1_12' title="bbox 100 1115 1674 1172; baseline 0.002 -12"><span class='ocrx_word' id='word_1_101' title='bbox 100 1115 397 1172; x_wconf 75' lang='lat' dir='ltr'>Thuringiam,</span> <span class='ocrx_word' id='word_1_102' title='bbox 434 1115 691 1161; x_wconf 72' lang='lat' dir='ltr'>Bawariam‘</span> <span class='ocrx_word' id='word_1_103' title='bbox 730 1120 772 1162; x_wconf 90' lang='lat' dir='ltr'>et</span> <span class='ocrx_word' id='word_1_104' title='bbox 801 1117 1128 1161; x_wconf 77' lang='lat' dir='ltr'>Alamanniam⁸</span> <span class='ocrx_word' id='word_1_105' title='bbox 1164 1119 1321 1162; x_wconf 86' lang='lat' dir='ltr'>amicos</span> <span class='ocrx_word' id='word_1_106' title='bbox 1359 1122 1526 1162; x_wconf 91' lang='lat' dir='ltr'>nostros</span> <span class='ocrx_word' id='word_1_107' title='bbox 1564 1123 1674 1163; x_wconf 89' lang='lat' dir='ltr'>tam-</span> 
     </span>
     <span class='ocr_line' id='line_1_13' title="bbox 99 1194 1674 1253; baseline 0.002 -15"><span class='ocrx_word' id='word_1_108' title='bbox 99 1194 452 1252; x_wconf 74' lang='lat' dir='ltr'>quaminimicos</span> <span class='ocrx_word' id='word_1_109' title='bbox 481 1198 630 1239; x_wconf 90' lang='lat' dir='ltr'>contra</span> <span class='ocrx_word' id='word_1_110' title='bbox 653 1210 730 1239; x_wconf 92' lang='lat' dir='ltr'>nos</span> <span class='ocrx_word' id='word_1_111' title='bbox 752 1195 906 1252; x_wconf 90' lang='lat' dir='ltr'>ubique</span> <span class='ocrx_word' id='word_1_112' title='bbox 928 1195 1155 1240; x_wconf 87' lang='lat' dir='ltr'>sollicitare</span> <span class='ocrx_word' id='word_1_113' title='bbox 1176 1197 1300 1252; x_wconf 89' lang='lat' dir='ltr'>cepit.</span> <span class='ocrx_word' id='word_1_114' title='bbox 1350 1195 1517 1252; x_wconf 88' lang='lat' dir='ltr'>Sicque,</span> <span class='ocrx_word' id='word_1_115' title='bbox 1553 1198 1674 1253; x_wconf 85' lang='lat' dir='ltr'>quasi</span> 
     </span>
     <span class='ocr_line' id='line_1_14' title="bbox 98 1271 1674 1331; baseline 0.001 -15"><span class='ocrx_word' id='word_1_116' title='bbox 98 1272 216 1317; x_wconf 78' lang='lat' dir='ltr'>canis</span> <span class='ocrx_word' id='word_1_117' title='bbox 239 1273 326 1329; x_wconf 85' lang='lat' dir='ltr'>-q&#39;ui</span> <span class='ocrx_word' id='word_1_118' title='bbox 358 1274 590 1318; x_wconf 82' lang='lat' dir='ltr'>revertitur</span> <span class='ocrx_word' id='word_1_119' title='bbox 621 1274 673 1317; x_wconf 87' lang='lat' dir='ltr'>ad</span> <span class='ocrx_word' id='word_1_120' title='bbox 707 1271 947 1329; x_wconf 85' lang='lat' dir='ltr'>vomitum²,</span> <span class='ocrx_word' id='word_1_121' title='bbox 989 1274 1188 1330; x_wconf 87' lang='lat' dir='ltr'>antiquae</span> <span class='ocrx_word' id='word_1_122' title='bbox 1226 1288 1327 1318; x_wconf 87' lang='lat' dir='ltr'>suae</span> <span class='ocrx_word' id='word_1_123' title='bbox 1365 1274 1568 1331; x_wconf 88' lang='lat' dir='ltr'>perfidiae</span> <span class='ocrx_word' id='word_1_124' title='bbox 1607 1289 1674 1319; x_wconf 88' lang='lat' dir='ltr'>re-</span> 
     </span>
     <span class='ocr_line' id='line_1_15' title="bbox 99 1349 1671 1409; baseline 0.001 -15"><span class='ocrx_word' id='word_1_125' title='bbox 99 1349 214 1408; x_wconf 77' lang='lat' dir='ltr'>cepit</span> <span class='ocrx_word' id='word_1_126' title='bbox 233 1363 463 1405; x_wconf 86' lang='lat' dir='ltr'>venenum3</span> <span class='ocrx_word' id='word_1_127' title='bbox 490 1351 616 1407; x_wconf 91' lang='lat' dir='ltr'>quod,</span> <span class='ocrx_word' id='word_1_128' title='bbox 638 1352 758 1407; x_wconf 86' lang='lat' dir='ltr'>quasi</span> <span class='ocrx_word' id='word_1_129' title='bbox 778 1352 926 1409; x_wconf 90' lang='lat' dir='ltr'>vipera</span> <span class='ocrx_word' id='word_1_130' title='bbox 948 1366 1027 1408; x_wconf 91' lang='lat' dir='ltr'>que</span> <span class='ocrx_word' id='word_1_131' title='bbox 1049 1352 1164 1395; x_wconf 89' lang='lat' dir='ltr'>virus</span> <span class='ocrx_word' id='word_1_132' title='bbox 1186 1352 1364 1396; x_wconf 86' lang='lat' dir='ltr'>resumit</span> <span class='ocrx_word' id='word_1_133' title='bbox 1383 1356 1481 1409; x_wconf 87' lang='lat' dir='ltr'>post</span> <span class='ocrx_word' id='word_1_134' title='bbox 1501 1353 1671 1409; x_wconf 83' lang='lat' dir='ltr'>coitum,</span> 
     </span>
     <span class='ocr_line' id='line_1_16' title="bbox 99 1429 1671 1487; baseline 0.002 -15"><span class='ocrx_word' id='word_1_135' title='bbox 99 1441 127 1472; x_wconf 86' lang='lat' dir='ltr'>a</span> <span class='ocrx_word' id='word_1_136' title='bbox 145 1429 255 1473; x_wconf 78' lang='lat' dir='ltr'>mari</span> <span class='ocrx_word' id='word_1_137' title='bbox 285 1441 419 1485; x_wconf 75' lang='lat' dir='ltr'>usque</span> <span class='ocrx_word' id='word_1_138' title='bbox 449 1429 502 1472; x_wconf 86' lang='lat' dir='ltr'>ad</span> <span class='ocrx_word' id='word_1_139' title='bbox 533 1442 652 1473; x_wconf 87' lang='lat' dir='ltr'>mare</span> <span class='ocrx_word' id='word_1_140' title='bbox 682 1443 758 1486; x_wconf 88' lang='lat' dir='ltr'>per</span> <span class='ocrx_word' id='word_1_141' title='bbox 779 1433 915 1473; x_wconf 90' lang='lat' dir='ltr'>totum</span> <span class='ocrx_word' id='word_1_142' title='bbox 935 1443 1113 1484; x_wconf 88' lang='lat' dir='ltr'>regnum</span> <span class='ocrx_word' id='word_1_143' title='bbox 1139 1429 1330 1473; x_wconf 81' lang='lat' dir='ltr'>diffudith</span> <span class='ocrx_word' id='word_1_144' title='bbox 1363 1433 1406 1474; x_wconf 89' lang='lat' dir='ltr'>et</span> <span class='ocrx_word' id='word_1_145' title='bbox 1430 1431 1671 1487; x_wconf 89' lang='lat' dir='ltr'>imperium.</span> 
     </span>
    </p>

    <p class='ocr_par' dir='ltr' id='par_1_3' title="bbox 97 1505 1800 2421">
     <span class='ocr_line' id='line_1_17' title="bbox 217 1505 1672 1565; baseline 0.001 -15"><span class='ocrx_word' id='word_1_146' title='bbox 217 1505 301 1551; x_wconf 90' lang='lat' dir='ltr'>Pro</span> <span class='ocrx_word' id='word_1_147' title='bbox 337 1506 404 1550; x_wconf 84' lang='lat' dir='ltr'>his</span> <span class='ocrx_word' id='word_1_148' title='bbox 442 1506 573 1562; x_wconf 83' lang='lat' dir='ltr'>igitur</span> <span class='ocrx_word' id='word_1_149' title='bbox 604 1511 646 1550; x_wconf 88' lang='lat' dir='ltr'>et</span> <span class='ocrx_word' id='word_1_150' title='bbox 683 1507 777 1551; x_wconf 88' lang='lat' dir='ltr'>aliis</span> <span class='ocrx_word' id='word_1_151' title='bbox 814 1508 938 1551; x_wconf 87' lang='lat' dir='ltr'>malis</span> <span class='ocrx_word' id='word_1_152' title='bbox 978 1507 1098 1551; x_wconf 90' lang='lat' dir='ltr'>nobis</span> <span class='ocrx_word' id='word_1_153' title='bbox 1137 1521 1462 1565; x_wconf 85' lang='lat' dir='ltr'>responsurum,</span> <span class='ocrx_word' id='word_1_154' title='bbox 1503 1509 1672 1552; x_wconf 88' lang='lat' dir='ltr'>statutis</span> 
     </span>
     <span class='ocr_line' id='line_1_18' title="bbox 99 1584 1673 1644; baseline 0.001 -15"><span class='ocrx_word' id='word_1_155' title='bbox 99 1584 282 1629; x_wconf 87' lang='lat' dir='ltr'>induciis</span> <span class='ocrx_word' id='word_1_156' title='bbox 312 1598 410 1629; x_wconf 86' lang='lat' dir='ltr'>eum</span> <span class='ocrx_word' id='word_1_157' title='bbox 431 1584 483 1628; x_wconf 88' lang='lat' dir='ltr'>ad</span> <span class='ocrx_word' id='word_1_158' title='bbox 515 1598 592 1628; x_wconf 91' lang='lat' dir='ltr'>nos</span> <span class='ocrx_word' id='word_1_159' title='bbox 615 1586 757 1630; x_wconf 90' lang='lat' dir='ltr'>venire</span> <span class='ocrx_word' id='word_1_160' title='bbox 789 1586 1002 1629; x_wconf 88' lang='lat' dir='ltr'>iussimus.</span> <span class='ocrx_word' id='word_1_161' title='bbox 1050 1585 1107 1629; x_wconf 90' lang='lat' dir='ltr'>Et</span> <span class='ocrx_word' id='word_1_162' title='bbox 1127 1600 1212 1629; x_wconf 93' lang='lat' dir='ltr'>non</span> <span class='ocrx_word' id='word_1_163' title='bbox 1234 1586 1369 1640; x_wconf 83' lang='lat' dir='ltr'>venit3</span> <span class='ocrx_word' id='word_1_164' title='bbox 1402 1587 1477 1630; x_wconf 89' lang='lat' dir='ltr'>sed</span> <span class='ocrx_word' id='word_1_165' title='bbox 1497 1587 1673 1644; x_wconf 91' lang='lat' dir='ltr'>insuper</span> 
     </span>
     <span class='ocr_line' id='line_1_19' title="bbox 99 1653 1789 1721; baseline 0 -14"><span class='ocrx_word' id='word_1_166' title='bbox 99 1674 317 1721; x_wconf 80' lang='lat' dir='ltr'>apponens</span> <span class='ocrx_word' id='word_1_167' title='bbox 346 1662 615 1718; x_wconf 88' lang='lat' dir='ltr'>iniquitatem</span> <span class='ocrx_word' id='word_1_168' title='bbox 646 1677 774 1720; x_wconf 89' lang='lat' dir='ltr'>super</span> <span class='ocrx_word' id='word_1_169' title='bbox 804 1663 1072 1719; x_wconf 89' lang='lat' dir='ltr'>iniquitatem</span> <span class='ocrx_word' id='word_1_170' title='bbox 1081 1661 1109 1717; x_wconf 79' lang='lat'>³,</span> <span class='ocrx_word' id='word_1_171' title='bbox 1151 1653 1341 1721; x_wconf 85' lang='lat' dir='ltr'>Spiram,</span> <span class='ocrx_word' id='word_1_172' title='bbox 1384 1665 1494 1720; x_wconf 90' lang='lat' dir='ltr'>quod</span> <span class='ocrx_word' id='word_1_173' title='bbox 1525 1665 1570 1708; x_wconf 90' lang='lat' dir='ltr'>in</span> <span class='ocrx_word' id='word_1_174' title='bbox 1601 1679 1673 1709; x_wconf 87' lang='lat' dir='ltr'>cor</span> <span class='ocrx_word' id='word_1_175' title='bbox 1696 1672 1789 1707; x_wconf 79' lang='lat'>1116</span> 
     </span>
     <span class='ocr_line' id='line_1_20' title="bbox 97 1740 1671 1799; baseline 0.001 -15"><span class='ocrx_word' id='word_1_176' title='bbox 97 1743 291 1785; x_wconf 82' lang='lat' dir='ltr'>nostrum</span> <span class='ocrx_word' id='word_1_177' title='bbox 306 1740 438 1784; x_wconf 85' lang='lat' dir='ltr'>altius</span> <span class='ocrx_word' id='word_1_178' title='bbox 459 1741 662 1796; x_wconf 77' lang='lat' dir='ltr'>ascendit,</span> <span class='ocrx_word' id='word_1_179' title='bbox 693 1744 858 1785; x_wconf 88' lang='lat' dir='ltr'>armata</span> <span class='ocrx_word' id='word_1_180' title='bbox 879 1756 1007 1785; x_wconf 90' lang='lat' dir='ltr'>manu</span> <span class='ocrx_word' id='word_1_181' title='bbox 1029 1746 1072 1786; x_wconf 92' lang='lat' dir='ltr'>et</span> <span class='ocrx_word' id='word_1_182' title='bbox 1092 1743 1241 1786; x_wconf 85' lang='lat' dir='ltr'>erectis</span> <span class='ocrx_word' id='word_1_183' title='bbox 1263 1743 1517 1786; x_wconf 88' lang='lat' dir='ltr'>militaribus</span> <span class='ocrx_word' id='word_1_184' title='bbox 1540 1743 1671 1799; x_wconf 89' lang='lat' dir='ltr'>signis</span> 
     </span>
     <span class='ocr_line' id='line_1_21' title="bbox 97 1817 1671 1877; baseline 0.001 -14"><span class='ocrx_word' id='word_1_185' title='bbox 97 1817 304 1863; x_wconf 84' lang='lat' dir='ltr'>violenter</span> <span class='ocrx_word' id='word_1_186' title='bbox 335 1818 536 1863; x_wconf 89' lang='lat' dir='ltr'>invadere</span> <span class='ocrx_word' id='word_1_187' title='bbox 566 1818 711 1862; x_wconf 92' lang='lat' dir='ltr'>voluit.</span> <span class='ocrx_word' id='word_1_188' title='bbox 761 1818 845 1863; x_wconf 88' lang='lat' dir='ltr'>Sed</span> <span class='ocrx_word' id='word_1_189' title='bbox 874 1820 1077 1864; x_wconf 86' lang='lat' dir='ltr'>frustrato</span> <span class='ocrx_word' id='word_1_190' title='bbox 1103 1820 1193 1864; x_wconf 88' lang='lat' dir='ltr'>Deo</span> <span class='ocrx_word' id='word_1_191' title='bbox 1225 1822 1384 1876; x_wconf 76' lang='lat' dir='ltr'>gratias</span> <span class='ocrx_word' id='word_1_192' title='bbox 1415 1821 1572 1877; x_wconf 90' lang='lat' dir='ltr'>labore,</span> <span class='ocrx_word' id='word_1_193' title='bbox 1605 1835 1671 1865; x_wconf 91' lang='lat' dir='ltr'>re-</span> 
     </span>
     <span class='ocr_line' id='line_1_22' title="bbox 98 1896 1670 1954; baseline 0.002 -14"><span class='ocrx_word' id='word_1_194' title='bbox 98 1896 243 1952; x_wconf 83' lang='lat' dir='ltr'>diens,</span> <span class='ocrx_word' id='word_1_195' title='bbox 280 1897 545 1952; x_wconf 84' lang='lat' dir='ltr'>congregatis</span> <span class='ocrx_word' id='word_1_196' title='bbox 587 1911 692 1954; x_wconf 90' lang='lat' dir='ltr'>quos</span> <span class='ocrx_word' id='word_1_197' title='bbox 730 1898 888 1954; x_wconf 86' lang='lat' dir='ltr'>potuit,</span> <span class='ocrx_word' id='word_1_198' title='bbox 933 1902 1118 1942; x_wconf 83' lang='lat' dir='ltr'>castrum</span> <span class='ocrx_word' id='word_1_199' title='bbox 1155 1902 1346 1943; x_wconf 89' lang='lat' dir='ltr'>nostrum</span> <span class='ocrx_word' id='word_1_200' title='bbox 1381 1899 1670 1943; x_wconf 74' lang='lat' dir='ltr'>Struomburc‘</span> 
     </span>
     <span class='ocr_line' id='line_1_23' title="bbox 97 1974 1670 2021; baseline 0.002 -3"><span class='ocrx_word' id='word_1_201' title='bbox 97 1974 288 2019; x_wconf 80' lang='lat' dir='ltr'>funditus</span> <span class='ocrx_word' id='word_1_202' title='bbox 322 1974 542 2018; x_wconf 82' lang='lat' dir='ltr'>destruxit.</span> <span class='ocrx_word' id='word_1_203' title='bbox 598 1975 763 2019; x_wconf 90' lang='lat' dir='ltr'>Deinde</span> <span class='ocrx_word' id='word_1_204' title='bbox 796 1975 879 2018; x_wconf 89' lang='lat' dir='ltr'>alia</span> <span class='ocrx_word' id='word_1_205' title='bbox 910 1979 1050 2020; x_wconf 85' lang='lat' dir='ltr'>castra</span> <span class='ocrx_word' id='word_1_206' title='bbox 1078 1980 1225 2020; x_wconf 86' lang='lat' dir='ltr'>nostra</span> <span class='ocrx_word' id='word_1_207' title='bbox 1262 1978 1566 2021; x_wconf 82' lang='lat' dir='ltr'>contumaciter</span> <span class='ocrx_word' id='word_1_208' title='bbox 1597 1977 1670 2021; x_wconf 91' lang='lat' dir='ltr'>ob-</span> 
     </span>
     <span class='ocr_line' id='line_1_24' title="bbox 98 2051 1800 2107; baseline 0.001 -11"><span class='ocrx_word' id='word_1_209' title='bbox 98 2052 229 2107; x_wconf 80' lang='lat' dir='ltr'>sedit3</span> <span class='ocrx_word' id='word_1_210' title='bbox 266 2052 504 2096; x_wconf 85' lang='lat' dir='ltr'>invasorem</span> <span class='ocrx_word' id='word_1_211' title='bbox 536 2052 813 2097; x_wconf 89' lang='lat' dir='ltr'>Virdunensis</span> <span class='ocrx_word' id='word_1_212' title='bbox 851 2051 1074 2098; x_wconf 74' lang='lat' dir='ltr'>ecclesiae⁴</span> <span class='ocrx_word' id='word_1_213' title='bbox 1104 2058 1252 2098; x_wconf 91' lang='lat' dir='ltr'>contra</span> <span class='ocrx_word' id='word_1_214' title='bbox 1281 2056 1346 2099; x_wconf 88' lang='lat' dir='ltr'>ius</span> <span class='ocrx_word' id='word_1_215' title='bbox 1380 2059 1422 2099; x_wconf 92' lang='lat' dir='ltr'>et</span> <span class='ocrx_word' id='word_1_216' title='bbox 1450 2055 1539 2099; x_wconf 60' lang='lat' dir='ltr'>fas*</span> <span class='ocrx_word' id='word_1_217' title='bbox 1571 2069 1670 2099; x_wconf 92' lang='lat' dir='ltr'>con·</span> <span class='ocrx_word' id='word_1_218' title='bbox 1694 2077 1719 2098; x_wconf 84' lang='lat'><em>0.</em></span> <span class='ocrx_word' id='word_1_219' title='bbox 1735 2067 1800 2098; x_wconf 78' lang='lat' dir='ltr'>oct.</span> 
     </span>
     <span class='ocr_line' id='line_1_25' title="bbox 97 2130 1669 2189; baseline 0.001 -15"><span class='ocrx_word' id='word_1_220' title='bbox 97 2130 258 2176; x_wconf 83' lang='lat' dir='ltr'>secrari</span> <span class='ocrx_word' id='word_1_221' title='bbox 286 2130 406 2185; x_wconf 86' lang='lat' dir='ltr'>fecit;</span> <span class='ocrx_word' id='word_1_222' title='bbox 439 2144 616 2186; x_wconf 89' lang='lat' dir='ltr'>regnum</span> <span class='ocrx_word' id='word_1_223' title='bbox 646 2134 836 2174; x_wconf 85' lang='lat' dir='ltr'>nostrum</span> <span class='ocrx_word' id='word_1_224' title='bbox 861 2134 903 2174; x_wconf 90' lang='lat' dir='ltr'>et</span> <span class='ocrx_word' id='word_1_225' title='bbox 922 2132 1150 2188; x_wconf 88' lang='lat' dir='ltr'>imperium</span> <span class='ocrx_word' id='word_1_226' title='bbox 1170 2133 1330 2189; x_wconf 85' lang='lat' dir='ltr'>rapinis</span> <span class='ocrx_word' id='word_1_227' title='bbox 1353 2137 1395 2177; x_wconf 92' lang='lat' dir='ltr'>et</span> <span class='ocrx_word' id='word_1_228' title='bbox 1416 2133 1669 2188; x_wconf 87' lang='lat' dir='ltr'>homicidiis,</span> 
     </span>
     <span class='ocr_line' id='line_1_26' title="bbox 97 2208 1670 2266; baseline 0.001 -13"><span class='ocrx_word' id='word_1_229' title='bbox 97 2208 199 2253; x_wconf 80' lang='lat' dir='ltr'>cede</span> <span class='ocrx_word' id='word_1_230' title='bbox 229 2211 275 2253; x_wconf 88' lang='lat' dir='ltr'>et</span> <span class='ocrx_word' id='word_1_231' title='bbox 301 2208 521 2264; x_wconf 86' lang='lat' dir='ltr'>incendiis,</span> <span class='ocrx_word' id='word_1_232' title='bbox 554 2209 675 2264; x_wconf 85' lang='lat' dir='ltr'>quasi</span> <span class='ocrx_word' id='word_1_233' title='bbox 707 2222 808 2265; x_wconf 89' lang='lat' dir='ltr'>aper</span> <span class='ocrx_word' id='word_1_234' title='bbox 839 2209 890 2252; x_wconf 90' lang='lat' dir='ltr'>de</span> <span class='ocrx_word' id='word_1_235' title='bbox 922 2208 1051 2253; x_wconf 86' lang='lat' dir='ltr'>silva⁵</span> <span class='ocrx_word' id='word_1_236' title='bbox 1077 2210 1137 2253; x_wconf 84' lang='lat' dir='ltr'>sio</span> <span class='ocrx_word' id='word_1_237' title='bbox 1158 2210 1312 2266; x_wconf 92' lang='lat' dir='ltr'>ubique</span> <span class='ocrx_word' id='word_1_238' title='bbox 1341 2211 1591 2266; x_wconf 83' lang='lat' dir='ltr'>devastavit,</span> <span class='ocrx_word' id='word_1_239' title='bbox 1623 2214 1670 2254; x_wconf 90' lang='lat' dir='ltr'>ut</span> 
     </span>
     <span class='ocr_line' id='line_1_27' title="bbox 97 2285 1669 2343; baseline 0.001 -13"><span class='ocrx_word' id='word_1_240' title='bbox 97 2285 229 2331; x_wconf 86' lang='lat' dir='ltr'>nichil</span> <span class='ocrx_word' id='word_1_241' title='bbox 257 2287 343 2330; x_wconf 89' lang='lat' dir='ltr'>iam</span> <span class='ocrx_word' id='word_1_242' title='bbox 373 2286 436 2330; x_wconf 89' lang='lat' dir='ltr'>in&#39;</span> <span class='ocrx_word' id='word_1_243' title='bbox 468 2286 644 2330; x_wconf 87' lang='lat' dir='ltr'>diversis</span> <span class='ocrx_word' id='word_1_244' title='bbox 675 2286 809 2343; x_wconf 91' lang='lat' dir='ltr'>ipsius</span> <span class='ocrx_word' id='word_1_245' title='bbox 842 2290 974 2331; x_wconf 87' lang='lat' dir='ltr'>restet</span> <span class='ocrx_word' id='word_1_246' title='bbox 1003 2287 1236 2342; x_wconf 89' lang='lat' dir='ltr'>erroribus,</span> <span class='ocrx_word' id='word_1_247' title='bbox 1268 2288 1352 2330; x_wconf 89' lang='lat' dir='ltr'>nisi</span> <span class='ocrx_word' id='word_1_248' title='bbox 1384 2292 1430 2331; x_wconf 93' lang='lat' dir='ltr'>ut</span> <span class='ocrx_word' id='word_1_249' title='bbox 1459 2288 1565 2332; x_wconf 89' lang='lat' dir='ltr'>fiant</span> <span class='ocrx_word' id='word_1_250' title='bbox 1594 2302 1669 2331; x_wconf 90' lang='lat' dir='ltr'>no-</span> 
     </span>
     <span class='ocr_line' id='line_1_28' title="bbox 97 2362 942 2421; baseline -0.001 -13"><span class='ocrx_word' id='word_1_251' title='bbox 97 2364 274 2408; x_wconf 81' lang='lat' dir='ltr'>vissima</span> <span class='ocrx_word' id='word_1_252' title='bbox 304 2364 487 2408; x_wconf 91' lang='lat' dir='ltr'>hominis</span> <span class='ocrx_word' id='word_1_253' title='bbox 519 2364 663 2421; x_wconf 89' lang='lat' dir='ltr'>peiora</span> <span class='ocrx_word' id='word_1_254' title='bbox 693 2362 942 2421; x_wconf 80' lang='lat' dir='ltr'>prioribus⁶.</span> 
     </span>
    </p>

    <p class='ocr_par' dir='ltr' id='par_1_4' title="bbox 99 2442 1669 2734">
     <span class='ocr_line' id='line_1_29' title="bbox 218 2442 1668 2498; baseline 0.001 -12"><span class='ocrx_word' id='word_1_255' title='bbox 218 2442 308 2486; x_wconf 89' lang='lat' dir='ltr'>Hec</span> <span class='ocrx_word' id='word_1_256' title='bbox 336 2443 468 2498; x_wconf 82' lang='lat' dir='ltr'>igitur</span> <span class='ocrx_word' id='word_1_257' title='bbox 498 2446 541 2486; x_wconf 86' lang='lat' dir='ltr'>et</span> <span class='ocrx_word' id='word_1_258' title='bbox 571 2442 656 2486; x_wconf 89' lang='lat' dir='ltr'>alia</span> <span class='ocrx_word' id='word_1_259' title='bbox 675 2442 801 2498; x_wconf 88' lang='lat' dir='ltr'>mala,</span> <span class='ocrx_word' id='word_1_260' title='bbox 834 2456 1012 2498; x_wconf 87' lang='lat' dir='ltr'>quorum</span> <span class='ocrx_word' id='word_1_261' title='bbox 1043 2456 1128 2485; x_wconf 90' lang='lat' dir='ltr'>non</span> <span class='ocrx_word' id='word_1_262' title='bbox 1160 2446 1224 2486; x_wconf 91' lang='lat' dir='ltr'>est</span> <span class='ocrx_word' id='word_1_263' title='bbox 1249 2456 1463 2498; x_wconf 87' lang='lat' dir='ltr'>numerus,</span> <span class='ocrx_word' id='word_1_264' title='bbox 1495 2443 1594 2487; x_wconf 84' lang='lat' dir='ltr'>licet</span> <span class='ocrx_word' id='word_1_265' title='bbox 1616 2443 1668 2487; x_wconf 89' lang='lat' dir='ltr'>ab</span> 
     </span>
     <span class='ocr_line' id='line_1_30' title="bbox 99 2519 1669 2577; baseline 0 -13"><span class='ocrx_word' id='word_1_266' title='bbox 99 2519 262 2564; x_wconf 87' lang='lat' dir='ltr'>oriente</span> <span class='ocrx_word' id='word_1_267' title='bbox 297 2534 431 2577; x_wconf 86' lang='lat' dir='ltr'>usque</span> <span class='ocrx_word' id='word_1_268' title='bbox 460 2520 506 2564; x_wconf 91' lang='lat' dir='ltr'>in</span> <span class='ocrx_word' id='word_1_269' title='bbox 545 2520 802 2564; x_wconf 89' lang='lat' dir='ltr'>occidentem</span> <span class='ocrx_word' id='word_1_270' title='bbox 842 2525 943 2565; x_wconf 89' lang='lat' dir='ltr'>nota</span> <span class='ocrx_word' id='word_1_271' title='bbox 985 2521 1071 2564; x_wconf 87' lang='lat' dir='ltr'>sint</span> <span class='ocrx_word' id='word_1_272' title='bbox 1108 2520 1324 2576; x_wconf 88' lang='lat' dir='ltr'>omnibus,</span> <span class='ocrx_word' id='word_1_273' title='bbox 1365 2521 1484 2565; x_wconf 90' lang='lat' dir='ltr'>vobis</span> <span class='ocrx_word' id='word_1_274' title='bbox 1526 2525 1669 2565; x_wconf 91' lang='lat' dir='ltr'>tamen</span> 
     </span>
     <span class='ocr_line' id='line_1_31' title="bbox 99 2597 1667 2656; baseline 0.001 -14"><span class='ocrx_word' id='word_1_275' title='bbox 99 2601 201 2643; x_wconf 85' lang='lat' dir='ltr'>nota</span> <span class='ocrx_word' id='word_1_276' title='bbox 231 2602 330 2642; x_wconf 88' lang='lat' dir='ltr'>sunt</span> <span class='ocrx_word' id='word_1_277' title='bbox 360 2612 408 2642; x_wconf 93' lang='lat' dir='ltr'>eo</span> <span class='ocrx_word' id='word_1_278' title='bbox 440 2597 605 2653; x_wconf 91' lang='lat' dir='ltr'>melius,</span> <span class='ocrx_word' id='word_1_279' title='bbox 638 2612 719 2654; x_wconf 93' lang='lat' dir='ltr'>quo</span> <span class='ocrx_word' id='word_1_280' title='bbox 743 2599 914 2642; x_wconf 87' lang='lat' dir='ltr'>secretis</span> <span class='ocrx_word' id='word_1_281' title='bbox 949 2599 1038 2642; x_wconf 87' lang='lat' dir='ltr'>eius</span> <span class='ocrx_word' id='word_1_282' title='bbox 1071 2599 1264 2642; x_wconf 92' lang='lat' dir='ltr'>omnibus</span> <span class='ocrx_word' id='word_1_283' title='bbox 1296 2613 1398 2656; x_wconf 90' lang='lat' dir='ltr'>prae</span> <span class='ocrx_word' id='word_1_284' title='bbox 1422 2600 1572 2643; x_wconf 89' lang='lat' dir='ltr'>ceteris</span> <span class='ocrx_word' id='word_1_285' title='bbox 1593 2613 1667 2643; x_wconf 91' lang='lat' dir='ltr'>vos</span> 
     </span>
     <span class='ocr_line' id='line_1_32' title="bbox 99 2676 1666 2734; baseline 0 -14"><span class='ocrx_word' id='word_1_286' title='bbox 99 2689 265 2734; x_wconf 84' lang='lat' dir='ltr'>semper</span> <span class='ocrx_word' id='word_1_287' title='bbox 285 2676 535 2720; x_wconf 85' lang='lat' dir='ltr'>interfuistis</span> <span class='ocrx_word' id='word_1_288' title='bbox 556 2676 822 2720; x_wconf 90' lang='lat' dir='ltr'>familiarius.</span> <span class='ocrx_word' id='word_1_289' title='bbox 872 2676 954 2720; x_wconf 88' lang='lat' dir='ltr'>Sed</span> <span class='ocrx_word' id='word_1_290' title='bbox 976 2679 1018 2720; x_wconf 89' lang='lat' dir='ltr'>et</span> <span class='ocrx_word' id='word_1_291' title='bbox 1039 2690 1183 2720; x_wconf 91' lang='lat' dir='ltr'>omnes</span> <span class='ocrx_word' id='word_1_292' title='bbox 1206 2677 1278 2732; x_wconf 91' lang='lat' dir='ltr'>qui</span> <span class='ocrx_word' id='word_1_293' title='bbox 1308 2677 1352 2721; x_wconf 93' lang='lat' dir='ltr'>in</span> <span class='ocrx_word' id='word_1_294' title='bbox 1372 2691 1502 2732; x_wconf 85' lang='lat' dir='ltr'>regno</span> <span class='ocrx_word' id='word_1_295' title='bbox 1523 2681 1666 2721; x_wconf 86' lang='lat' dir='ltr'>nostro</span> 
     </span>
    </p>
   </div>
   <div class='ocr_carea' id='block_1_3' title="bbox 97 2765 1666 2909">
    <p class='ocr_par' dir='ltr' id='par_1_5' title="bbox 97 2765 1666 2909">
     <span class='ocr_line' id='line_1_33' title="bbox 191 2765 1666 2806; baseline 0.001 -11"><span class='ocrx_word' id='word_1_296' title='bbox 191 2774 220 2795; x_wconf 80' lang='lat' dir='ltr'>a.</span> <span class='ocrx_word' id='word_1_297' title='bbox 252 2765 436 2796; x_wconf 84' lang='lat' dir='ltr'>credidimus</span> <span class='ocrx_word' id='word_1_298' title='bbox 457 2765 492 2795; x_wconf 97' lang='lat' dir='ltr'><em>G.</em></span> <span class='ocrx_word' id='word_1_299' title='bbox 625 2766 653 2795; x_wconf 94' lang='lat' dir='ltr'><em>b.</em></span> <span class='ocrx_word' id='word_1_300' title='bbox 685 2765 745 2796; x_wconf 86' lang='lat' dir='ltr'>hoc</span> <span class='ocrx_word' id='word_1_301' title='bbox 766 2765 792 2796; x_wconf 88' lang='lat' dir='ltr'><em>G</em></span> <span class='ocrx_word' id='word_1_302' title='bbox 807 2776 871 2806; x_wconf 78' lang='lat' dir='ltr'>pro</span> <span class='ocrx_word' id='word_1_303' title='bbox 893 2776 939 2796; x_wconf 79' lang='lat' dir='ltr'>ex.</span> <span class='ocrx_word' id='word_1_304' title='bbox 1071 2775 1096 2796; x_wconf 89' lang='lat' dir='ltr'>c.</span> <span class='ocrx_word' id='word_1_305' title='bbox 1130 2766 1197 2805; x_wconf 86' lang='lat' dir='ltr'>ipso</span> <span class='ocrx_word' id='word_1_306' title='bbox 1220 2766 1249 2796; x_wconf 90' lang='lat' dir='ltr'><em>Z</em></span> <span class='ocrx_word' id='word_1_307' title='bbox 1254 2766 1288 2797; x_wconf 92' lang='lat' dir='ltr'><em>G.</em></span> <span class='ocrx_word' id='word_1_308' title='bbox 1415 2768 1444 2797; x_wconf 88' lang='lat' dir='ltr'>d.</span> <span class='ocrx_word' id='word_1_309' title='bbox 1480 2768 1609 2797; x_wconf 84' lang='lat' dir='ltr'>venietis</span> <span class='ocrx_word' id='word_1_310' title='bbox 1631 2767 1666 2798; x_wconf 92' lang='lat' dir='ltr'><em>G.</em></span> 
     </span>
     <span class='ocr_line' id='line_1_34' title="bbox 100 2818 1666 2857; baseline 0.001 -8"><span class='ocrx_word' id='word_1_311' title='bbox 100 2829 126 2850; x_wconf 90' lang='lat' dir='ltr'>e.</span> <span class='ocrx_word' id='word_1_312' title='bbox 160 2818 359 2849; x_wconf 82' lang='lat' dir='ltr'>discederetis</span> <span class='ocrx_word' id='word_1_313' title='bbox 380 2818 415 2849; x_wconf 88' lang='lat' dir='ltr'><em>G.</em></span> <span class='ocrx_word' id='word_1_314' title='bbox 529 2818 552 2849; x_wconf 86' lang='lat' dir='ltr'>f.</span> <span class='ocrx_word' id='word_1_315' title='bbox 584 2819 770 2849; x_wconf 81' lang='lat' dir='ltr'>Bauwariam</span> <span class='ocrx_word' id='word_1_316' title='bbox 792 2820 822 2849; x_wconf 81' lang='lat' dir='ltr'><em>V.</em></span> <span class='ocrx_word' id='word_1_317' title='bbox 934 2828 961 2857; x_wconf 86' lang='lat' dir='ltr'><em>g.</em></span> <span class='ocrx_word' id='word_1_318' title='bbox 994 2820 1201 2850; x_wconf 77' lang='lat' dir='ltr'>Alemanuiam</span> <span class='ocrx_word' id='word_1_319' title='bbox 1228 2819 1292 2850; x_wconf 84' lang='lat' dir='ltr'><em>OG.</em></span> <span class='ocrx_word' id='word_1_320' title='bbox 1404 2819 1434 2850; x_wconf 90' lang='lat' dir='ltr'>h.</span> <span class='ocrx_word' id='word_1_321' title='bbox 1468 2820 1611 2850; x_wconf 82' lang='lat' dir='ltr'>diffundit</span> <span class='ocrx_word' id='word_1_322' title='bbox 1631 2819 1666 2850; x_wconf 89' lang='lat' dir='ltr'>G.</span> 
     </span>
     <span class='ocr_line' id='line_1_35' title="bbox 97 2871 1451 2909; baseline 0.001 -7"><span class='ocrx_word' id='word_1_323' title='bbox 97 2873 119 2903; x_wconf 87' lang='lat' dir='ltr'>i.</span> <span class='ocrx_word' id='word_1_324' title='bbox 154 2871 372 2903; x_wconf 86' lang='lat' dir='ltr'>Struomburch</span> <span class='ocrx_word' id='word_1_325' title='bbox 393 2872 425 2909; x_wconf 88' lang='lat' dir='ltr'>V,</span> <span class='ocrx_word' id='word_1_326' title='bbox 449 2872 625 2903; x_wconf 86' lang='lat' dir='ltr'>Strumburc</span> <span class='ocrx_word' id='word_1_327' title='bbox 646 2872 681 2903; x_wconf 81' lang='lat' dir='ltr'><em>G.</em></span> <span class='ocrx_word' id='word_1_328' title='bbox 811 2873 842 2902; x_wconf 83' lang='lat' dir='ltr'><em>k.</em></span> <span class='ocrx_word' id='word_1_329' title='bbox 877 2874 907 2903; x_wconf 87' lang='lat' dir='ltr'>et</span> <span class='ocrx_word' id='word_1_330' title='bbox 927 2873 974 2902; x_wconf 77' lang='lat' dir='ltr'>fas</span> <span class='ocrx_word' id='word_1_331' title='bbox 996 2882 1053 2903; x_wconf 88' lang='lat' dir='ltr'>om.</span> <span class='ocrx_word' id='word_1_332' title='bbox 1071 2872 1106 2903; x_wconf 83' lang='lat' dir='ltr'><em>G.</em></span> <span class='ocrx_word' id='word_1_333' title='bbox 1231 2873 1251 2903; x_wconf 88' lang='grc' dir='ltr'>Ι.</span> <span class='ocrx_word' id='word_1_334' title='bbox 1283 2883 1340 2903; x_wconf 87' lang='lat' dir='ltr'>om.</span> <span class='ocrx_word' id='word_1_335' title='bbox 1359 2873 1411 2904; x_wconf 91' lang='lat' dir='ltr'>VZ</span> <span class='ocrx_word' id='word_1_336' title='bbox 1416 2873 1451 2904; x_wconf 84' lang='lat' dir='ltr'><em>G.</em></span> 
     </span>
    </p>
   </div>
   <div class='ocr_carea' id='block_1_4' title="bbox 99 2935 1665 3042">
    <p class='ocr_par' dir='ltr' id='par_1_6' title="bbox 99 2935 1665 3042">
     <span class='ocr_line' id='line_1_36' title="bbox 195 2935 1665 2982; baseline 0.001 -11"><span class='ocrx_word' id='word_1_337' title='bbox 195 2936 227 2971; x_wconf 94' lang='lat'>1.</span> <span class='ocrx_word' id='word_1_338' title='bbox 253 2935 381 2971; x_wconf 89' lang='lat' dir='ltr'>Ierem.</span> <span class='ocrx_word' id='word_1_339' title='bbox 402 2936 457 2982; x_wconf 87' lang='lat'>14,</span> <span class='ocrx_word' id='word_1_340' title='bbox 477 2937 533 2972; x_wconf 88' lang='grc'>19.</span> <span class='ocrx_word' id='word_1_341' title='bbox 654 2937 687 2972; x_wconf 83' lang='lat'><em>2.</em></span> <span class='ocrx_word' id='word_1_342' title='bbox 714 2936 820 2972; x_wconf 88' lang='lat' dir='ltr'>Prov.</span> <span class='ocrx_word' id='word_1_343' title='bbox 840 2937 897 2982; x_wconf 83' lang='lat'>26,</span> <span class='ocrx_word' id='word_1_344' title='bbox 917 2937 972 2972; x_wconf 86' lang='lat'>11.</span> <span class='ocrx_word' id='word_1_345' title='bbox 1085 2936 1119 2972; x_wconf 85' lang='lat'><em>3.</em></span> <span class='ocrx_word' id='word_1_346' title='bbox 1145 2937 1204 2973; x_wconf 84' lang='lat' dir='ltr'>Ps.</span> <span class='ocrx_word' id='word_1_347' title='bbox 1223 2937 1279 2982; x_wconf 88' lang='grc'>68,</span> <span class='ocrx_word' id='word_1_348' title='bbox 1305 2937 1363 2972; x_wconf 85' lang='grc'>28.</span> <span class='ocrx_word' id='word_1_349' title='bbox 1479 2937 1514 2973; x_wconf 87' lang='lat'>4.</span> <span class='ocrx_word' id='word_1_350' title='bbox 1540 2935 1665 2973; x_wconf 91' lang='lat' dir='ltr'>Thiet-</span> 
     </span>
     <span class='ocr_line' id='line_1_37' title="bbox 99 2994 1474 3042; baseline 0.001 -11"><span class='ocrx_word' id='word_1_351' title='bbox 99 3004 240 3031; x_wconf 88' lang='lat' dir='ltr'>marum</span> <span class='ocrx_word' id='word_1_352' title='bbox 257 2995 292 3031; x_wconf 90' lang='lat'>11</span> <span class='ocrx_word' id='word_1_353' title='bbox 317 3005 375 3042; x_wconf 86' lang='lat' dir='ltr'>ep.</span> <span class='ocrx_word' id='word_1_354' title='bbox 390 2994 628 3032; x_wconf 81' lang='lat' dir='ltr'>Verdensem.</span> <span class='ocrx_word' id='word_1_355' title='bbox 748 2996 782 3032; x_wconf 88' lang='lat'>5.</span> <span class='ocrx_word' id='word_1_356' title='bbox 810 2996 868 3032; x_wconf 91' lang='lat' dir='ltr'>Ps.</span> <span class='ocrx_word' id='word_1_357' title='bbox 884 2996 940 3042; x_wconf 81' lang='lat'>79,</span> <span class='ocrx_word' id='word_1_358' title='bbox 959 2995 1015 3031; x_wconf 88' lang='lat'>14.</span> <span class='ocrx_word' id='word_1_359' title='bbox 1129 2997 1162 3032; x_wconf 88' lang='grc'>6.</span> <span class='ocrx_word' id='word_1_360' title='bbox 1189 2995 1316 3032; x_wconf 86' lang='lat' dir='ltr'>Matth.</span> <span class='ocrx_word' id='word_1_361' title='bbox 1337 2997 1391 3042; x_wconf 81' lang='lat'>12,</span> <span class='ocrx_word' id='word_1_362' title='bbox 1416 2996 1474 3032; x_wconf 87' lang='lat'><em>45.</em></span> 
     </span>
    </p>
   </div>
  </div>
 </body>
</html>
