2028 3438
434 270 675 302 nunnonm
704 268 947 301 numana
997 269 1083 299 ms.
1108 269 1141 299 11
1173 266 1229 300 24.
1248 266 1293 300 25
1557 254 1643 298 769

71 377 319 431 sublevabat
353 377 406 423 de
442 377 532 421 luto
573 379 845 434 prostratum.
910 374 1114 419 Similiter
1153 378 1196 418 et
1227 374 1298 417 alii
1330 374 1569 419 sacerdotes
1603 377 1644 417 et
1672 383 1765 419 1124

70 454 227 512 dorici,
257 455 358 500 dum
389 457 618 513 protegunt
643 453 762 498 illum
786 457 829 498 et
847 452 1003 498 iacenti
1023 466 1174 496 manus
1196 452 1432 509 porrigunt,
1462 451 1644 495 fustibus

70 535 126 578 οἱ]
140 533 285 578 ,contis
323 533 446 578 iuxta
483 546 606 577 suum
648 530 887 589 pontificem
918 531 964 575 in
995 530 1165 575 nomine
1195 529 1290 574 Iesu
1322 529 1642 586 vapulaverunt.

70 609 262 656 Tandem
296 610 433 655 multo
464 610 705 655 discrimine
745 613 873 667 ponte
915 611 1105 666 arrepto,
1146 621 1311 660 rursum
1354 607 1416 650 ire
1455 610 1497 651 et
1529 607 1645 650 abire

70 688 260 746 cepimus
291 691 414 733 extra
443 689 673 744 civitatem,
705 687 864 744 illique,
898 701 922 732 a
953 685 1295 745 prudentioribus
1325 685 1475 740 sedati,
1507 698 1645 728 cessa-

70 769 223 811 verunt
252 765 442 811 anobis.
495 765 712 810 Abeuntes
753 779 851 821 ergo
892 768 1010 809 trans
1041 764 1205 820 lacum,
1246 763 1422 807 disiecto
1462 766 1588 820 ponte
1621 776 1646 806 a

70 848 191 900 tergo
220 847 379 901 nostro,
409 858 463 888 ne
494 844 646 889 iterum
678 844 883 901 impetum
917 857 1044 900 super
1073 856 1151 886 nos
1182 842 1384 896 facerent,
1417 841 1461 884 in
1493 854 1643 898 campo

70 921 183 967 inter
210 935 349 967 *areas
388 925 431 967 et
466 922 561 967 loca
598 922 845 966 horreorum
886 920 1172 965 decumbendo
1213 920 1541 977 respiravimus3
1582 919 1644 962 vi-

71 999 220 1045 dentes
239 1003 294 1045 et
315 1000 631 1045 dinumerantes
654 1000 802 1055 sooi08‚
836 1003 877 1044 et
899 999 998 1056 quia
1019 998 1158 1042 nullus
1181 998 1327 1054 defuit,
1359 997 1498 1042 Deum
1518 997 1645 1041 bene-

71 1076 272 1123 dicentes.

155 1191 158 1200 ,
191 1156 354 1201 Timo:
394 1155 476 1201 Hic
511 1157 719 1213 primum,
759 1155 827 1199 hic
863 1155 987 1199 audio
1020 1154 1231 1211 quoddam
1263 1154 1350 1198 veri
1384 1153 1645 1211 apostolatus

70 1234 295 1279 indicium:
335 1234 483 1292 plagas
515 1234 711 1278 videlicet
742 1237 784 1278 et
813 1233 988 1287 livores3
1026 1233 1135 1276 sicut
1165 1232 1370 1289 scriptum
1403 1234 1486 1275 est:
1518 1230 1647 1276 Ibant

70 1313 257 1372 apostoli
289 1314 518 1370 yawdentea
557 1330 584 1356 a
616 1321 838 1370 conspectu
879 1311 1068 1364 concilii,
1111 1313 1313 1367 quoniam
1352 1312 1475 1367 diyni
1513 1310 1648 1353 habia·

69 1396 168 1435 sunt
190 1405 276 1449 pro
307 1393 476 1435 nomine
506 1391 603 1435 Iesu
634 1391 927 1434 contumeliam
956 1385 1084 1447 pati¹.
1136 1387 1219 1432 Sed
1238 1387 1330 1444 flio,
1362 1387 1548 1443 obsecr0‚
1586 1387 1645 1431 mi

69 1467 280 1526 apostole,
319 1482 420 1512 num
456 1468 501 1512 in
534 1468 674 1525 aliquo
706 1468 920 1525 particeps
952 1466 1070 1510 fuisti
1100 1466 1224 1510 huius
1254 1450 1487 1523 apostolice
1520 1465 1645 1510 bene-

70 1545 294 1591 dictionis?
531 1541 534 1543 ’

190 1623 454 1668 Sestidus:
486 1623 555 1668 Me
585 1623 802 1679 miserum,
834 1622 1081 1666 infirmitate
1102 1635 1197 1666 mea
1218 1624 1458 1678 conspecta,
1490 1621 1643 1665 talibus

69 1701 190 1746 bonis
229 1714 297 1746 me
327 1701 547 1757 indignum
586 1701 667 1759 ipsi
709 1701 949 1745 iudicavere
989 1699 1157 1757 pagani.
1207 1698 1363 1742 Puduit
1393 1702 1557 1754 tamen,
1598 1702 1645 1742 ut

70 1793 216 1825 verum
261 1779 418 1835 fatear,
465 1779 558 1823 aliis
599 1779 652 1823 de
690 1780 777 1823 suis
827 1778 1087 1836 portionibus
1135 1780 1284 1835 postea
1323 1778 1428 1821 satis
1466 1777 1643 1821 iocunde

68 1857 360 1913 gloriantibus,
392 1870 460 1901 me
490 1857 619 1901 nichil
650 1858 709 1902 ibi
741 1857 966 1914 accepisse.

189 1935 352 1979 Timo:
392 1934 640 1990 Consolare3
679 1936 730 1979 in
742 1935 853 1991 quit
892 1935 928 1978 si
971 1935 1071 1991 quid
1107 1935 1247 1978 minus
1279 1934 1391 1978 circa
1421 1937 1464 1978 te
1494 1935 1537 1977 in
1570 1933 1643 1978 illo

69 2012 254 2070 capitulo
285 2015 425 2057 actum
458 2015 536 2068 est,
568 2013 613 2055 in
645 2016 788 2056 nostro
821 2013 979 2069 poterit
1009 2012 1191 2069 impleri.
1317 2010 1399 2055 Sed
1432 2025 1560 2068 perge
1590 2011 1643 2054 ad

69 2093 231 2145 oetera3
270 2094 312 2135 et
350 2089 530 2147 qualiter
569 2091 612 2134 in
651 2094 739 2134 tam
757 2129 760 2131 Α
780 2090 885 2134 dura
922 2093 1037 2134 terra
1074 2089 1283 2145 euangelii
1319 2089 1439 2133 radix
1473 2089 1643 2133 tandem

69 2168 342 2224 convaluerit,
375 2167 598 2226 explicato.
621 2190 625 2195 ·

189 2246 259 2290 25.
309 2245 571 2291 Sefridus:
614 2245 844 2302 Postquam
883 2260 960 2290 nos
1001 2245 1303 2302 respiravimus
1344 2248 1386 2288 et
1424 2244 1487 2287 illi
1525 2244 1643 2289 dese-

70 2324 254 2380 ruerant,
293 2323 392 2368 Otto
431 2323 720 2368 beatissimus:
759 2325 879 2368 Proh
919 2325 1041 2367 dolor·
1077 2323 1216 2380 inquit
1246 2324 1356 2366 bona
1386 2338 1460 2381 spe
1490 2326 1645 2367 cassati

69 2417 224 2446 mmm.
273 2403 430 2446 Palma
458 2405 506 2445 in
536 2403 730 2445 manibus
762 2411 874 2453 emt,-
906 2417 978 2445 vos
1011 2386 1102 2445 eam
1135 2429 1189 2433 ——
1222 2402 1341 2445 Deus
1373 2402 1489 2444 vobis
1519 2403 1641 2457 iquo-

69 2488 172 2534 scat‚
193 2480 286 2536 filii
314 2489 352 2524 et
368 2480 534 2537 fratres
557 2506 611 2511 —
646 2481 876 2523 extorsistis
908 2481 959 2522 de
989 2482 1182 2523 manibus
1215 2481 1382 2522 nostris.
1442 2479 1521 2521 Vix
1554 2494 1640 2521 om·—

69 2572 142 2601 nes
172 2559 279 2602 ictus
310 2558 380 2600 illi
407 2560 533 2601 unius
558 2559 759 2615 passioni
788 2558 1046 2613 sufficerent;
1079 2559 1152 2600 sed
1182 2559 1283 2600 dum
1315 2571 1454 2599 omnes
1486 2558 1544 2599 ad
1573 2571 1640 2600 co-

69 2649 221 2679 ronam
246 2636 518 2692 prosiluistis,
550 2651 625 2679 nec
645 2650 776 2678 unum
791 2637 1012 2691 pervenire
1032 2636 1264 2678 dimisistis·
1309 2632 1387 2676 Cui
1407 2633 1639 2677 Paulicius:

73 2712 190 2758 Satis
221 2712 360 2768 inquit
389 2715 569 2767 domine,
602 2713 722 2756 nobis
755 2714 868 2755 visus
900 2728 940 2755 es
973 2714 1193 2770 accepisse.
1315 2713 1481 2755 Parum
1504 2711 1643 2767 inquit

70 2789 144 2834 ille
189 2792 292 2847 quia
334 2799 427 2834 voto
466 2793 618 2834 minus.
689 2789 783 2833 Tua
825 2804 989 2846 quoque
1029 2791 1220 2833 avaricia
1260 2804 1393 2832 meam
1434 2805 1483 2832 ex
1520 2798 1641 2846 parte

71 2882 227 2924 maqna
270 2870 483 2925 preripuit
529 2868 864 2911 benedictionem.
923 2866 1015 2910 Hoc
1053 2870 1193 2910 autem
1234 2866 1342 2910 dixit
1382 2866 1432 2909 de
1474 2866 1639 2920 ictibus,

73 2957 176 3000 quos
207 2943 278 2987 ille
308 2945 544 3000 intercepit.
592 2944 768 2987 Constat
798 2948 940 2988 tamen
973 2945 1213 3000 episcopum
1249 2944 1382 2987 tribus
1413 2943 1547 3000 plagis
1571 2956 1641 2984 va-

72 3020 253 3078 pulasse.
720 3033 750 3066 1.
777 3030 860 3067 Act.
880 3034 996 3077 apost.
1016 3032 1049 3076 5,
1076 3032 1133 3067 41.

131 3095 237 3129 Jnnz.
260 3097 452 3126 Bibliotheca
467 3098 503 3125 V.
1310 3097 1358 3132 49
