2028 3438
578 230 799 262 nmmum
829 229 1002 262 oonnx.
1048 228 1106 263 66.
1123 227 1170 263 07
1578 219 1662 263 139

87 333 674 393 hereditariamdignitatcm
703 337 917 382 communi
948 338 1135 382 omnium
1167 340 1377 382 vestrum·
1417 352 1590 383 assensu
1622 342 1665 383 et

86 412 292 461 &worma
306 414 430 459 -vobis
459 415 730 472 accipiamus,
761 418 804 460 et
830 414 1005 459 meritas
1026 415 1145 460 vobis
1166 416 1326 471 gratias
1347 416 1462 460 omni
1493 417 1663 461 honoris

87 490 602 548 gmmvimportiamurb.
628 524 629 527 η

88 574 133 614 fr*
169 567 415 615 ..Miramur
439 572 601 626 autem,
634 570 759 626 quod,
791 570 959 626 cognito
987 570 1173 616 adventu
1203 574 1363 627 nostro,
1394 571 1511 615 nulla
1541 571 1662 616 nobis

88 645 417 708 legatioavestra.
447 647 673 705 sollempni
712 661 829 692 more
860 648 1054 693 occurrit.
1111 648 1222 692 Nam
1261 649 1373 705 quod
1408 652 1577 693 nostros
1610 649 1663 693 ad

85 735 175 788 31001
195 723 361 780 legatos
387 725 558 770 mittere
586 725 917 783 supersedimuS‚
948 726 1032 784 ipsi
1061 739 1137 770 vos
1167 726 1315 782 nostis,
1346 726 1476 782 legati
1505 724 1664 771 nostri¹

88 823 148 842 -ε
163 801 260 847 wiri
289 801 491 847 honorati.
518 805 560 847 et
589 803 811 848 reverendi
835 827 896 855 ,-
932 817 1059 860 quam
1079 804 1229 847 infami
1248 804 1503 848 contumelia
1524 805 1661 860 abeo,

87 878 200 925 unde
223 879 404 926 minime
424 880 641 938 oportuit,
679 894 814 937 supra*
839 881 1027 925 omnium
1059 881 1335 926 barbarorum
1366 882 1663 926 inmanitatem

84 955 488 1015 m01=praeterito'
526 957 667 1002 affecti
706 962 817 1002 sunt.
872 958 992 1010 Quod
1030 962 1169 1003 autem
1210 959 1322 1003 idem
1358 960 1467 1017 ipsi⁰
1506 959 1662 1004 distur-

87 1034 260 1081 batoros·
283 1035 404 1093 pacis
435 1038 478 1081 et
507 1036 756 1080 concordiae
786 1036 907 1080 nobis
928 1037 1168 1094 imposuere
1190 1039 1233 1080 et
1261 1037 1307 1081 in
1327 1037 1428 1081 nos'¹
1453 1025 1661 1095 sparsere,

89 1125 182 1156 eam
214 1112 419 1158 adventus
450 1113 586 1158 nostri
617 1121 730 1158 esse⁹
761 1114 1054 1171 intentionem,
1084 1118 1132 1158 ut
1163 1114 1278 1159 beati
1307 1114 1424 1159 Petri
1454 1115 1661 1173 principis

88 1190 374 1249 apostolorum
404 1191 539 1235 honor
568 1192 846 1236 imminuatur
883 1196 925 1237 et
955 1197 1142 1236 vestrum
1174 1193 1362 1236 omnium
1394 1207 1461 1237 res
1492 1193 1663 1250 publica

84 1280 165 1328 per
187 1282 302 1314 ”nos-
321 1272 571 1325 evertatm,
617 1270 748 1314 nichil
793 1269 855 1314 illi
901 1270 1092 1327 quidem‘
1137 1285 1292 1315 novum
1340 1271 1427 1315 suis
1452 1271 1661 1315 'moribus

85 1342 259 1392 fecere'ss.
304 1347 462 1392 Verum
494 1361 570 1391 nos
603 1347 782 1392 fideliter
803 1348 922 1392 vobis
952 1349 1237 1393 insinuamus:
1271 1349 1381 1405 quod
1412 1349 1490 1393 hec
1515 1353 1663 1393 nostra

87 1425 283 1471 omnino¹¹
312 1425 509 1471 voluntas
547 1430 590 1471 et
622 1426 832 1471 sententia
863 1430 948 1482 est,
987 1430 1035 1470 ut
1065 1428 1167 1482 vos¹‚
1209 1426 1319 1483 quod
1354 1427 1400 1470 in
1430 1427 1551 1471 nobis
1583 1430 1660 1483 est,

84 1489 536 1561 pacificeinvisamum
569 1504 642 1548 ack
673 1504 837 1561 deinde,
870 1504 1022 1549 collato
1044 1505 1234 1550 omnium
1256 1508 1444 1550 vestrum
1466 1505 1660 1563 inprimis

83 1581 351 1640 aliorumque
379 1581 567 1627 fidelium
598 1585 840 1627 nostrorum
868 1583 1058 1639 consili0,
1090 1583 1291 1627 diuturna
1311 1583 1522 1627 discordia
1541 1584 1663 1639 regni

88 1663 132 1704 et
161 1660 387 1705 sacerdotii
417 1661 468 1705 de
498 1661 637 1705 medio
658 1661 847 1705 tollatur¹
878 1665 921 1705 et
951 1661 1094 1705 omnia
1122 1661 1178 1706 ad
1204 1675 1353 1719 paoem
1382 1664 1426 1706 et
1455 1661 1661 1706 unitatem

87 1737 133 1783 111
162 1737 322 1783 Christi
351 1738 521 1783 nomine
552 1742 844 1783 revocenturm.

91 1881 178 1929 67.
198 1848 434 1939 ,Ηᾷίηνίοαε
464 1883 539 1928 IV
555 1882 616 1937 (2)
669 1899 745 1926 rex
783 1883 840 1926 H.
880 1885 1078 1927 servienti
1118 1898 1193 1927 suo
1240 1898 1434 1926 mansum
1478 1884 1662 1941 reqalem

149 1996 162 2002 .,
207 1961 318 2004 dono
350 1962 460 2005 datu.
1486 1961 1538 2015 (E
1559 1961 1660 2015 105)

209 2049 259 2094 In
288 2050 458 2095 nomine
489 2052 660 2094 sanctae
691 2053 733 2094 et
762 2050 1005 2095 individuae
1039 2050 1256 2095 trinitatis.
1309 2050 1567 2105 H(einricus)
1599 2051 1662 2095 di-

88 2128 190 2173 vina
217 2128 386 2173 favente
417 2128 641 2173 clementia
670 2142 760 2172 rex.
809 2127 1013 2172 Omnibus
1035 2127 1193 2172 Christi
1222 2129 1439 2185 nostrique
1467 2128 1662 2173 fidelibus

87 2210 192 2252 10111
215 2206 368 2250 futuris
407 2220 534 2263 quam
565 2206 861 2264 praesentibus
899 2210 1044 2250 notum
1079 2219 1169 2251 esse
1200 2207 1415 2262 volumus,
1455 2207 1555 2263 quia
1584 2220 1661 2251 nos

1737 350 1827 387 1081

1685 398 1759 438 Apr.
1766 413 1797 420 -·—
1807 398 1877 430 Mai.

1693 2062 1832 2097 1056—

1689 2110 1782 2146 1084
1797 2109 1843 2152 (Ῥ)

89 2283 141 2329 ob
171 2284 457 2329 interventum
488 2297 538 2329 ac
568 2285 819 2342 peticionem
854 2283 902 2327 O.
934 2284 1099 2327 comitis
1130 2297 1208 2328 nec
1236 2298 1322 2328 non
1362 2288 1404 2328 et
1433 2284 1485 2328 A.
1519 2284 1662 2329 dilecti
1726 2320 1728 2325 ,

88 2362 297 2420 capellani
334 2362 470 2407 nostri
515 2366 557 2407 et
593 2361 643 2406 G.
681 2362 903 2406 camerarii
940 2365 1085 2406 nostro
1124 2362 1325 2406 servienti
1361 2361 1414 2406 H.
1443 2363 1662 2407 nominato

88 2453 220 2484 unum
250 2440 435 2496 regalem
467 2454 662 2484 mansum
694 2454 786 2484 cum
822 2440 1016 2485 omnibus
1047 2440 1135 2485 suis
1167 2440 1456 2497 pertinentiis,
1488 2440 1567 2484 hoc
1599 2444 1663 2485 est

87 2518 312 2576 mancipiis
349 2519 569 2575 utriusque
617 2532 743 2563 sexus
783 2518 892 2562 areis
933 2517 1106 2562 edificiis
1154 2518 1287 2575 pratis
1333 2519 1504 2575 pascuis
1549 2519 1661 2574 agris

87 2596 214 2641 terris
245 2596 369 2640 cultis
407 2600 448 2640 et
485 2596 655 2641 incultis
694 2596 811 2640 silvis
844 2596 1136 2640 venationibus
1176 2596 1336 2653 campis
1376 2597 1494 2653 aquis
1532 2610 1661 2653 aqua-

106 2696 110 2703 ,
181 2718 209 2740 a.
240 2711 409 2740 vestrorum
432 2709 467 2740 G.
591 2710 622 2740 b.
655 2711 854 2749 inpertiamus
876 2709 911 2740 G.
1038 2718 1063 2739 c.
1097 2718 1153 2739 om.
1172 2709 1287 2741 VZCB.
1407 2710 1438 2741 d.
1469 2719 1524 2740 vos
1544 2708 1661 2744 VZC'B,

89 2772 117 2794 s.
148 2760 260 2794 οήιΒ.
384 2763 407 2794 f.
440 2763 521 2803 quod
543 2763 578 2794 G.
705 2773 734 2802 g.
765 2763 864 2794 facere
888 2763 923 2794 G.
1049 2763 1079 2793 h.
1114 2763 1247 2794 omnium
1268 2764 1308 2795 B.
1422 2764 1443 2794 i.
1478 2772 1530 2794 vos
1553 2772 1611 2793 om.
1628 2762 1660 2794 V.
1696 2775 1698 2777 ·

88 2815 119 2846 k.
151 2817 223 2846 tunc
245 2816 354 2846 deinde
375 2815 410 2847 G.
536 2817 556 2847 l.
590 2817 715 2847 tolletur
735 2817 770 2847 G.
896 2826 935 2846 m.
968 2817 1136 2847 revocetur.
1158 2816 1265 2848 Valete
1287 2817 1322 2848 G.
1444 2826 1473 2847 n.
1507 2826 1544 2847 ex
1567 2817 1593 2847 V
1611 2817 1659 2854 41,

90 2869 120 2900 Ζ
130 2879 165 2909 p.
180 2870 377 2900 162-163.

187 2934 218 2968 1.
246 2933 435 2969 Liemarus
460 2933 756 2980 archiepiscopus
775 2934 982 2969 Bremensis
1006 2936 1045 2969 et
1061 2935 1244 2981 Rupertus
1269 2935 1463 2981 episcopus
1486 2932 1659 2969 Bamber-

90 2992 225 3038 gensis.
351 2993 385 3028 2.
413 2994 517 3029 1080.
