2028 3438
272 372 364 408 1124

288 421 352 451 Iun.

256 2538 320 2567 Iun.
336 2539 375 2568 24

391 257 476 299 762
753 268 988 299 usnemun
1020 267 1260 299 mALoGth.
1309 267 1452 298 LIB.11
1486 266 1602 299 18.19

391 383 471 416 ergo
497 372 531 405 in
555 373 648 406 vobis
673 378 743 414 est,
769 373 825 416 qui
849 373 961 416 plures
986 373 1150 406 habuerat
1173 384 1292 406 uxores
1318 376 1396 406 ante
1420 360 1639 415 baptismum,
1667 383 1756 406 nunc
1778 383 1881 413 unam
1903 373 1945 407 de

390 431 472 471 iuis,
504 443 568 475 quc
599 432 662 465 sibi
691 432 799 475 magis
824 432 950 475 placet,
983 431 1105 475 eligat,
1137 431 1347 474 dimissisque
1372 430 1463 471 aliis,
1496 431 1583 464 hanc
1607 430 1711 465 solam
1734 431 1860 479 habeat
1881 432 1946 465 ritu

391 489 580 524 christiano.
676 491 721 524 Et
744 496 859 534 partus
884 491 923 523 in
934 490 1024 534 quit
1047 490 1228 530 femineos,
1258 490 1369 530 audio,
1395 489 1473 533 quia
1496 501 1566 530 vos,
1591 501 1612 524 o
1635 489 1801 532 mulieres,
1824 501 1946 525 necare

391 549 619 583 consuevistis.
656 549 754 590 Quod
778 555 937 592 quantum
958 549 1237 582 abhominationis
1253 549 1388 590 habeat,
1415 549 1554 592 exprimi
1570 560 1722 583 sermone
1738 553 1944 593 amputent.

391 608 525 648 Videte,
551 608 580 641 si
603 608 667 642 hoc
692 608 746 641 vel
770 609 867 642 bruta
891 608 1016 641 faciant
1041 607 1196 640 animalia
1220 607 1343 641 fetibus
1368 608 1447 642 suis.
1483 607 1702 642 Parricidium
1725 607 1789 642 hoc
1803 607 1946 649 nonjfiat

391 667 542 701 ammodo
568 667 602 700 in
619 667 730 707 vobis;
757 667 834 710 quia
859 667 930 699 sine
950 666 1146 709 gravissima
1162 666 1349 710 penitentia
1366 667 1486 700 dimitti
1501 678 1568 700 non
1592 671 1715 710 potest.
1750 665 1830 700 Sive
1845 665 1947 709 igitur

390 726 434 759 sit
462 726 628 760 masculus
654 726 723 759 sive
748 726 889 766 femina,
922 726 1099 768 diligenter
1125 725 1268 758 enutrite
1293 730 1409 768 partus
1433 730 1561 759 vestros
1569 737 1580 766 3
1611 725 1677 759 Dei
1701 725 1790 760 enim
1813 725 1882 760 eet:
1907 730 1947 759 vet

390 796 516 818 marem
539 796 717 828 procurare
743 790 776 818 et
800 781 966 818 feminam.
1062 783 1269 827 ”Septimum
1291 784 1404 827 itaque
1428 789 1672 818 sacramentum
1691 781 1764 819 est*
1782 783 1946 819 ordinatio

391 844 460 877 sive
486 844 690 877 consecratio
715 843 918 877 clericorum.
956 843 1054 884 Quod
1078 848 1112 876 et
1132 843 1240 886 ipsum
1258 842 1458 886 particulare
1475 848 1528 876 est
1543 849 1578 876 et
1593 854 1660 877 non
1675 842 1846 887 generale,
1862 842 1947 887 quia

390 914 458 935 non
483 903 572 936 omni
595 902 720 935 homini
744 903 978 936 necessarium.
1016 902 1174 942 Quamvis
1200 901 1287 935 enim
1313 913 1426 935 omnes
1451 901 1601 936 homines
1617 902 1792 946 indigeant
1806 901 1946 942 clericis,

390 973 458 994 non
489 966 601 994 tamen
633 967 685 994 est
716 961 958 1002 necessarium,
991 972 1105 995 omnes
1136 960 1287 994 homines
1318 960 1391 994 fleri
1423 960 1570 995 clericos.
1618 961 1675 994 Ad
1701 961 1811 1005 ipsum
1833 966 1947 995 tamen

392 1026 652 1060 sacramentum,
685 1021 740 1063 qui
763 1021 909 1054 moribus
935 1025 969 1053 et
993 1020 1132 1053 scientia
1155 1020 1262 1063 magis
1286 1019 1398 1054 idonei
1422 1025 1516 1060 sunt,
1543 1019 1708 1054 invitandi
1731 1025 1809 1054 sunt
1831 1019 1946 1064 pocius

392 1091 491 1122 quam
521 1079 686 1112 trahendi.
735 1079 833 1113 Unde
866 1079 1023 1113 adhortor
1051 1091 1110 1113 vos
1136 1084 1170 1113 et
1193 1079 1315 1121 invito,
1348 1079 1425 1122 quia
1449 1089 1570 1122 cogere
1593 1089 1662 1112 non
1686 1078 1810 1112 debeo:
1842 1084 1881 1112 ut
1903 1078 1946 1112 de

391 1138 504 1171 liberis
524 1138 642 1171 vestris
661 1138 704 1171 ad
723 1138 912 1171 clericatum
929 1138 1080 1179 tradatis,
1106 1138 1298 1172 liberalibus
1315 1137 1431 1170 studiis
1449 1138 1540 1180 prius
1557 1137 1735 1181 diligenter
1750 1137 1928 1173 instructos
1937 1150 1948 1178 ;

391 1202 429 1230 ut
452 1198 517 1240 ipsi
542 1209 602 1240 per
627 1209 702 1237 vos,
731 1197 815 1230 sicut
839 1197 903 1230 alie
928 1203 1058 1240 gentes,
1084 1197 1127 1230 de
1150 1197 1265 1241 lingua
1290 1202 1402 1230 vestra
1425 1197 1615 1230 Latinitatis
1639 1196 1789 1231 conscios
1811 1196 1947 1241 possitis

392 1256 518 1288 habere
550 1255 684 1289 clericos
719 1261 753 1288 et
785 1256 986 1290 sacerdotes.
1082 1256 1151 1289 Ista
1183 1256 1283 1299 igitur
1315 1261 1444 1299 septem
1476 1262 1700 1297 sacramenta,
1733 1267 1798 1299 que
1828 1256 1947 1290 iterum

392 1315 493 1348 vestri
518 1325 619 1347 causa
644 1325 838 1347 enumerare
862 1314 945 1348 libet
971 1335 1010 1339 —
1038 1315 1074 1348 id
1097 1321 1149 1348 est
1173 1315 1390 1358 baptismum,
1420 1314 1720 1355 confirmationem,
1744 1314 1947 1349 infirmorum

392 1374 592 1414 unctionem,
618 1373 861 1413 eucharistiam,
886 1373 1054 1417 lapsorum
1079 1373 1391 1414 reconciliationem,
1417 1373 1606 1417 coniugium
1625 1378 1659 1406 et
1676 1373 1809 1407 ordines
1828 1393 1868 1398 —-—
1886 1385 1947 1417 per

392 1445 465 1473 nos,
490 1432 630 1466 humiles
656 1445 732 1466 suos
758 1433 1006 1476 paranimphos,
1032 1444 1173 1475 sponsus
1199 1432 1331 1466 celestis
1356 1433 1389 1465 in
1414 1444 1523 1466 arram
1546 1443 1625 1466 vere
1649 1431 1835 1466 dilectionis
1853 1432 1946 1466 vobis

393 1491 534 1525 ecclesie
565 1503 604 1524 ac
637 1503 759 1535 sponse
785 1503 843 1525 sue
868 1492 1092 1525 transmittere
1117 1492 1273 1535 dignatus
1299 1497 1360 1525 est.
1410 1492 1622 1535 Quapropter
1646 1491 1736 1525 omni
1757 1491 1884 1525 honore
1907 1501 1947 1524 ac

393 1551 579 1584 reverentia
610 1551 728 1583 eadem
760 1556 968 1583 sacramenta
999 1556 1129 1583 servate
1161 1550 1288 1593 diligite
1322 1557 1356 1584 et
1387 1550 1606 1591 veneramini;
1643 1550 1760 1584 docete
1791 1561 1833 1588 ea
1861 1548 1947 1583 filios

394 1615 538 1650 vestros,
569 1616 605 1642 ut
636 1609 826 1642 memoriter
855 1614 994 1643 teneant
1025 1615 1059 1642 et
1090 1609 1267 1652 diligenter
1298 1610 1476 1643 observent
1503 1609 1537 1642 in
1563 1620 1677 1643 omnes
1701 1608 1946 1652 generationes.

393 1669 480 1702 Ecce
505 1669 635 1702 habetis
662 1668 853 1708 ecclesiam3
877 1668 1008 1701 habetis
1034 1669 1252 1708 sacerdotem,
1279 1669 1320 1701 de
1342 1669 1393 1701 his
1411 1669 1573 1709 omnibus,
1599 1674 1634 1701 et
1650 1678 1854 1711 quecumque
1871 1672 1948 1701 sunt

393 1728 582 1761 necessaria
607 1728 716 1767 vobis,
748 1727 996 1760 habundantius
1020 1739 1078 1760 vos
1103 1727 1266 1760 instrucre
1293 1728 1462 1761 scientem.
1510 1727 1624 1770 Ipsum
1648 1729 1746 1770 ergo,
1774 1726 1858 1759 sicut
1881 1737 1946 1766 me,

395 1787 556 1827 audietis3
582 1787 784 1820 honorantes
810 1792 844 1819 et
868 1791 1017 1820 amantes
1043 1797 1118 1818 eum
1137 1791 1182 1826 et,
1208 1797 1412 1829 quecumque
1429 1786 1522 1820 vobis
1540 1786 1670 1826 dixerit,
1695 1785 1868 1819 facientes.
1903 1785 1947 1818 Et

395 1858 482 1880 nunc
508 1858 571 1889 ego
596 1846 694 1886 vado,
719 1846 838 1878 iterum
863 1845 926 1878 cito
951 1856 1143 1878 reversurus
1169 1845 1212 1878 ad
1237 1857 1306 1879 vos.
1343 1845 1463 1878 Valete
1488 1845 1522 1878 in
1546 1845 1723 1878 Domino“.

517 1913 583 1955 19.
630 1911 754 1955 Forte
776 1911 918 1954 videor
950 1910 1072 1954 alicui
1103 1911 1229 1954 nimis
1261 1910 1446 1967 plenarie
1476 1911 1694 1954 historiam
1725 1910 1875 1966 exequi
1906 1912 1948 1953 et

395 1990 559 2044 longior
591 2003 694 2043 esse,
728 2002 851 2044 quam
883 1988 925 2030 in
957 1988 1031 2030 tali
1063 1988 1302 2031 narratione
1335 1991 1537 2045 oporteat.
1588 1987 1695 2039 Quid
1727 1986 1917 2030 sentitis?

515 2066 678 2108 Timo:
717 2065 849 2120 Perge
881 2078 1028 2120 queso,
1068 2064 1175 2108 sicut
1211 2065 1368 2121 cepisti.
1425 2064 1704 2108 Dilectoribus
1742 2063 1946 2120 siquidem

398 2143 584 2198 Ottonis,
617 2142 814 2199 quicquid
845 2142 895 2185 de
925 2141 997 2184 illo
1029 2145 1112 2196 est,
1152 2140 1346 2197 quoniam
1379 2142 1533 2185 bonum
1565 2145 1648 2197 est,
1691 2140 1944 2198 superfluum

398 2223 470 2262 aut
499 2220 668 2274 longum
699 2219 831 2262 videri
862 2232 946 2261 non
976 2221 1125 2274 potest.

518 2295 775 2339 Sefridus:
806 2295 878 2339 Ibo
909 2295 1083 2350 inquit
1114 2298 1160 2338 ut
1191 2295 1328 2338 vultis.
1375 2294 1599 2350 Postquam
1633 2294 1876 2338 confirmata
1906 2297 1948 2337 et

398 2374 603 2416 instructa
634 2376 697 2416 est
728 2372 902 2416 ecclesia
932 2372 974 2414 in
1006 2371 1184 2425 Pirissa,
1225 2371 1433 2415 uberrime
1467 2371 1675 2415 lacrimati
1711 2370 1946 2428 populoque

398 2451 612 2506 primitivo
644 2453 786 2493 nostro
818 2462 914 2492 caro
947 2448 1095 2492 affectu
1118 2448 1424 2502 valefacientes,
1455 2447 1603 2502 legatis
1635 2461 1710 2490 nos
1741 2447 1946 2491 deducen-

398 2527 531 2582 tibus,
571 2527 622 2570 ad
654 2527 865 2570 civitatem
897 2526 1012 2568 ducis
1045 2525 1260 2568 Caminam
1293 2524 1546 2567 devenimus.
1666 2523 1771 2566 Erat
1806 2525 1945 2566 autem

399 2603 485 2646 illic
518 2604 696 2658 ducissa,
730 2617 834 2646 uxor
865 2602 1058 2645 videlicet
1088 2602 1203 2644 ducis
1234 2601 1452 2656 legittima.
1506 2600 1574 2655 Et,
1606 2600 1705 2643 licet
1733 2601 1842 2643 inter
1871 2612 1946 2655 pa-

399 2693 541 2734 ganos,
575 2680 799 2723 christiane
820 2683 959 2722 tamen
980 2678 1194 2733 religionis
1219 2691 1391 2733 memor,
1423 2677 1474 2720 de
1503 2681 1646 2719 nostro
1678 2676 1858 2720 adventu
1887 2675 1946 2718 le-

399 2756 562 2799 tissima
593 2755 768 2799 efficitur
807 2759 848 2798 et
885 2769 977 2798 cum
1018 2756 1130 2798 omni
1161 2755 1283 2797 domo
1322 2768 1396 2796 sua
1425 2756 1541 2796 tanto
1572 2767 1648 2796 nos
1680 2752 1946 2796 devotissime

400 2833 604 2888 suscepit,
646 2835 799 2887 quanto
831 2836 872 2875 et
903 2832 979 2875 hoc
1008 2832 1157 2874 marito
1195 2831 1360 2887 placere
1401 2843 1554 2885 sueque
1594 2833 1635 2872 et
1672 2829 1784 2872 illius
1820 2827 1946 2872 saluti

400 2910 664 2966 profuturum
700 2921 783 2950 non
814 2908 1031 2951 dubitavit.
1085 2908 1214 2951 Nobis
1252 2907 1403 2951 etenim
1435 2906 1590 2949 Pirisse
1621 2904 1944 2959 demorantibus,

496 3012 522 3033 a.
556 3002 679 3032 lemma:
703 3002 867 3041 Septimum
891 3001 929 3030 N.
1143 3001 1171 3030 b.
1205 3010 1260 3030 om.
1276 3000 1315 3030 N.
