2028 3438
266 371 356 406 1125

264 2207 355 2241 1126

244 2442 299 2471 Iul.
315 2442 353 2472 25

382 242 467 285 728
748 254 988 285 HERBORDI
1016 253 1256 286 mALoens.
1305 255 1391 285 Lm.
1414 253 1431 284 1
1461 251 1518 286 32.
1535 251 1582 285 33

381 360 621 414 humanam,
653 359 862 415 flagellum
895 360 1027 403 divini
1050 359 1269 403 confitetur
1288 359 1444 403 iudicii.
1492 359 1708 404 Postremo
1728 373 1774 404 se
1793 359 1933 418 ipsum

383 436 646 493 culpabilem,
679 450 724 480 se
754 450 873 498 reum
905 437 1074 493 addicit,
1107 437 1179 493 qui
1201 450 1250 480 ea
1270 437 1351 491 die,
1382 450 1465 492 qua
1493 436 1570 480 hec
1599 436 1714 480 fame
1739 437 1933 494 perisset,

381 513 524 556 multis
557 513 734 569 panibus
765 514 1037 557 habundaret.
1084 513 1259 568 Dehinc,
1291 513 1403 555 dicta
1429 512 1612 556 breviter
1638 513 1827 557 oratione
1847 526 1932 570 pro

382 590 523 632 anima
551 590 739 645 iacentis,
771 604 943 633 manum
974 590 1105 633 mittit
1136 589 1189 632 ad
1220 603 1384 645 corpuS,
1416 589 1716 633 cubicularium
1744 589 1934 641 hortatur

380 666 542 710 levare⁶
574 679 726 710 secum.
774 667 833 710 At
861 666 953 709 ille:
986 667 1093 709 Noli
1113 666 1171 709 ait
1192 668 1368 717 domine,
1400 667 1491 709 noli
1509 682 1651 709 sacras
1671 682 1819 711 manus
1838 675 1934 711 atas

380 745 605 800 inquinare
612 760 626 794 ;
649 759 817 786 curram
839 753 875 786 et
894 744 1047 786 vocabo
1069 744 1175 786 alios
1196 759 1246 786 ac
1266 744 1506 800 sepelimus
1527 759 1629 786 eam.
1676 742 1755 787 Cui
1774 743 1933 800 opimo-

380 833 479 876 pus:
519 821 644 863 Absit
681 820 818 875 inquit
856 829 900 862 ut
937 835 1120 863 sororem
1159 835 1311 873 meam,
1340 821 1482 874 filiam
1513 820 1604 863 Ade
1641 822 1766 863 immo
1791 820 1933 876 filiam

381 898 557 950 ecclesie,
591 906 758 953 tanyere
789 899 1027 954 despiciam.
1076 898 1262 940 Por-tabo
1286 906 1505 950 mortuam,
1539 912 1666 953 quam
1685 899 1824 945 vivam
1848 912 1931 954 pa·-

380 976 486 1016 visse
517 975 749 1016 debueram.
775 966 886 1017 ‘Sed
915 982 973 1026 tu,
1005 988 1121 1030 roye,
1155 976 1254 1016 iuva
1284 989 1368 1024 me3
1400 982 1546 1027 certus,
1581 975 1693 1030 quod
1721 990 1749 1016 a
1771 973 1865 1018 Deo
1896 982 1934 1018 et

380 1068 408 1093 a
438 1066 502 1093 me
533 1066 695 1107 quoque
716 1052 942 1093 mercedem
963 1052 1154 1106 accipies.
1203 1049 1276 1093 Ille
1300 1053 1451 1105 autem,
1485 1050 1563 1093 etsi
1582 1050 1755 1094 horrore
1775 1050 1933 1107 pariter

381 1130 423 1170 et
452 1127 583 1170 fetore
604 1126 782 1183 propelli
803 1126 1020 1183 potuisset,
1052 1131 1206 1182 tamen,
1239 1127 1338 1170 dum
1357 1127 1584 1170 luctantem
1614 1130 1657 1176 et
1674 1126 1933 1170 laborantem

378 1204 543 1260 ipsique
575 1204 691 1247 oneri
721 1204 940 1246 humerum
972 1204 1057 1246 iam
1089 1206 1303 1260 aptantem
1326 1204 1451 1259 videt,
1484 1204 1585 1247 vicit
1609 1207 1741 1247 semet
1769 1203 1931 1260 ipsum3

380 1285 422 1324 et
451 1280 605 1324 clausis
636 1281 808 1323 naribus
841 1293 1069 1335 aversoque
1100 1281 1238 1335 vultu,
1271 1281 1440 1324 dorsum
1471 1281 1606 1324 invise
1637 1280 1814 1324 subiecit
1843 1294 1932 1324 sar-

380 1358 490 1411 cine3
524 1362 566 1401 et
596 1371 690 1401 cum
723 1358 917 1414 episcopo
952 1357 1257 1400 communicato
1277 1357 1433 1413 labore,
1465 1358 1518 1401 ad
1539 1356 1789 1414 cimiterium
1809 1357 1932 1401 cada-

379 1448 452 1478 ver
483 1435 658 1478 fetidum
680 1435 917 1491 deportant,
950 1437 1144 1477 cantante
1172 1447 1220 1477 ac
1240 1433 1364 1478 flente
1386 1435 1621 1478 sacerdote:
1653 1436 1749 1478 Heu
1768 1436 1896 1478 miehi
1907 1431 1930 1488 ¹,

379 1513 583 1564 Domine,
618 1514 720 1568 quia
748 1514 921 1568 peceavi
949 1514 1074 1554 nimis
1105 1514 1151 1554 in
1181 1514 1267 1554 vita
1298 1527 1400 1554 mea.
1451 1512 1565 1566 Quid
1591 1513 1761 1568 faciam
1791 1514 1930 1565 miser,

379 1590 453 1631 ubi
469 1589 645 1645 fuyiam
675 1590 762 1631 nisi
790 1590 928 1641 ad'te,
962 1589 1079 1631 Deus
1111 1589 1250 1631 meus?
1299 1590 1499 1631 Miserere
1518 1591 1611 1642 mei,
1645 1590 1743 1632 dum
1773 1590 1932 1632 veneris

378 1667 424 1708 in
455 1668 678 1708 novissimo
709 1667 788 1707 die.

499 1742 568 1784 33.
619 1741 774 1784 Videns
797 1754 908 1796 ergo,
941 1741 1039 1797 quia
1059 1745 1224 1797 tempus
1247 1755 1340 1784 eum
1363 1739 1540 1797 movetz,
1573 1755 1715 1785 omnes
1737 1745 1932 1799 apotecas

380 1832 476 1861 suas
499 1818 676 1874 aperuit,
710 1831 839 1874 panes
862 1821 1072 1873 preparat,
1095 1818 1170 1861 alit
1191 1821 1370 1872 egentes.
1417 1818 1475 1861 Et
1502 1832 1595 1862 ecce
1617 1819 1736 1874 quasi
1766 1818 1819 1862 ad
1841 1819 1932 1862 uni-

379 1894 562 1938 versales
593 1894 801 1937 nundinas
840 1894 891 1936 de
921 1897 1011 1936 tota
1046 1895 1262 1950 provincia
1291 1895 1579 1938 famelicorum
1609 1895 1730 1938 turbe
1760 1908 1932 1939 concur-

379 1975 491 2026 runt,
523 1972 574 2014 de
606 1971 870 2014 monasteriis
903 1971 1085 2013 virorum
1118 1985 1167 2014 ac
1194 1972 1443 2014 feminarum
1472 1972 1674 2028 prepositi
1696 1985 1743 2016 ac
1764 1972 1932 2029 dispen-

381 2053 560 2102 satores,
601 2061 827 2103 omnesque
859 2061 961 2102 quos
994 2061 1197 2090 annorum
1229 2052 1391 2102 egestas
1431 2042 1665 2104 premebat,
1705 2049 1758 2092 ad
1791 2062 1932 2105 prom-

380 2125 518 2167 tuaria
550 2125 736 2181 episcopi
768 2128 952 2179 currunt,
986 2129 1155 2180 sperata
1186 2124 1372 2168 subsidia
1403 2126 1492 2168 sine
1522 2139 1640 2168 mora
1659 2125 1929 2170 invenientes.

381 2200 568 2255 Cumque
607 2201 754 2244 messis
794 2201 1149 2259 appropinquaret
1188 2205 1229 2244 et
1267 2205 1428 2244 mature
1466 2202 1549 2245 iam
1588 2205 1748 2257 segetes
1778 2202 1932 2258 ubique

379 2277 565 2320 locorum
585 2278 734 2320 falcem
756 2277 1030 2334 postularent,
1062 2278 1194 2320 multa
1216 2278 1331 2321 milia
1350 2278 1520 2321 falcium
1540 2279 1807 2335 pauperibus,
1829 2293 1931 2335 quos

379 2358 467 2396 toto
500 2368 607 2396 anno
632 2354 805 2408 aluerat,
836 2359 1061 2410 preparata
1082 2355 1275 2398 distribui
1295 2355 1404 2399 fecit.
1451 2356 1591 2411 Atque
1612 2356 1777 2399 refectis
1799 2357 1931 2399 omni-

381 2430 471 2485 bus,
502 2431 547 2472 in
578 2431 804 2473 festivitate
835 2431 946 2474 beati
977 2431 1134 2474 Iacobi:
1167 2433 1275 2474 Eece
1302 2431 1439 2487 inquit
1459 2436 1579 2488 pater
1599 2433 1780 2489 optimus
1800 2434 1933 2488 filioli

380 2510 481 2556 mei,
515 2517 626 2550 terra
659 2523 799 2550 eoram
830 2509 944 2551 vobis
977 2518 1053 2561 est,
1076 2509 1205 2563 finita
1237 2518 1295 2551 est
1325 2511 1485 2551 dierum
1515 2510 1690 2552 malitia.
1736 2508 1794 2552 Et
1824 2509 1930 2552 acei-

380 2583 499 2638 piens
532 2583 716 2637 singulas
748 2584 889 2639 falces,
922 2584 1106 2639 singulos
1137 2585 1297 2627 addidit
1318 2585 1528 2628 denarios:
1562 2586 1783 2640 unicuique
1804 2586 1930 2629 dena-

380 2660 489 2701 rium
522 2664 564 2702 et
594 2660 757 2715 falcem,
790 2661 1114 2704 instrumentum
1146 2662 1282 2717 operis
1315 2665 1356 2705 et
1382 2662 1588 2705 viaticum.
1638 2662 1788 2718 Sicque
1819 2663 1930 2707 vale—

475 2797 502 2817 a.
533 2788 670 2818 levavare
693 2790 732 2818 N.

478 2858 508 2891 1.
534 2857 590 2891 De
619 2857 687 2892 hoc
719 2860 948 2903 responsorio
973 2870 1008 2894 v.
1032 2860 1176 2894 Rituale
1200 2860 1402 2895 Romanum
1430 2858 1615 2905 „officium
1647 2859 1926 2895 defunetorum“

381 2915 441 2957 (in
474 2915 634 2950 secundo
667 2920 873 2959 nocturno).
1018 2919 1051 2953 2.
1085 2917 1140 2954 Cf.
1166 2919 1184 2953 1
1209 2917 1371 2953 Maccab.
1390 2919 1445 2964 12,
1467 2919 1505 2953 1:
1533 2918 1609 2963 „Et
1633 2918 1724 2954 vidit
1746 2918 1927 2964 Ionathas,

380 2974 465 3020 quia
489 2978 633 3020 tempus
658 2984 740 3010 eum
765 2975 901 3012 iuvat“.
