2028 3438
408 255 493 298 782
768 267 1007 299 Hennonm
1035 267 1276 298 omnoens.
1323 268 1409 298 Lm.
1433 267 1467 297 11
1495 263 1553 298 35.
1569 264 1616 298 36

291 371 382 407 1124
406 372 518 414 Atque
542 372 626 415 proh
652 371 756 413 dolor,
782 372 869 405 iuste
892 372 1103 412 factumest,
1129 372 1218 415 quod
1241 371 1403 411 homines,
1428 370 1551 414 ingrati
1575 370 1619 404 ad
1642 370 1743 414 vitet}
1763 381 1811 405 sse
1828 371 1960 410 temti

406 431 517 463 divine
541 430 693 471 bonitati,
718 442 778 474 pro
802 431 889 464 malo
914 430 1122 474 blasphemie
1146 442 1205 463 sue
1230 435 1337 463 morte
1361 429 1502 469 multati,
1527 429 1721 463 resuscitari
1737 431 1958 464 munet-ue-

405 495 499 529 runt3
525 501 599 522 cum
621 495 734 523 tamen
758 489 888 523 illorum
904 489 1111 523 resuscitatio
1128 489 1255 522 recenti
1272 488 1423 529 ecclesie,
1449 488 1726 531 quemadmodum
1741 478 1974 529 et'b'xtihctio,

405 548 497 582 lucro
522 548 650 581 fuisset.
746 549 811 581 Ast
834 549 889 582 hic
912 548 1107 581 Herbordus
1133 559 1236 591 quare
1261 548 1305 580 ad
1329 547 1391 580 hec
1415 547 1526 580 omnia.
1550 547 1663 580 silet?
1746 567 1748 570 -
1811 561 1832 578 ..·
1846 560 1921 579 ιω..

525 607 666 650 Egone?
692 607 881 650 inquam:
907 607 996 640 Satis
1022 611 1176 649 superest
1199 605 1264 639 illis
1289 611 1401 639 vestra
1426 606 1467 639 de
1492 605 1620 639 illorum
1645 608 1767 640 morte
1775 605 1960 646 sententia

408 667 469 699 sed
493 671 606 699 tamen
630 666 717 699 circa
741 666 815 705 hoc,
845 666 953 708 quoda
978 664 1166 698 resuscitati
1191 676 1257 698 non
1283 670 1370 705 sunt,
1396 665 1486 707 quod
1509 665 1617 698 sentio
1642 665 1768 705 dicam,
1777 664 1816 698 si
1833 663 1960 708 plmet.

407 725 447 758 In
470 725 616 758 historiis
642 724 792 758 omnibus
812 730 886 757 ⁴tam
910 724 1031 757 veteris
1056 735 1155 766 quam
1179 723 1256 756 novi
1279 724 1481 764 testamenti,
1505 724 1564 757 ubi
1587 736 1607 756 a.
1623 723 1800 767 prophetis
1816 728 1852 756 et
1875 734 1959 766 apo-

408 784 501 817 stolis
526 784 580 816 vel
611 784 654 816 ab
684 784 757 826 ipso
782 784 924 816 Domino
954 782 1074 816 mortui
1105 782 1292 815 resuscitati
1321 782 1497 825 leguntur,
1527 788 1586 816 aut
1614 783 1683 816 fide
1698 787 1766 816 aut
1795 781 1961 825 pdic'ione

408 842 667 886 propinquorum
698 842 733 875 id
765 842 918 875 effectum
950 841 1134 875 considero.
1183 841 1239 874 Sic
1262 840 1419 874 Heliseus
1450 841 1516 874 fide
1547 842 1662 877 matris
1689 853 1830 886 puerum
1849 841 1959 877 sueni·-

408 902 524 942 tavit1,
558 901 605 935 sic
634 901 754 934 Petrus
785 901 961 933 Thabitam
971 900 996 940 ²,
1030 900 1077 933 sic
1109 905 1143 932 et
1167 900 1326 933 Dominus
1352 900 1514 934 Lazarum
1545 913 1565 933 a
1594 901 1731 935 mortuis
1759 900 1960 937 revooevitst.

409 961 527 1001 Unde,
552 961 580 994 si
603 960 688 993 fides
713 966 771 993 aut
794 959 910 1003 petitio
935 959 1157 1002 proximorum
1181 967 1242 1002 pro
1267 959 1320 992 his
1343 959 1600 1002 interpellasset,
1626 960 1784 1004 episcopo
1806 961 1962 994 virtutem

408 1020 473 1054 Dei
498 1020 541 1053 ad
565 1011 758 1052 miraculum
781 1030 848 1051 non
873 1018 1030 1058 defuisse,
1055 1018 1137 1051 haut
1161 1018 1296 1051 dubium
1322 1024 1383 1051 est.
1421 1018 1502 1058 Quis
1527 1018 1672 1052 sanctior
1689 1018 1847 1054 Christo?
1867 1025 1903 1054 et
1919 1020 1962 1053 de

408 1080 482 1122 ipso
514 1078 724 1121 euangelista.
755 1077 865 1110 dicere
896 1089 963 1110 non
994 1082 1182 1110 cunctatur:
1218 1077 1314 1119 „Non
1345 1083 1478 1120 poterat
1510 1083 1622 1111 autem
1651 1078 1745 1112 Iesus
1776 1078 1824 1113 ibi
1842 1079 1962 1113 >fucere

410 1138 583 1181 quicquam
616 1142 753 1180 propter
783 1136 913 1169 illorum
944 1135 1228 1170 incredulitatem“
1241 1137 1266 1169 ⁴.
1315 1136 1403 1169 Hinc
1434 1136 1646 1170 manifestum
1677 1143 1747 1179 est,
1781 1138 1962 1172 viventium

409 1198 510 1230 fidem
533 1196 756 1229 necessariam
781 1207 856 1228 esse
881 1195 924 1228 ad
948 1202 1151 1228 mortuorum
1175 1195 1470 1228 resuscitationem.
1520 1196 1565 1228 Et
1588 1196 1631 1229 de
1655 1196 1839 1240 paralitico,
1863 1207 1962 1240 quem

409 1268 470 1300 per
500 1255 632 1299 tegulas
665 1254 842 1298 propinqui
872 1254 1096 1287 submiserunt
1126 1259 1204 1287 ante
1228 1254 1357 1294 Iesum,
1389 1254 1482 1294 vide,
1515 1254 1595 1297 quid
1619 1255 1710 1288 dicat
1734 1254 1960 1299 euangelium:

413 1316 477 1358 „Et
507 1314 624 1347 videns
657 1314 750 1347 Iesus
782 1313 883 1346 fidem
913 1313 1061 1353 illorum,
1092 1313 1175 1346 dixit
1205 1313 1394 1356 paralitico:
1431 1313 1567 1356 „„Tolle
1596 1313 1719 1347 lectum
1742 1315 1903 1351 tumst!
1927 1319 1962 1347 et

410 1380 532 1407 cetera.
629 1373 698 1406 Sed
723 1372 836 1406 audite
856 1383 958 1415 queso
976 1372 1095 1405 adhue.
1132 1373 1230 1406 Dona
1246 1372 1311 1405 Dei
1327 1372 1459 1405 diversa
1476 1384 1561 1413 esse,
1587 1373 1660 1416 quis
1676 1373 1824 1407 nesciat?
1860 1373 1962 1408 Petro

410 1433 524 1466 datum
549 1437 616 1465 est:
646 1437 792 1465 mortuos
818 1431 989 1471 suscitare,
1014 1431 1160 1464 infirmos
1186 1442 1313 1471 curare,
1338 1431 1496 1464 demones
1521 1432 1680 1475 effugare,
1705 1432 1837 1476 aliaque
1859 1433 1963 1468 multo.

410 1492 443 1524 in
468 1492 557 1524 hunc
580 1491 715 1524 modum
739 1490 924 1533 corporalia
948 1490 1111 1523 beneficia
1136 1495 1286 1533 prestare
1311 1501 1372 1533 per
1387 1490 1556 1531 miracula,
1582 1491 1700 1534 quibus
1717 1491 1762 1524 ad
1778 1490 1963 1534 spiritualia

410 1552 499 1584 bona
529 1562 606 1584 suos
638 1549 787 1583 alliceret
819 1549 1006 1588 auditores3
1038 1555 1214 1591 argentum
1243 1554 1355 1582 autem
1380 1555 1414 1582 et
1438 1561 1572 1590 aurum,
1605 1549 1695 1593 quod
1716 1549 1831 1593 egenti
1854 1550 1962 1590 daret,

410 1622 477 1643 non
501 1610 666 1648 habebat,
701 1608 785 1641 sicut
808 1608 881 1650 ipse
907 1608 1047 1650 pauperi
1070 1607 1188 1641 claudo
1213 1608 1333 1651 stipem
1358 1609 1509 1651 poscenti
1531 1608 1720 1652 respondit:
1739 1609 1971 1652 ,Argentum

411 1675 446 1702 et
469 1680 584 1701 aurum
607 1679 675 1701 non
700 1672 752 1700 est
775 1666 892 1705 michi;
919 1666 1008 1708 quod
1033 1672 1143 1699 autem
1167 1667 1287 1707 habeo,
1312 1668 1376 1700 hoc
1397 1667 1459 1700 tibi
1475 1668 1537 1701 do“
1549 1668 1574 1700 ⁶.
1611 1667 1680 1701 Sed
1695 1668 1738 1701 ab
1755 1678 1807 1708 eo,
1832 1667 1888 1712 qui
1905 1668 1964 1701 dat

410 1728 467 1760 uni
492 1727 610 1770 cuique
634 1731 733 1769 prout
757 1726 862 1765 vult⁷‚
888 1725 1005 1759 Ottoni
1029 1725 1143 1758 datum
1168 1731 1236 1758 est:
1261 1726 1382 1759 multas
1407 1738 1488 1769 opes
1512 1726 1638 1760 habere
1661 1737 1736 1759 cum
1759 1726 1909 1760 bonitate
1928 1732 1964 1760 et

409 1787 567 1830 largitate
591 1785 787 1818 admirabili.
824 1785 925 1817 Petro
951 1784 1051 1826 igitur
1076 1789 1209 1824 orante,
1236 1785 1385 1818 Christus
1408 1785 1585 1828 languidos
1610 1791 1644 1818 et
1668 1785 1795 1819 debiles
1819 1785 1945 1819 curavit
1952 1798 1962 1826 ς

412 1847 536 1879 Ottone
568 1851 679 1878 autem
709 1844 891 1887 largiente,
926 1843 1074 1876 Christus
1099 1843 1230 1876 vincula
1255 1849 1289 1876 et
1313 1844 1522 1887 captivitates
1547 1844 1699 1878 absolvit.
1741 1844 1834 1878 Petri
1857 1845 1962 1879 oratio

412 1911 446 1938 et
478 1904 610 1938 Ottonis
646 1903 778 1946 largitio
809 1902 842 1934 in
876 1901 1017 1935 salutem
1048 1902 1163 1945 populi
1193 1903 1236 1935 ab
1267 1915 1332 1936 uno
1367 1903 1496 1937 Christo
1530 1904 1820 1947 dispensabantur.
1867 1903 1963 1937 Alter

412 1964 607 2002 sanctitate,
634 1961 718 1995 alter
742 1961 941 1994 liberalitate
966 1961 1115 2004 pollebat
1122 1973 1132 2000 ;
1161 1961 1217 1994 ille
1241 1962 1476 2005 prodigaliter,
1502 1963 1565 1996 iste
1588 1960 1771 1996 liberaliter
1793 1962 1962 1996 beneficus

412 2029 484 2056 erat
493 2035 502 2063 3
527 2028 666 2064 uterque
692 2032 842 2054 carceres
867 2012 1016 2063 aperuit,
1041 2017 1194 2053 vinculab
1219 2020 1334 2061 solvit,
1359 2022 1420 2054 sed
1443 2022 1498 2055 ille
1523 2032 1640 2064 prece,
1665 2022 1729 2054 iste
1752 2021 1864 2064 precio
1873 2034 1884 2062 ;
1906 2021 1963 2055 ille

411 2088 557 2115 mortuos
587 2080 776 2120 suscitavit,
807 2079 889 2120 iste,
921 2090 964 2112 ne
985 2085 1195 2112 morerentur
1219 2080 1387 2120 hominos,
1418 2082 1550 2114 morbos
1573 2080 1713 2123 fugavit.
1761 2080 1852 2120 Quid
1874 2080 1963 2114 euim

411 2141 516 2174 fames
542 2140 612 2173 sitis
637 2138 714 2182 gelu
740 2144 775 2171 et
799 2138 865 2171 alia
888 2138 1096 2172 incommoda
1120 2138 1188 2171 vite
1212 2144 1324 2172 nostre
1348 2139 1413 2172 nisi
1437 2140 1543 2173 morbi
1567 2141 1668 2172 sunt?
1706 2139 1771 2179 Qui
1793 2139 1858 2172 nisi
1879 2150 1960 2173 eon-

412 2200 502 2242 gruis
527 2199 715 2242 effugentur
738 2197 922 2237 medicinis,
947 2197 1096 2240 profecto
1122 2197 1320 2240 extinguunt
1342 2198 1519 2231 hominem.
1567 2198 1645 2231 Non
1668 2204 1781 2232 tamen
1805 2198 1963 2232 Ottonem

410 2259 512 2291 Petro
536 2270 589 2291 me
613 2258 787 2300 quisquam
810 2262 905 2299 putet
921 2256 1007 2289 velle
1023 2256 1190 2298 adequare
1198 2269 1208 2296 3
1232 2257 1295 2290 nisi
1321 2257 1406 2290 forte
1431 2263 1468 2290 ut
1482 2257 1656 2290 Mantuam
1672 2257 1790 2298 Rome,
1814 2262 1852 2290 ut
1866 2256 1963 2290 Maro

412 2317 556 2359 quadam
580 2316 803 2360 proportionis
827 2316 956 2348 ratione
980 2326 1034 2347 res
1059 2314 1195 2357 equales
1220 2315 1327 2358 fingit,
1353 2316 1485 2349 dicens:

699 2375 774 2417 „Sic
798 2374 935 2407 canibus
960 2373 1098 2413 catulos,
1123 2373 1170 2406 sic
1194 2375 1324 2417 magnis
1349 2375 1508 2408 matribus
1533 2374 1657 2407 hedos“
1670 2375 1695 2414 ⁸,

412 2434 596 2467 assimilant
604 2446 613 2473 ς
645 2439 764 2466 nature
789 2433 914 2466 scilicet
939 2443 978 2465 ac
1001 2432 1106 2465 forme
1131 2433 1365 2475 proportione,
1390 2445 1457 2466 non
1481 2433 1710 2476 magnitudine
1734 2433 1881 2477 corporis
1905 2438 1963 2466 aut

412 2493 607 2535 quantitate.
704 2492 773 2526 Sed
798 2498 844 2532 tu,
870 2492 960 2534 quod
984 2491 1113 2533 cepisti,
1139 2490 1264 2524 evolve.

530 2560 598 2600 36.
649 2558 912 2601 Sefridus:
950 2558 1186 2601 Destructis
1217 2559 1345 2613 igitur
1375 2558 1497 2612 faniS,
1529 2557 1682 2600 collisis
1714 2556 1960 2611 simulacris,

413 2634 586 2677 multato
609 2635 807 2677 divinitus
839 2635 1065 2689 sacerdote,
1098 2635 1273 2678 victoria
1293 2635 1424 2678 crucis
1448 2634 1635 2688 erigitur,
1668 2637 1962 2676 construuntur

413 2711 677 2766 baptisteria3
710 2711 821 2753 dolia
849 2712 975 2754 humo
997 2711 1268 2766 infodiuntur,
1299 2712 1470 2754 cortinis
1490 2710 1693 2753 velantur.
1740 2709 1961 2753 Omnibus-

509 2824 534 2845 a.
567 2825 623 2844 om.
640 2816 687 2851 N,·
708 2816 811 2854 recepi
832 2826 870 2846 em
893 2817 930 2846 B.
1075 2817 1104 2846 b.
1136 2816 1254 2846 vincula
1276 2816 1366 2846 solvit
1387 2826 1442 2846 om.
1458 2816 1493 2845 N
1496 2828 1506 2851 ‚·
1527 2815 1629 2854 recepi
1653 2825 1689 2844 ex
1711 2815 1749 2844 Β.

509 2874 540 2907 1.
566 2873 590 2907 4
605 2873 695 2916 Reg.
713 2873 746 2916 5,
771 2873 829 2908 34.
933 2875 966 2908 2.
992 2873 1073 2909 Act.
1092 2884 1149 2918 ap.
1168 2874 1200 2918 9,
1225 2873 1283 2908 40.
1388 2875 1421 2908 3.
1446 2872 1521 2908 Ioh.
1542 2874 1596 2917 ll,
1621 2873 1678 2908 43.
1775 2872 1808 2907 4.
1834 2870 1959 2907 Matth.

413 2932 469 2976 13,
495 2932 552 2966 58.
663 2930 697 2965 5.
722 2930 848 2965 Matth.
867 2932 900 2976 9,
926 2932 958 2966 2.
978 2934 1011 2967 6.
1120 2933 1153 2967 6.
1180 2930 1262 2967 Act.
1282 2942 1340 2976 ap.
1357 2932 1391 2976 3,
1417 2932 1449 2966 6.
1560 2932 1592 2965 7.
1619 2928 1673 2966 Cf.
1694 2931 1710 2965 1
1730 2930 1811 2966 Cor.
1831 2931 1885 2975 12,
1904 2931 1959 2965 11.

412 2990 445 3024 8.
473 2988 526 3025 Of.
545 2989 646 3033 Virg.
665 2988 762 3024 Eccl.
782 2989 813 3033 1,
839 2989 896 3024 23.
