2028 3438
404 240 488 282 796
795 253 1031 283 nannonm
1064 252 1301 284 DIALOGUS.
1349 253 1435 283 Lm.
1458 252 1508 282 111
1538 250 1559 283 5

239 367 329 421 1123
403 357 527 400 matis
566 357 784 414 solutoque
822 361 916 402 cetu
952 360 1201 416 primatum,
1229 342 1324 401 ¹dux
1364 371 1456 401 cum
1490 358 1699 415 episcopor
1718 371 1956 414 remanens,-

179 416 249 453 p⁰⁸t
269 414 390 446 Mffl'w
403 434 453 478 de
483 434 562 489 his,
596 449 675 491 que
706 439 802 492 post
833 436 992 491 agenda
1013 435 1273 490 videbantur,
1305 438 1347 478 et
1371 435 1421 478 de
1454 435 1744 492 progressione
1764 434 1830 479 vel
1850 449 1951 492 quo-

402 525 500 555 nam
539 511 784 567 diverteret,
825 513 1044 556 consilium
1084 512 1241 556 habuit.
1298 511 1511 568 Multaque
1549 512 1774 556 devocione
1802 512 1952 556 studiis

403 589 587 645 episcopi
625 590 782 644 gratias
824 603 969 644 agens:
1009 591 1116 632 Ecce
1153 588 1290 644 inquit
1327 598 1438 632 terra
1470 592 1602 632 omnis
1633 575 1843 634 ooo-amre
1872 598 1951 640 εει,-

400 682 567 709 securus
599 676 695 719 esto,
730 669 877 710 domne
904 676 1027 724 pater
1036 683 1049 717 ,·
1081 682 1166 709 non
1198 675 1269 719 est,
1303 668 1379 722 qui
1408 667 1485 709 tibi
1513 668 1785 720 contradicat,
1817 668 1950 710 maio-

401 744 516 786 ribus
548 753 650 786 natu
681 759 730 786 ae
755 744 1022 800 principibus
1054 745 1241 787 omnibus
1269 746 1356 786 iam
1377 744 1465 799 fide
1483 744 1663 786 imbutis.
1710 742 1803 799 Qui,
1835 755 1951 788 secu-

401 820 525 863 ritate
555 820 699 874 fretus,
732 820 907 863 antistes
939 820 1057 876 quasi
1089 819 1280 876 exemplo
1311 819 1469 862 domini
1490 819 1582 863 Iesu
1612 819 1732 863 binos
1761 822 1803 864 et
1832 819 1952 864 binos

402 897 452 940 de
494 897 710 954 discipulis
749 897 835 940 suis
866 897 1136 953 premittebat
1167 900 1263 939 ante
1293 896 1440 940 faciem
1473 910 1591 940 suam
1622 897 1666 940 in
1698 910 1863 941 omnem
1894 897 1952 940 ci·-

400 975 574 1018 vitatem
621 977 662 1017 et
705 974 864 1029 locum,
913 988 993 1030 quo
1033 977 1123 1017 erat
1160 974 1250 1030 ipse
1288 977 1500 1017 venturus.
1630 973 1815 1029 Contigit
1853 987 1952 1029 ergo

401 1051 641 1094 Udalricum
674 1054 715 1094 et
744 1051 984 1094 Albwinum
1025 1052 1128 1095 duos
1168 1052 1421 1108 presbiteros
1453 1050 1578 1094 simul
1615 1054 1835 1108 pergentes
1865 1050 1952 1095 Ho-

400 1128 604 1183 logostam
641 1128 822 1183 intrare⁷
861 1128 932 1171 ubi
965 1142 989 1171 a
1019 1131 1212 1172 matrona
1243 1129 1443 1184 quadam,
1476 1142 1605 1173 uxore
1635 1128 1828 1173 videlicet
1857 1141 1952 1185 pre-

398 1205 510 1260 fecti,
543 1205 728 1261 hospicio
761 1206 942 1262 suscepti
974 1209 1098 1261 atque
1130 1206 1231 1249 satis
1262 1206 1442 1249 humane
1473 1206 1642 1250 tractati
1665 1202 1798 1250 sunt¹.
1843 1204 1951 1249 Nam

399 1282 486 1337 hec,
521 1283 709 1337 quamvis
742 1296 919 1338 pagana,
952 1283 1129 1326 multum
1161 1283 1438 1339 hospitalitati
1470 1283 1610 1326 dedita
1639 1283 1720 1326 fuit
1743 1296 1790 1327 ac
1811 1282 1951 1326 divino

399 1359 540 1402 timori
581 1372 628 1402 ac
659 1359 856 1414 religiosa
886 1360 1027 1415 valde,
1067 1360 1168 1403 adeo
1203 1364 1247 1403 ut
1278 1363 1387 1403 esset
1418 1360 1477 1403 eis
1510 1359 1804 1403 ammirationi.
1851 1358 1953 1403 Post

398 1436 666 1479 refectionem
709 1450 805 1479 vero
842 1437 1080 1491 Albwinus,
1125 1436 1310 1480 Sclavice
1349 1437 1489 1491 lingue
1528 1450 1703 1492 gnaru8‚
1740 1439 1951 1480 matrone·

399 1513 531 1556 adhuc
562 1513 772 1567 ignoranti
803 1528 891 1557 rem
924 1528 1088 1557 omnem
1120 1517 1277 1557 secreto
1311 1514 1458 1570 aperit,
1496 1514 1655 1558 scilicet
1684 1513 1855 1570 quinam
1887 1526 1950 1557 es-

397 1594 490 1633 sent
522 1593 562 1634 et
594 1605 720 1646 quare
753 1591 1030 1634 advenissent.
1080 1591 1138 1634 At
1163 1591 1236 1634 illa
1258 1591 1524 1635 vehementer
1544 1591 1743 1634 attonita:
1775 1591 1848 1634 Me
1870 1593 1949 1634 mi-

396 1683 531 1710 seram
568 1668 705 1723 inquit
737 1684 759 1711 o
792 1671 954 1711 domini
990 1671 1089 1721 mei,
1133 1683 1262 1724 quare
1292 1671 1350 1711 ad
1378 1684 1442 1711 me
1471 1669 1687 1712 intrastis?
1737 1669 1807 1711 De
1836 1668 1950 1711 vobis

397 1747 505 1787 enim
536 1747 621 1787 iam
653 1747 771 1802 apud
799 1748 1066 1801 ‘maqistratus
1089 1747 1189 1788 data
1221 1748 1419 1788 sententia
1443 1754 1512 1798 est,
1547 1754 1584 1789 et
1613 1747 1663 1788 de
1685 1760 1749 1788 me
1772 1759 1947 1802 quoque,

397 1824 436 1864 si
464 1837 535 1865 vos
565 1837 649 1865 non
673 1824 917 1879 prodidero.

516 1898 710 1942 Tiemo:
742 1898 924 1942 Putasne
957 1898 1024 1942 hic
1055 1898 1322 1955 trepidabant
1353 1897 1558 1955 apostoli?

517 1975 774 2019 Sefridus:
807 1976 915 2019 Reor
937 1975 1152 2031 inquit&
1184 1989 1282 2019 nam
1303 1976 1394 2032 ipse
1415 1975 1634 2019 Udalricus
1655 1978 1811 2030 noster,
1832 1974 1948 2018 cuius

397 2053 599 2095 memoria
632 2066 796 2109 semper
827 2054 869 2095 in
903 2053 1188 2096 benedictione
1219 2053 1287 2108 sit,
1319 2056 1367 2095 ut
1396 2055 1542 2109 postea
1563 2065 1662 2109 sepe
1682 2051 1812 2095 iocari
1842 2051 1949 2095 sole—

396 2129 488 2184 bat⁷
529 2130 656 2172 tutior
695 2129 747 2172 ad
784 2129 912 2173 larem
952 2131 1085 2173 sancti
1115 2130 1257 2184 Egidii
1289 2130 1464 2173 sedisset
1494 2142 1589 2173 cum
1620 2128 1830 2172 sororibus
1862 2128 1947 2172 suis

397 2206 437 2248 in
461 2206 712 2250 Babenberc.
837 2206 918 2250 Sed
950 2207 1092 2249 divina
1123 2207 1343 2250 elementia
1373 2219 1514 2249 servos
1539 2219 1635 2249 suos
1656 2206 1809 2261 ubique
1838 2205 1947 2249 tueri

396 2284 523 2326 novit.
572 2283 678 2326 Nam
711 2287 901 2326 matrona
932 2283 1017 2338 illa,
1051 2283 1250 2326 divinitus
1282 2287 1328 2326 ut
1359 2287 1458 2339 puto
1491 2283 1765 2337 commonita,
1804 2282 1847 2325 in
1878 2295 1947 2325 su-

397 2360 551 2415 periori
589 2360 768 2415 quodam
799 2360 993 2403 cenaculo
1026 2373 1096 2403 eos
1128 2359 1343 2403 abscondit
1374 2363 1415 2403 et
1446 2360 1564 2414 quasi
1593 2359 1709 2402 Raab
1739 2359 1946 2403 Ierichon-

397 2437 498 2491 tina,
531 2450 583 2480 ne
616 2437 902 2492 proderentur,
935 2436 1081 2479 effecit.
1129 2436 1401 2491 Equitaturas
1430 2436 1581 2479 etenim
1604 2435 1770 2478 illorum
1792 2438 1834 2479 et
1854 2448 1944 2478 sar-

397 2514 525 2568 cinas,
558 2517 599 2556 et
630 2526 871 2568 quecunque
904 2513 1054 2557 habere
1086 2516 1291 2569 poterant,
1324 2512 1396 2556 illa
1425 2526 1498 2569 per
1520 2526 1669 2568 pueros
1691 2525 1787 2555 suos
1809 2511 1944 2555 subito

398 2594 517 2632 extra
555 2590 766 2633 civitatem
798 2590 944 2633 deduci
976 2593 1016 2633 et
1047 2590 1089 2632 in
1123 2590 1265 2645 predio
1298 2603 1371 2632 suo
1402 2588 1593 2632 collocari
1624 2588 1733 2632 fecit.
1787 2587 1944 2639 Quibus

398 2666 604 2721 deductis,
638 2679 729 2709 ecce
760 2666 1012 2720 gladiatores
1044 2669 1086 2709 et
1116 2666 1238 2709 turba
1269 2666 1413 2722 populi
1443 2679 1535 2707 cum
1568 2665 1663 2708 telis
1696 2668 1736 2708 et
1765 2665 1943 2708 fustibus

398 2746 508 2785 tecta
547 2746 735 2785 matrone
766 2743 1023 2799 irrumpunt,
1064 2756 1158 2785 cum
1188 2742 1370 2785 tumultu
1401 2746 1443 2785 et
1473 2741 1652 2784 clamore
1683 2741 1819 2784 valido
1849 2741 1943 2784 illos

398 2819 561 2872 ignotos
600 2819 788 2862 homines
831 2819 909 2862 sibi
942 2819 1128 2862 exhiberi
1159 2819 1360 2862 iubentes.
1406 2819 1464 2861 At
1492 2818 1585 2861 illa:
1625 2819 1779 2861 Fateor
1808 2817 1944 2873 inquit

398 2897 578 2938 homines
610 2898 746 2951 iynotz‘
771 2911 820 2938 ac
839 2899 1064 2952 peregrini,
1097 2906 1143 2939 ut
1162 2911 1256 2952 sepe
1276 2897 1419 2948 solent,
1454 2896 1511 2937 ad
1530 2910 1593 2937 me
1613 2895 1942 2943 declinaveram&

490 2998 516 3019 a.
549 2989 675 3018 matroni
698 2988 736 3018 N.
881 2988 911 3017 b.
942 2989 1062 3026 inquam
1086 2988 1123 3018 N.
1387 2982 1418 3016 l.
1445 2979 1499 3017 Cf.
1517 2979 1596 3015 Ebo
1613 2980 1664 3016 III
1682 2981 1714 3015 7.
