2028 3438
558 213 782 247 numum
810 214 981 247 cons».
1032 213 1110 248 104.
1131 212 1197 248 105
1583 202 1667 247 191

86 315 420 377 timum-kretes
446 321 529 366 'tibi
560 334 687 379 quam
716 322 928 366 maximas
959 325 1087 379 prout
1107 322 1275 378 egregio
1295 321 1410 366 fideli
1429 322 1666 366 referimus.
1691 333 1895 369 1084-1102

93 397 184 442 Hoc
212 397 343 454 igitur
372 398 419 442 in
448 402 491 443 te
521 399 752 458 plurimum
782 399 1004 444 laudamus
1037 403 1079 444 et
1110 413 1313 456 amamus,
1352 400 1465 456 quod
1494 403 1670 457 propter

84 468 286 520 montrum
323 475 526 520 honorem
564 476 672 533 illis,
712 478 784 535 qui
821 478 867 521 in
902 481 1100 521 nostrum
1132 478 1336 522 auxilium
1370 478 1513 521 venire
1545 477 1669 521 debe-

83 544 215 610 {bs-fitz,
242 548 474 599 'collectam
511 555 759 612 pecuniam⁰
798 555 997 600 dividere
1020 555 1204 599 voluisti.
1261 554 1464 599 Volumus
1504 558 1666 599 autem:

84 622 140 677 lut
156 631 355 693 ‘'apud-te
378 634 583 688 servetur,
616 633 654 676 si
673 634 860 677 nondum
883 647 977 677 eam
999 633 1194 689 divisisti,
1226 633 1359 678 donec
1378 633 1457 677 tibi
1477 635 1666 676 nostram

82 701 191 755 inde
213 702 472 754 voluntatem
504 723 582 767 per
611 713 802 755 nostrum
835 711 1036 756 nuncium
1068 715 1111 755 et
1139 711 1304 755 litteras
1336 711 1645 755 mandabimus.

81 795 85 809 ²
198 782 486 844 'thuoniam
507 787 583 831 tibi
618 791 660 831 et
681 788 777 833 aliis
809 789 1073 846 principibus
1094 789 1252 832 nostris
1272 802 1350 846 per
1369 791 1538 832 nostros
1558 801 1667 831 nun-

79 862 186 922 fios,
216 867 267 909 ut
296 859 353 909 ad
372 860 572 910 nostrum
592 866 786 911 venirent
817 867 1085 923 colloquium,
1117 866 1426 922 mandavimus,
1457 866 1665 922 volumus,

80 946 141 987 :ut
157 943 305 988 'venias
333 947 380 989 et
410 943 520 999 aliis,
551 947 600 988 ut
621 944 805 1000 veniant,
837 943 974 988 modis
1007 944 1201 988 omnibus
1233 944 1432 999 suadeas3
1467 944 1666 1000 quoniam

89 1024 228 1066 tecum
267 1025 310 1065 et
347 1034 444 1065 cum
480 1020 566 1065 illis
605 1025 788 1067 tractare
827 1022 1020 1066 volumus
1070 1022 1122 1066 de
1159 1022 1317 1065 honore
1356 1021 1492 1065 nostri
1531 1022 1664 1077 regni.

91 1096 139 1143 Si
165 1101 317 1144 'autem
352 1092 435 1144 ‘hoc
467 1099 714 1143 nullatenus
758 1098 924 1143 efficere
961 1100 1100 1157 possis
1149 1103 1193 1144 et
1230 1100 1334 1156 ipsi,
1380 1100 1572 1144 nolentes
1614 1099 1667 1143 ad

79 1174 283 1220 nostrum
303 1177 462 1233 venire,
495 1171 751 1235 colloquium
773 1191 896 1221 suum
918 1178 1157 1233 statuerint,
1188 1191 1387 1233 rogamus
1417 1181 1535 1221 tuam
1562 1177 1666 1222 fide-

84 1253 276 1299 litatem:
307 1258 358 1300 ut
383 1255 556 1299 intersis
588 1269 733 1299 eorum
765 1255 972 1312 colloquio
1005 1259 1047 1299 et
1075 1255 1150 1311 ibi,
1182 1259 1349 1300 nostros
1377 1256 1536 1300 amicos
1567 1269 1666 1299 con-

85 1325 284 1377 fortando
322 1335 366 1377 et
400 1332 585 1378 inimicis
616 1333 796 1377 viriliter
833 1333 1118 1390 obloquendo,
1156 1333 1382 1389 diligenter
1419 1336 1575 1377 tractes
1613 1333 1666 1378 de

86 1409 250 1455 honore
262 1427 264 1430 ·
276 1413 436 1455 nostro.

82 1506 113 1516 ⁴·
201 1486 351 1533 ‘Movet
386 1487 555 1546 quidem
595 1501 671 1532 nos
711 1488 965 1546 plurimum,
1005 1489 1117 1545 quod
1157 1474 1206 1532 ὅ.
1240 1492 1282 1533 te
1321 1487 1515 1544 offendit,
1557 1489 1667 1533 sicut

87 1557 210 1610 nobis
231 1566 500 1611 mandavisti.
547 1565 630 1610 Sed
651 1579 728 1609 nos
749 1569 916 1610 nostros
941 1566 979 1610 ei
998 1567 1170 1610 nuntios
1196 1566 1294 1610 inde
1315 1567 1664 1621 transmittimus3

90 1646 153 1699 et,
200 1643 400 1702 quicquid
447 1657 574 1701 super
614 1643 694 1688 hoc
733 1644 787 1688 ad
825 1644 1025 1699 honorem
1072 1647 1191 1687 tuum
1230 1645 1371 1688 facere
1415 1645 1664 1701 poterimus,

75 1720 305 1785 iaciemus.

102 1802 106 1807 ’
146 1799 147 1802 ’
191 1797 353 1844 -Placet
382 1799 552 1856 quidem
582 1799 705 1843 nobis
736 1800 939 1856 multum,
981 1799 1091 1857 quod
1128 1800 1179 1843 de
1211 1798 1255 1843 C.
1285 1799 1407 1844 nobis
1437 1799 1663 1843 mandasti.

80 1874 210 1921 ‘Unde
238 1880 282 1922 te
314 1890 581 1934 summopere
611 1891 823 1934 rogamus,
861 1880 909 1921 ut
938 1877 1056 1920 illum
1090 1877 1207 1921 velut
1235 1875 1382 1920 Iudam
1415 1880 1457 1921 et
1488 1878 1665 1922 scelera-

87 1951 301 1999 tissimum
332 1955 578 1999 mendacem
610 1956 746 2000 modis
770 1956 977 2011 omnibus,
1011 1955 1121 1999 sicut
1140 1955 1184 1998 in
1211 1958 1252 1998 te
1274 1954 1537 2012 confidimus,
1568 1969 1665 2013 per-

86 2032 280 2089 sequaris
311 2035 354 2076 et
385 2032 680 2077 abhomineris.

146 2120 148 2123 ·
207 2109 371 2155 Deinde
402 2110 459 2154 sit
476 2111 556 2155 tibi
586 2124 688 2154 cura
708 2114 751 2154 et
771 2111 1008 2154 sollicitudo
1029 2111 1240 2154 maxima:
1272 2110 1522 2154 remandare
1543 2110 1664 2155 nobis

87 2200 165 2244 per
194 2186 361 2231 fidelem
392 2189 601 2243 nuntium,
635 2189 833 2244 quicquid
862 2188 986 2232 bonib
1008 2188 1074 2232 vel
1105 2188 1207 2232 mali
1239 2188 1291 2232 de
1321 2189 1516 2245 proximo
1538 2188 1665 2232 collo-

89 2265 186 2320 quio
217 2265 285 2309 vel
315 2265 366 2309 de
398 2267 563 2322 ceteris,
597 2279 704 2322 quae
733 2266 949 2324 pertinent
980 2266 1034 2309 ad
1063 2279 1155 2321 nos,
1187 2266 1345 2323 poteris
1377 2279 1641 2321 cognoscere.

206 2342 276 2386 Ad
308 2342 505 2388 ultimum
535 2347 675 2400 grates
698 2344 870 2400 habeas,
902 2344 1015 2400 quod
1034 2343 1191 2387 nostris
1219 2344 1462 2401 pepercisti.
1509 2344 1567 2388 Et
1585 2357 1663 2388 nos

87 2419 187 2464 inde
215 2420 294 2465 tibi
323 2421 540 2477 faciemus,
573 2422 685 2478 quod
716 2423 798 2467 erit
825 2423 959 2466 honor
990 2425 1101 2465 tuus.

93 2561 218 2609 105,
237 2564 464 2609 Heinricue
485 2565 561 2609 IV
584 2568 815 2624 imperator
838 2567 1027 2623 Ruperto
1061 2567 1255 2622 episcopo
1278 2565 1586 2622 Bamberyensi
1613 2568 1665 2609 de

238 2643 433 2686 ecclesiae
462 2644 787 2701 Bamberyensis
819 2646 1011 2688 custodia
1042 2651 1079 2686 et
1110 2645 1160 2686 de
1192 2625 1242 2686 ὅ.
1266 2644 1427 2686 comitis
1458 2644 1663 2698 beneficiis

237 2720 419 2763 scribit&
1414 2775 1418 2779 φ
1484 2720 1536 2774 (Ε
1561 2720 1663 2775 196)

207 2807 458 2854 Heinricus⁶
489 2809 571 2853 Dei
601 2810 739 2865 gratia
758 2810 1042 2869 Romanorum
1074 2809 1306 2866 imperator
1336 2813 1539 2865 augustus
1560 2809 1663 2864 R(u-
1686 2818 1890 2854 1084-1102

181 2936 209 2957 a.
240 2928 417 2967 peccuniam
439 2928 474 2958 Z.
610 2929 639 2959 b.
671 2930 742 2960 boni
765 2939 821 2960 om.
840 2930 871 2959 V.
1008 2937 1034 2958 c.
1067 2937 1105 2958 cx
1123 2929 1152 2959 V
1169 2930 1218 2966 87,
1251 2929 1280 2959 Ζ
1297 2939 1330 2969 p.
1342 2929 1421 2967 183,
1450 2928 1476 2960 0
1495 2931 1661 2967 41-41v,

89 2979 120 3010 B
141 2981 191 3011 34.
317 2980 348 3011 d.
381 2981 418 3011 Η.
439 2980 531 3012 ZC'B.
