2028 3438
429 247 516 290 704
960 259 1199 291 HERBORDI
1228 259 1454 292 DIALOGUS

426 366 598 421 scripto,
630 365 731 408 haec
751 367 892 422 capita
907 364 1204 409 Herbordiana
1226 367 1425 409 continet:
1457 365 1583 409 Libri
1597 364 1634 408 I
1643 365 1790 422 capita
1803 364 1891 409 b1³*
1900 363 1979 415 21,-

423 450 589 498 partem
611 443 772 499 capitis
780 442 864 493 22,·
895 446 1037 500 capita
1057 443 1260 492 23—343
1290 451 1463 499 partem
1477 444 1629 499 capitis
1648 441 1730 492 38,
1760 448 1888 551 cupiet
1904 440 1978 485 39·

427 518 646 562 Posterior
674 521 763 562 vita
795 519 1039 573 Andreana,
1074 534 1194 576 quem
1224 528 1360 562 servat
1774 544 1779 553 ι
1923 549 1946 553 ψ»

545 594 629 649 (Β)
669 597 796 638 codex
826 597 1146 653 Bamberqensis
1182 595 1239 638 Rf
1267 595 1304 638 H
1338 592 1429 649 17¹,
1469 610 1580 639 anno
1613 596 1729 641 1499
1768 602 1978 647 maratus,

427 672 527 714 haec
546 672 686 715 habet.-
709 673 810 716 libri
824 673 1113 716 Herbordiani
1128 673 1159 716 I
1175 674 1316 729 capita
1326 672 1523 722 12-18,
1547 680 1710 728 partem
1731 673 1881 729 capim
1890 671 1980 721 19,-

428 750 570 805 capita
590 749 663 802 20,
687 749 758 802 21,
781 750 980 800 23--39;
1012 750 1113 792 libri
1128 750 1183 792 II
1198 751 1338 806 capita
1358 750 1528 800 1-42,·
1557 749 1660 792 libri
1674 748 1756 792 III
1766 747 1978 807 capetatl,

427 825 469 878 6,
502 826 533 868 8
541 826 671 878 -14
704 826 825 869 18-—
836 826 908 878 30,
939 835 1102 882 partem
1134 828 1283 883 capitis
1314 826 1385 870 3.1

545 903 731 958 Eqreyia
760 918 855 946 vero
893 904 970 946 illa
1003 905 1178 947 Roberti
1205 905 1426 961 Klempini
1454 904 1691 947 dissertatio
1730 865 1860 955 6Die
1872 857 1978 945 Bio-

423 979 654 1035 9rapliieen
684 981 754 1022 des
784 981 982 1037 Bischofs
1008 981 1102 1025 Otto
1133 984 1180 1024 in
1210 982 1424 1025 Baltisclte
1455 980 1643 1024 Studien
1665 979 1755 1022 IX
1751 979 1978 1036 9147—

428 1055 535 1108 191)
568 1071 660 1098 cum
691 1056 906 1100 Herbordi
935 1072 1039 1115 opus
1072 1060 1212 1115 quoad
1240 1061 1287 1101 in
1309 1058 1528 1114 Anonymi
1557 1056 1782 1100 Canisiani
1797 1056 1911 1099 'libro
1943 1064 1982 1099 et

426 1134 472 1174 in
502 1133 664 1175 duabus
694 1135 790 1176 vitis
822 1133 1063 1178 Andreanis
1096 1136 1466 1192 comprehendatur
1496 1136 1719 1187 docuisset,
1753 1133 1980 1190 ‘et'plsnus

427 1209 620 1266 dialoqus
659 1209 977 1254 Herbordianus
1023 1228 1107 1256 non
1153 1215 1239 1255 iam
1277 1218 1436 1255 eastare
1473 1213 1719 1264 crederetur,
1768 1210 1980 1266 Rudolfus

426 1286 594 1342 Koepke
624 1302 735 1330 anno
758 1288 873 1330 1855
905 1290 1133 1331 admodum
1154 1290 1405 1332 aestimabili
1428 1290 1740 1345 fructuosoq'ue-
1758 1287 1910 1332 ‚labore
1929 1288 1980 1330 in

427 1364 789 1406 Monumentorum
824 1362 1076 1408 Germaniae
1105 1367 1395 1409 historicorum
1432 1366 1480 1409 Τ.
1502 1366 1605 1409 ΧΙῙ
1626 1364 1979 1409 746—82221123-

426 1442 586 1496 sipatas
617 1443 754 1497 operis
790 1450 932 1497 partes
964 1444 1162 1486 conduxit
1199 1451 1237 1487 et
1266 1444 1341 1487 hoc
1377 1444 1494 1487 titulo
1525 1444 1706 1486 notavit:
1742 1442 1983 1494 „Herba-di

426 1519 512 1559 vita
547 1517 709 1560 Ottonis
742 1519 968 1575 episcopi“.

545 1595 653 1637 Ecce
680 1604 847 1651 praeter
877 1598 1218 1652 exspectationem
1249 1612 1359 1640 anno
1384 1597 1502 1640 1865
1531 1597 1590 1639 ad
1619 1595 1884 1639 bibliothecae
1913 1609 1978 1637 re-

423 1673 521 1727 yiae
551 1672 814 1714 Monacensis
845 1673 1069 1715 ubertate-m
1099 1675 1228 1716 codex
1257 1689 1386 1716 manu
1415 1675 1609 1730 scriptus,
1640 1675 1857 1730 inteqrum
1867 1671 1978 1715 Hes-

427 1748 551 1790 bordi
579 1748 730 1791 librum
761 1750 1042 1806 complectens,
1076 1751 1342 1806 adiunyitur:
1848 1775 1849 1779 =

546 1823 633 1877 (N)
665 1827 792 1868 codex
823 1826 978 1869 latinus
1000 1827 1264 1870 Monacensis
1294 1827 1444 1870 23582
1473 1825 1580 1878 (ZZ
1611 1825 1735 1880 582),
1768 1827 1980 1883 quoddam

428 1902 614 1944 coenobii
632 1899 1043 1956 Neuenlcircltensisffi
1074 1905 1408 1947 membranaceus
1430 1919 1533 1946 saec.
1544 1903 1663 1946 XIV
1673 1903 1760 1957 fol.
1778 1903 1977 1947 7-28422‘,

429 1977 554 2021 Cuius
594 1980 678 2021 vim
716 1994 808 2021 cum
843 1980 1080 2023 Willielmus
1122 1979 1381 2024 Giesebrecht
1423 1982 1717 2037 perspeoeisset,
1768 1979 1978 2036 Rudolfus

427 2056 595 2112 Koeplce
626 2058 780 2098 eximia
806 2065 1012 2113 qrataque
1042 2059 1286 2100 assiduitate
1315 2072 1467 2100 novam
1503 2053 1555 2101 et'
1569 2071 1660 2100 eam
1689 2071 1783 2099 vere
1814 2057 1978 2113 pm'nci-

426 2147 521 2189 pem
557 2134 681 2175 totius
721 2132 822 2175 libri
850 2132 1139 2176 Herbordiani
1176 2136 1395 2177 editionem
1430 2149 1540 2178 anno
1574 2131 1688 2177 1866
1722 2134 1896 2191 paravit
1933 2134 1978 2175 in

429 2209 546 2251 Mon.
573 2206 710 2253 Germ.
736 2208 820 2252 SS.
843 2209 933 2252 XX
959 2210 1214 2254 704—769.

549 2286 636 2329 Sed
654 2286 759 2328 mihi
774 2301 869 2328 cum
887 2287 997 2328 idem
1019 2287 1122 2330 liber
1141 2288 1491 2343 recoynoseendus
1513 2295 1625 2339 esset,
1660 2285 1832 2329 Carolus
1848 2286 1979 2328 Halm

428 2364 614 2405 maa-ima
635 2364 823 2405 comitate
843 2371 879 2405 et
899 2363 1177 2406 benevolentia
1199 2365 1356 2406 codices
1376 2362 1414 2404 N
1435 2371 1473 2406 et
1491 2362 1528 2404 R
1552 2364 1713 2419 petenti
1739 2364 1852 2406 misit
1883 2364 1977 2405 diu-

430 2434 678 2496 turnumque
709 2454 849 2481 eorum
879 2454 999 2482 usum
1030 2441 1249 2483 concessit.'
1286 2439 1475 2501 Codicem
1498 2438 1529 2482 C
1553 2439 1876 2496 Schiffmannus,
1910 2454 1977 2482 co-

430 2517 561 2558 dicem
591 2514 625 2557 B
648 2515 926 2571 Stenyleinius
959 2517 1204 2559 liberalitate
1229 2518 1506 2573 paratissima
1536 2517 1595 2558 ad
1623 2531 1686 2558 me
1716 2516 1862 2572 afferri
1890 2518 1977 2559 ius-

430 2601 581 2634 serunt.
631 2591 790 2646 Quibus
822 2607 872 2635 ea
893 2602 1072 2649 quatuor
1093 2595 1302 2636 codicibus
1323 2595 1383 2636 ita
1403 2593 1680 2635 hauriendum
1708 2593 1815 2635 milti
1842 2606 1976 2635 cense-

431 2669 539 2720 bam,
571 2676 629 2720 ut,
650 2669 944 2723 fundamentis
975 2670 1097 2713 buius
1128 2672 1321 2714 editionis
1351 2671 1397 2712 in
1428 2671 1566 2712 codice
1586 2668 1624 2711 N
1652 2670 1816 2725 positis,
1847 2683 1978 2725 neque

430 2745 483 2787 ab
514 2746 653 2786 eodem
681 2747 769 2787 nisi
794 2747 1009 2788 rarissime
1028 2743 1297 2789 discederem³
1327 2761 1458 2802 neque
1487 2761 1536 2788 ex
1560 2745 1732 2801 reliquis
1756 2747 1886 2789 tribus
1908 2759 1975 2788 co-

431 2820 591 2862 dicibus
621 2819 666 2874 C,
697 2820 745 2875 B,
777 2821 814 2864 R
842 2824 1094 2878 requirerem
1123 2825 1210 2866 nisi
1235 2824 1490 2879 parcissime.

548 2896 744 2939 Berolini
771 2899 830 2941 12
858 2899 955 2941 Kal.
978 2899 1149 2955 Apriles
1181 2900 1308 2942 1869.

527 2977 558 3011 1.
583 2987 618 3011 v.
635 2975 781 3021 ibidem.
864 2980 897 3013 2.
923 2978 1188 3024 Neunkirchen,
1214 2978 1260 3014 ab
1277 2979 1458 3023 Erlangen
1478 2977 1524 3013 ad
1541 2977 1726 3013 orientem.
1805 2977 1840 3013 3.
1865 2964 1977 3014 Oinisi

430 3036 552 3070 tamen
576 3034 735 3087 capitum
759 3035 940 3082 lemmata,
972 3046 1064 3081 quae
1089 3036 1234 3082 quidem
1259 3036 1345 3072 nihil
1370 3036 1417 3072 ad
1442 3046 1516 3071 rem
1540 3035 1722 3081 pertinere
1746 3034 1974 3072 videbantur.
