2028 3438
426 275 668 308 mancam
698 274 941 308 numetis.
990 275 1076 306 me.
1100 275 1152 306 m
1182 274 1215 307 5.
1234 274 1256 307 6
1538 263 1621 306 797

49 383 138 438 sed,
152 392 338 442 accepto
366 385 569 442 prandio,
601 399 701 428 mox
725 386 771 427 in
791 385 906 427 viam
927 398 1048 426 suam
1070 383 1274 426 abierunt.
1313 381 1378 425 Ac
1398 381 1474 438 illi,
1509 396 1624 427 scru-

2 475 3 478 ’
50 463 193 506 tantos
218 461 379 518 omnia,
410 474 506 506 eum
538 474 616 505 nec
645 462 835 505 iumenta
865 474 942 505 nec
963 463 1100 505 vestes
1131 473 1210 504 nec
1240 459 1327 503 ulla
1347 460 1469 515 signa
1500 461 1624 505 itine-

50 537 236 583 rantium
264 539 539 596 invenissent,
569 540 710 584 furere
731 539 957 583 desierunt.
1080 538 1212 581 Porro
1233 537 1318 581 illis
1339 551 1415 595 per
1436 539 1623 582 triduum

49 615 111 661 ibi
146 615 413 662 latitantibus
451 631 531 662 nec
569 630 747 673 usquam
787 617 958 675 prodire
989 629 1066 660 nec
1096 615 1182 659 ullo
1214 615 1337 659 modo
1370 615 1437 659 vel
1469 616 1624 659 mutire

50 695 413 752 prominentibus,
461 696 683 753 episcopus
729 709 825 739 cum
869 695 994 750 duce,
1044 694 1095 738 ab
1132 693 1357 737 Uznoimia
1395 694 1623 751 profectus,

50 771 186 817 multa
216 786 345 818 manu
377 773 558 817 militum
593 776 636 817 et
666 773 876 816 sociorum
897 772 1170 828 Hologostam
1193 772 1383 827 intravit,
1415 785 1534 829 spem
1557 786 1623 815 sa-

49 849 152 895 lutis
183 854 227 896 et
255 851 488 910 presidium
518 854 694 909 portans
728 850 930 908 apostolis
961 851 1005 894 in
1037 850 1224 895 conclavi
1254 849 1535 893 latitantibus.

58 913 65 926 ’
171 929 217 973 6.-
258 928 406 986 Itaque
445 929 592 973 urbem
634 929 873 984 ingressus,
915 929 1019 973 duce
1050 928 1230 973 fideliter
1261 941 1310 972 ac
1341 931 1539 971 strennue
1571 928 1624 971 ad

50 1007 195 1052 omnia
223 1010 490 1065 cooperante,
523 1021 666 1052 semen
698 1007 856 1064 sparsit
887 1007 1094 1063 euangelii
1123 1010 1166 1051 et
1186 1007 1292 1050 dura
1311 1005 1622 1050 incredulorum

50 1085 178 1130 corda
207 1085 373 1143 placide
404 1085 703 1143 predicationis
735 1089 920 1140 ungento
953 1085 1157 1142 paulatim
1190 1084 1476 1128 detumescere
1497 1084 1624 1127 facie-

50 1163 136 1208 bat.
263 1163 430 1208 Interea
469 1164 641 1220 quidam
680 1164 732 1208 de
771 1164 894 1208 sociis
926 1163 1082 1207 nostris
1115 1162 1360 1206 Udalricum
1391 1165 1433 1206 et
1463 1161 1624 1205 Albwi-

50 1255 166 1298 num,
197 1241 249 1286 de
279 1240 467 1285 latibulis
495 1242 582 1285 suis
612 1246 873 1298 emergentes
895 1245 937 1286 et
956 1241 1120 1284 iunctos
1142 1240 1263 1284 nobis
1284 1240 1480 1283 timorem
1502 1253 1624 1282 suum

49 1319 301 1375 referenteS,
340 1319 590 1364 deriserunt.
647 1320 704 1364 Et
740 1320 861 1377 quasi
901 1320 961 1364 eis
999 1319 1272 1374 insultantes,
1314 1318 1501 1362 securius
1534 1330 1625 1360 sese

50 1397 204 1442 habere
239 1401 462 1455 ceperunt3
503 1398 742 1453 etlongius
775 1413 800 1442 a
830 1399 917 1442 suis
950 1398 1149 1453 digressi,
1187 1397 1287 1440 fana
1319 1396 1447 1440 etiam
1478 1394 1624 1452 ydolo-

49 1489 160 1532 rum,
191 1475 390 1534 episcopo
412 1489 649 1520 sermonem
682 1476 987 1520 exhortationis
1019 1475 1305 1534 protrahente,
1339 1473 1623 1531 speculatum⁰

49 1553 325 1609 vagabantur.
372 1553 528 1598 Verum
562 1554 734 1610 quidam
767 1554 942 1609 maligni
974 1554 1186 1608 homines,
1221 1552 1331 1609 apud
1367 1565 1470 1608 quos
1501 1550 1624 1594 radix

49 1631 290 1690 paganismi
319 1631 458 1676 adhuc
487 1631 697 1675 valentius
730 1632 918 1687 vigebat:
955 1633 1026 1675 En
1056 1631 1254 1687 inquiunt
1283 1632 1356 1673 isti
1387 1630 1621 1687 explorant,

52 1712 260 1768 quomodo
290 1710 446 1767 templa
476 1719 622 1754 nostra
649 1712 887 1754 incendant.
927 1710 985 1754 Et
1005 1712 1307 1765 congregantes
1337 1722 1381 1751 se
1402 1708 1447 1750 in
1468 1707 1624 1764 platea,

51 1788 178 1832 etiam
228 1801 348 1832 arma
391 1790 562 1845 portare
609 1801 657 1832 ac
694 1789 826 1832 fustes
869 1791 930 1843 et,
980 1801 1064 1843 qua
1100 1786 1323 1831 transituri
1362 1785 1623 1840 videbamur,

51 1865 173 1910 nobis
211 1865 379 1910 obviam
419 1869 544 1910 stare.
599 1866 820 1909 Udalricus
853 1869 1017 1921 autem,
1057 1866 1227 1910 intuens
1258 1864 1354 1908 illos
1385 1864 1550 1907 eminus
1583 1867 1625 1907 et

51 1943 306 1988 subsistens:
339 1945 441 1988 Non
471 1946 689 1988 advertitis
721 1945 860 2000 inquit
889 1945 964 1988 hos
985 1959 1070 1987 non
1094 1947 1184 1986 sine
1205 1959 1334 1986 causa
1357 1938 1623 1986 convenire?¹

51 2037 152 2066 nam
182 2031 221 2066 et
249 2023 505 2067 turbulenter
535 2038 578 2066 ae
609 2024 760 2066 habent
791 2032 828 2066 et
858 2038 980 2066 arma
1009 2030 1184 2079 portant
1205 2036 1366 2071 omnes3
1399 2023 1442 2064 et
1468 2019 1623 2076 prioris

51 2099 229 2158 periculi
265 2100 514 2144 recordans:
554 2101 668 2144 Nolo
704 2100 843 2156 inquit
878 2102 1031 2144 tociens
1071 2108 1273 2156 temptare
1303 2099 1444 2142 Deum
1474 2114 1621 2141 meum.

51 2177 109 2222 Et
139 2191 366 2223 conversus
397 2178 492 2234 illo,
535 2178 606 2222 ubi
639 2178 883 2235 episcopum
915 2178 1154 2232 dimiserat,
1193 2176 1331 2220 redire
1363 2176 1494 2233 cepit,
1516 2170 1622 2219 ¹aliis

53 2255 247 2300 omnibus
269 2269 363 2301 eum
387 2256 657 2312 sequentibus
680 2259 822 2313 preter
844 2255 1041 2300 clericum
1065 2255 1274 2311 quendam
1296 2253 1466 2297 nomine
1489 2253 1623 2297 Theo-

53 2333 262 2390 dericum,
301 2334 394 2390 qui,
431 2334 598 2390 longius
636 2337 733 2378 ante
765 2333 860 2376 illos
894 2347 1161 2390 progressus,
1200 2332 1286 2375 iam
1316 2332 1428 2375 fores
1460 2331 1622 2375 delubri

52 2411 235 2456 tenebat.
281 2410 482 2455 videntes
515 2415 654 2456 autem
687 2411 856 2468 pagani,
891 2411 961 2467 qui
984 2413 1281 2465 convenerant,
1313 2409 1407 2452 illos
1431 2423 1455 2452 a
1476 2409 1622 2466 cepta¹¹

52 2489 122 2534 via
151 2502 357 2546 reversos,
395 2491 591 2547 persequi
623 2502 694 2533 eos
727 2489 894 2546 quidem
926 2503 1010 2532 non
1043 2488 1271 2542 audebant3
1313 2488 1386 2531 sed
1419 2488 1472 2531 ad
1502 2487 1621 2531 illum

52 2566 250 2612 clericum
282 2567 616 2612 interficiendum
651 2581 796 2611 omnes
829 2570 1112 2611 accurrerunt.
1161 2565 1250 2617 Quo
1273 2566 1376 2621 viso,
1410 2565 1481 2609 ille
1508 2565 1622 2609 aliud

54 2657 136 2701 quo
168 2644 400 2689 declinaret
429 2659 514 2689 non
545 2646 718 2700 habenS,
750 2645 894 2688 fanum
928 2645 1067 2701 ipsum
1101 2643 1300 2687 audacter
1331 2643 1524 2699 quamvis
1550 2657 1623 2687 ex-

53 2722 227 2766 territus
265 2723 452 2766 intravit.
509 2724 616 2767 Erat
655 2726 794 2766 autem
833 2722 921 2765 illic
958 2722 1118 2778 clipeus
1160 2721 1348 2778 pendens
1385 2722 1430 2764 in
1462 2722 1623 2778 pariete

53 2800 160 2844 mire
180 2800 498 2856 magnitudinis,
532 2814 708 2858 operoso
731 2798 922 2854 artificio,
955 2799 1047 2843 auri
1068 2799 1238 2842 laminis
1261 2799 1464 2855 obtectus,
1498 2812 1621 2855 quem

54 2877 296 2933 contingere
333 2878 439 2921 nulli
477 2878 718 2922 mortalium
759 2877 923 2931 liceret3
972 2890 1020 2921 eo
1061 2877 1171 2933 quod
1210 2880 1321 2921 esset
1357 2877 1443 2920 illis
1480 2876 1622 2920 nescio

151 2988 178 3009 a.
211 2979 369 3018 speculata
391 2979 462 3016 NB,
487 2979 674 3019 speculatum
698 2978 735 3008 R.
872 2978 902 3008 b.
935 2978 1003 3008 illos
1027 2979 1150 3016 accepta
1174 2978 1244 3013 ΝΒ,
1269 2987 1285 3008 a
1308 2980 1395 3017 cepta
1418 2977 1456 3007 R.

152 3043 184 3077 1.
210 3041 265 3078 Cf.
285 3041 364 3078 Ebo
382 3042 434 3078 111
451 3043 485 3078 8.

1699 393 1791 429 1127

1637 443 1708 481 post
1729 441 1799 473 Mai.
1811 443 1851 473 22
