2028 3438
415 287 502 330 620
782 299 945 331 neonis
977 301 1082 331 vrrA
1114 300 1322 332 o'r'roms.
1369 301 1455 332 mn.
1478 301 1512 331 11
1545 299 1574 332 1.
1592 298 1614 332 2

298 415 388 451 1122
414 403 501 449 sui¹
534 406 584 449 de
614 405 856 450 Bernhardo
895 407 1104 462 scribens,
1143 407 1254 450 inter
1284 410 1422 450 cetera
1453 407 1511 450 ait
1521 421 1536 450 ε·
1570 403 1818 452 Benedictus
1837 408 1966 456 ‘Deus

414 485 696 540 omnipoten83
738 487 936 540 quoniam
974 500 1052 541 per
1082 485 1287 527 hominem
1317 484 1437 527 illum
1465 488 1652 543 prestitit
1680 486 1809 529 michi
1831 486 1966 530 *multa

413 562 561 603 audire
591 569 628 603 et
654 562 822 613 discere,
857 576 935 617 que
961 563 1085 618 prius
1116 562 1378 617 iqnorabam,
1411 577 1496 605 non
1526 571 1686 606 tantum
1716 564 1768 606 de
1798 564 1966 607 cronica

412 640 706 694 supputatione
735 640 808 681 sed
828 647 866 681 ec
884 639 935 680 de
955 639 1150 680 misteriis
1183 646 1219 681 et
1248 640 1480 682 rationibus
1512 640 1725 696 paschalis
1745 640 1965 684 observan-

412 717 478 767 tie,
511 716 638 757 immo
670 716 720 757 de
752 717 866 757 omni
893 717 1003 757 inter
1030 730 1107 757 nos
1139 715 1305 759 oborta·
1337 719 1558 772 questione.

528 790 747 834 Udalricus
785 791 910 834 etiam
949 790 1168 845 religiosus
1206 793 1339 835 sancti
1371 792 1511 847 Egidii
1549 793 1764 848 sacerdos,
1802 793 1874 837 cui·
1899 794 1964 837 vir

410 866 488 910 Dei
520 866 785 910 Bernhardus
816 867 1114 911 familiaritatis
1146 882 1219 912 sue
1249 870 1426 924 gratiam
1466 870 1699 926 prestabat,
1733 870 1963 928 requisitus

412 944 462 987 ab
494 958 541 987 eo
574 944 625 987 de
657 945 814 988 ordinis
853 948 894 988 et
932 946 1258 989 conversationis
1290 950 1432 990 nostre
1465 947 1686 1002 qualitate,
1725 947 1961 1004 respondit:

408 1022 590 1077 priscam
623 1022 787 1077 quidem
822 1021 982 1065 cenobii
1014 1022 1135 1066 huius
1166 1023 1509 1067 consuetudinem
1537 1025 1756 1068 remissam
1787 1027 1830 1069 et
1858 1025 1963 1069 irre-

408 1098 598 1153 ligiosam
632 1099 856 1142 secundum
881 1099 1067 1142 ordinem
1090 1100 1483 1144 Amerbaccnsiumb
1514 1101 1664 1155 fuisse3
1697 1101 1770 1145 sed
1794 1114 1820 1145 a
1840 1101 1961 1145 beato

408 1175 572 1232 presule
605 1176 756 1219 Ottone
787 1190 863 1233 per
894 1176 1088 1219 dilectum
1122 1181 1284 1233 patrem
1315 1181 1505 1222 nostrum
1527 1178 1858 1234 Wolfiammum‚
1891 1178 1962 1223 de-

408 1253 561 1295 cimum
593 1253 715 1296 huius
735 1253 816 1296 loci
838 1254 1044 1310 abbatem,
1077 1255 1337 1311 spiritualem
1360 1259 1402 1299 et
1421 1255 1510 1299 Deo
1535 1259 1751 1312 acceptum
1773 1255 1961 1300 ordinem

407 1329 769 1383 Hirsaugiensium
800 1331 867 1373 hic
897 1332 1156 1385 institutum3
1190 1336 1304 1375 etex
1325 1346 1372 1376 eo
1394 1347 1469 1390 per
1489 1333 1668 1387 gratiam
1689 1332 1768 1376 Dei
1796 1336 1959 1377 tantam

406 1406 449 1449 in
483 1407 653 1450 cenobio
686 1408 762 1450 hoc
792 1409 1038 1452 monachilis
1070 1410 1274 1466 propositi
1305 1410 1536 1454 excrevisse
1566 1410 1876 1467 perfectionem,
1913 1414 1961 1455 ut

407 1483 563 1526 Christi
595 1484 726 1527 bonus
759 1484 860 1528 odor
890 1486 946 1528 sit
975 1487 1018 1529 in
1051 1487 1163 1529 omni
1194 1484 1322 1530 loc0².
1443 1487 1520 1530 His
1553 1487 1720 1543 auditis,
1751 1487 1960 1531 Bernhar-

406 1561 483 1604 dus
515 1561 749 1618 episcopuS,
785 1561 949 1618 palmas
979 1566 1176 1620 utrasque
1210 1564 1260 1607 ad
1292 1564 1425 1607 celum
1458 1565 1712 1621 expandenS,
1743 1564 1833 1608 Deo
1864 1578 1958 1608 cum

405 1637 589 1680 lacrimis
622 1639 778 1693 gratias
811 1639 960 1694 agebat
997 1643 1039 1683 et
1076 1654 1239 1684 summo
1271 1642 1466 1698 deinceps
1503 1641 1652 1686 affectu
1681 1642 1818 1685 locum
1849 1641 1959 1686 hunc

407 1715 634 1758 excolebat.
683 1715 788 1758 Nam
823 1719 864 1759 et
893 1716 937 1758 in
968 1721 1172 1760 conventu
1194 1717 1385 1773 fratrum,
1420 1719 1620 1775 depositis
1651 1718 1957 1775 pontificalibus

404 1791 679 1847 indumentis,
716 1792 905 1836 habitum
936 1794 1211 1837 monachilem
1242 1796 1444 1852 suscepit3
1485 1799 1526 1838 et
1555 1796 1742 1852 paternis
1773 1796 1957 1840 consiliis

405 1872 564 1911 tantam
604 1870 837 1913 memoriali
868 1869 1139 1914 Wolframmo
1180 1872 1320 1915 abbati
1365 1871 1666 1917 edificationem
1705 1873 1956 1929 conferebat,

404 1949 451 1989 ut
481 1959 565 1988 non
596 1946 779 1990 modicas
801 1946 994 1991 Udalrico
1017 1949 1222 1992 sacerdoti
1253 1950 1409 2004 gratias
1442 1954 1595 2005 ageret,
1629 1951 1738 2006 quod
1767 1954 1854 1994 tam
1886 1951 1956 1995 de-

406 2023 670 2066 siderabilem
704 2024 783 2067 sibi
805 2025 939 2067 virum
972 2025 1237 2069 insinuasset.
1285 2027 1364 2070 Hic
1389 2027 1513 2070 etiam
1545 2028 1655 2071 inter
1676 2027 1758 2071 alia
1787 2028 1955 2085 pietatis

404 2103 446 2142 et
476 2100 696 2156 prudentie
727 2101 901 2144 consilia
930 2102 1168 2158 frequenter
1190 2103 1403 2146 adhortari
1431 2104 1607 2148 solebat:
1641 2107 1699 2160 ut,
1732 2105 1954 2161 siquando

403 2180 547 2232 pastor
577 2177 644 2219 hic
676 2177 890 2232 eligendus
923 2183 1050 2235 esset,
1091 2181 1269 2223 assiduis
1301 2181 1556 2225 orationibus
1597 2185 1638 2225 et
1667 2183 1834 2226 ieiuniis
1865 2183 1954 2227 ido-

402 2267 523 2296 neam
545 2254 666 2297 nobis
688 2268 713 2297 a
733 2254 821 2298 Deo
853 2256 1030 2299 revelari
1061 2271 1282 2313 personam
1303 2257 1607 2313 flagitaremus3
1641 2262 1684 2303 et
1711 2273 1795 2303 non
1825 2260 1953 2304 alium

402 2330 482 2372 nisi
514 2330 657 2373 divina
687 2332 941 2375 revelatione
966 2333 1219 2377 declaratum
1252 2334 1502 2378 utilitatibus
1533 2336 1687 2379 nostris
1718 2350 1793 2393 per
1814 2338 1953 2380 omnia

401 2407 663 2462 profuturum
695 2409 887 2451 sciamus.

520 2485 558 2526 2.
606 2484 762 2539 Agnito
794 2486 934 2541 itaque
966 2487 1059 2543 pius
1089 2486 1186 2530 Otto
1219 2488 1452 2531 sanctitatis
1484 2490 1572 2532 eius
1602 2503 1769 2534 rumore
1799 2490 1952 2535 celebri

401 2563 442 2602 et
471 2560 639 2603 insolito
678 2562 742 2604 his
774 2563 917 2606 diebus
948 2564 1001 2606 ad
1039 2577 1223 2620 paganos
1262 2565 1558 2620 predicationis
1589 2567 1772 2623 fervore,
1812 2568 1951 2612 debita

401 2650 495 2679 eum
516 2639 782 2682 veneratione
804 2640 1030 2696 excipiens,
1063 2655 1226 2684 omnem
1259 2643 1604 2698 peregrinationis
1637 2658 1708 2687 sue
1732 2644 1949 2688 historiam

400 2716 442 2756 et
479 2718 634 2757 statum
665 2715 932 2760 Pomeranice
972 2719 1106 2772 gentis
1143 2719 1303 2762 curiose
1334 2720 1635 2763 sciscitabatur.
1690 2721 1846 2772 Quibus
1878 2735 1949 2765 ex-

399 2791 560 2846 positis,
593 2791 874 2848 Bernhardus,
909 2795 1096 2838 senciens
1127 2796 1245 2852 pium
1277 2796 1472 2840 Ottonem
1505 2798 1556 2840 ad
1589 2811 1710 2841 omne
1741 2812 1845 2855 opus
1877 2798 1949 2843 bo-

495 2917 520 2937 a.
554 2909 659 2939 aborta
684 2909 714 2940 C.
843 2912 872 2941 b.
904 2912 1188 2943 Amberbaoensium
1213 2912 1244 2944 0.

494 2972 526 3006 1.
554 2972 779 3018 „Computi“
812 2976 852 3009 ut
882 2974 1043 3022 videtur3
1075 2975 1121 3011 cf.
1147 2986 1257 3022 supra
1287 2987 1322 3022 p.
1341 2977 1410 3012 538
1435 2988 1469 3012 n.
1488 2977 1521 3012 5.
1672 2952 1705 3014 2}
1740 2979 1762 3014 2
1787 2978 1946 3015 Corinth.

400 3030 432 3075 2,
458 3030 512 3066 14.
540 3030 595 3066 15.
