2028 3438
385 241 443 285 54
873 256 1093 287 UDALRIOI
1123 256 1290 287 oomsx.
1339 255 1394 289 27.
1413 255 1458 288 28

161 351 365 409 1060-1064
386 361 547 417 antiqui
591 362 801 418 privilegii
845 366 1033 422 tenorem
1082 363 1346 407 transmisit.‘
1425 363 1559 415 Quam
1596 371 1709 408 rem‘
1750 377 1804 408 ne
1848 365 1940 421 q'uis

384 438 496 495 apud
528 452 614 494 vos,
651 442 697 483 ut
724 442 825 519 sunt
854 440 1069 483 hominum
1099 441 1287 496 ingenia,
1327 441 1504 498 superbe
1536 444 1609 485 aut
1645 441 1942 486 contumeliose

383 515 652 572 interpretari
683 518 830 573 possit,
863 518 1014 560 seriem
1046 521 1088 560 et
1118 518 1288 561 modum
1318 519 1381 561 rei
1401 519 1519 562 vobis
1543 519 1756 564 insinuare
1776 518 1925 566 curavi
1928 535 1939 574 ;

384 595 520 635 certus
559 593 779 649 nimirum,
828 594 1025 650 quicquid
1072 608 1149 651 pro
1197 595 1467 639 ecclesiarum
1514 595 1743 641 stabilitate
1789 595 1939 652 agitur,

383 672 565 713 vestram
585 671 815 715 >caritatem
846 671 1006 715 sincere
1037 671 1330 726 congratulari.

386 808 467 856 28.
501 811 738 878 Siyffridus
760 813 792 856 I
806 814 1141 870 archiepiscopus
1162 814 1437 870 Moquntinus
1457 814 1701 858 Alexandro
1722 814 1776 859 II
1795 830 1942 874 papae

501 890 551 931 de
582 904 660 932 sua
680 891 1019 947 Hierosolymam
1037 891 1167 933 eundi
1185 891 1395 934 voluntate
1415 892 1634 951 siqnfficat.
1681 891 1776 937 Iam
1806 893 1940 936 denw

497 968 622 1022 petit,
671 976 718 1010 ut
753 968 1003 1010 Barchardo
1036 967 1092 1010 II
1123 969 1315 1024 episcopo
1355 969 1689 1012 Halberstatensi
1725 959 1859 1027 pallii
1894 971 1941 1012 in

501 1044 670 1086 ecclesia
702 1046 917 1101 crucisque
946 1046 992 1087 in
1024 1046 1209 1101 equitatu
1238 1060 1359 1088 usum
1388 1044 1648 1089 interdicatb.
1762 1044 1812 1099 (Ε
1837 1045 1938 1108 128)

265 1138 358 1172 1064
500 1131 766 1175 Alexandr0⁰
788 1146 950 1176 summo
971 1132 1159 1189 pontifici
1191 1136 1232 1176 et
1252 1134 1479 1178 universali
1503 1147 1638 1191 papae
1660 1133 1939 1189 S(igifridus)‘¹

382 1208 652 1263 Moguntinae
682 1210 792 1252 sedis
824 1210 1060 1266 speculator
1091 1210 1255 1254 debitae
1287 1211 1553 1255 subiectionis
1584 1211 1862 1258 reverentiam
1898 1214 1940 1255 et

382 1286 645 1330 omnimodae
676 1287 890 1330 servitutis
921 1287 1232 1331 exhibitionem.
1694 1335 1696 1337 .

501 1363 638 1420 Caput
667 1367 856 1406 nostrum
887 1364 1002 1408 Iesus
1033 1364 1222 1409 Christus
1253 1366 1314 1410 ita
1338 1366 1606 1410 menbrorum
1636 1379 1806 1410 suorum
1827 1378 1939 1410 com-

382 1448 554 1497 pagem⁰
585 1441 744 1496 glutino
776 1442 963 1485 caritatis
985 1442 1198 1486 cohereret
1227 1430 1329 1487 facit
1347 1444 1391 1486 in
1412 1457 1555 1498 unum,
1585 1446 1646 1499 ut,
1677 1456 1771 1486 cum
1789 1443 1835 1486 in
1855 1456 1937 1486 uno

384 1531 556 1574 corpore
586 1518 719 1561 multa
740 1519 824 1561 sint
844 1519 1019 1562 menbra
1038 1533 1123 1563 non
1144 1521 1322 1564 eundem
1344 1524 1481 1564 actum
1505 1520 1714 1575 habentia,
1745 1521 1790 1563 in
1810 1534 1938 1564 unam

383 1598 525 1638 tamen
556 1596 806 1638 conveniant
835 1597 1011 1652 perfecti
1042 1598 1228 1654 corporis
1259 1597 1598 1654 pulcritudinem,
1628 1598 1674 1640 in
1692 1609 1820 1640 unam
1841 1611 1938 1641 con-

383 1672 567 1715 sentiant
596 1686 720 1716 verae
749 1672 847 1716 fidei
878 1674 1112 1731 sanitatem.
1159 1674 1224 1718 Ea
1253 1688 1434 1730 namque
1465 1678 1529 1718 est
1559 1675 1746 1732 corporis
1766 1674 1936 1730 Christi,

383 1749 493 1804 quod
532 1752 595 1792 est
625 1749 821 1804 ecclesia,
860 1736 961 1794 vera
998 1751 1196 1807 perfectio
1237 1755 1302 1795 etss
1331 1752 1517 1808 perfecta
1546 1751 1805 1809 pulcritudo,
1843 1765 1936 1808 que,

383 1826 647 1881 euangelicae
676 1828 866 1870 veritatis
899 1828 1108 1872 soliditate
1127 1829 1301 1872 fundata
1322 1832 1363 1872 et
1393 1829 1644 1885 apostolicae
1666 1829 1936 1873 confessionis

381 1907 502 1960 petra
541 1904 739 1959 solidata,
778 1905 851 1947 uni
890 1905 980 1948 Deo
1011 1906 1056 1948 in
1087 1906 1292 1949 Trinitate
1322 1905 1404 1949 fide
1435 1907 1589 1950 servitss
1628 1909 1670 1949 et
1704 1919 1842 1963 opere.
1887 1906 1937 1950 In

381 1980 459 2024 hoc
491 1981 611 2035 ergo¹¹
643 1981 799 2024 Christi
829 1995 1003 2039 corpore
1043 1986 1085 2026 et
1113 1983 1223 2026 inter
1253 1984 1355 2027 haec
1394 1984 1546 2027 summi
1581 1983 1731 2040 capitis
1761 1983 1936 2028 menbra

382 2071 669 2114 quemcunque
689 2061 853 2102 teneam
869 2059 1020 2115 locum,
1039 2060 1266 2116 quodlibeti
1287 2074 1430 2115 geram
1451 2060 1645 2116 officium,
1668 2061 1722 2104 ad
1737 2064 1934 2116 vestram,

380 2135 440 2178 mi
471 2135 732 2179 sanctissime
763 2139 929 2192 patrum
963 2140 1103 2193 pater,
1137 2138 1426 2182 auctoritatem
1457 2139 1605 2182 refero.
1653 2138 1814 2182 Vestris
1845 2139 1934 2195 opi-

380 2212 611 2255 tulantibus
642 2213 817 2268 meritiS,
847 2213 910 2256 illi
943 2214 1111 2258 caelesti
1132 2215 1381 2258 Ierusalemk
1411 2216 1522 2259 inter
1552 2216 1669 2259 vivos
1688 2215 1849 2272 lapides
1869 2216 1934 2259 in-

380 2289 594 2346 corporari
624 2289 797 2332 confido.

498 2366 775 2423 Quapropter,
798 2367 906 2410 sicut
924 2367 1035 2412 filius
1057 2368 1196 2412 omnia
1216 2382 1292 2411 sua
1312 2369 1366 2412 ad
1385 2372 1548 2426 patrem
1568 2369 1766 2425 referens,
1787 2372 1932 2413 notum

380 2443 488 2486 facio
519 2447 683 2486 vestrae
714 2444 946 2488 sanctitati:
978 2459 1046 2489 me
1076 2458 1153 2501 pro
1184 2446 1366 2489 remedio
1388 2446 1632 2490 delictorum
1665 2450 1708 2490 et
1727 2447 1931 2491 desiderio

381 2533 658 2576 supernorum
689 2525 874 2564 sanctam
909 2522 1023 2565 adire
1044 2522 1327 2566 lerosolimam
1359 2526 1401 2565 et
1431 2536 1593 2567 sacram
1614 2524 1812 2567 dominici
1841 2537 1932 2567 cor-

380 2597 496 2653 poris
533 2598 724 2640 venerari
764 2602 805 2641 et
841 2599 1021 2642 osculari
1058 2599 1163 2643 velle
1202 2599 1460 2655 sepulturam
1473 2598 1495 2643 ¹.
1543 2600 1674 2652 Quem
1712 2601 1811 2656 quia
1840 2614 1931 2644 cor-

380 2674 580 2730 poraliter
610 2688 769 2730 nequeo
800 2675 941 2719 videre
970 2677 1014 2719 in
1046 2677 1143 2720 sede
1174 2677 1406 2720 maiestatis
1438 2678 1539 2732 eiUS,
1571 2678 1719 2721 saltem
1746 2677 1812 2722 vel
1837 2678 1929 2722 hoc¹

473 2775 499 2796 a.
533 2767 628 2803 Quam
649 2777 712 2798 rem
732 2768 847 2809 scripsi
861 2780 924 2809 pro
947 2770 1040 2807 Quam
1056 2771 1093 2801 ob
1108 2780 1171 2801 rem
1188 2770 1303 2802 VZCB.
1385 2770 1415 2800 b.
1448 2780 1485 2800 ex
1503 2771 1531 2802 V
1547 2772 1726 2810 52v-53,
1750 2773 1779 2803 Z
1791 2783 1824 2812 p.
1841 2774 1930 2803 85—-

382 2821 436 2856 86,
467 2819 493 2849 G
517 2821 697 2851 3022—32.
782 2830 806 2851 c.
839 2822 874 2852 A.
895 2823 960 2859 VZ‚·
981 2823 1150 2854 Alexandro
1178 2823 1211 2853 G.
1296 2824 1325 2853 d.
1357 2824 1392 2853 A.
1411 2825 1513 2853 sancte
1542 2824 1568 2854 G
1591 2823 1664 2864 (pro
1687 2824 1730 2863 S).
1815 2835 1840 2855 e.
1873 2835 1930 2856 oon

387 2872 413 2901 G
437 2871 511 2912 (pro
534 2872 698 2912 compage).
782 2874 802 2904 f.
836 2875 994 2905 cohercere
1022 2876 1056 2906 G.
1146 2885 1173 2914 g.
1205 2886 1260 2907 om.
1279 2875 1312 2906 G.
1403 2876 1434 2905 h.
1466 2885 1584 2916 quoque
1613 2877 1647 2908 G.
1734 2878 1754 2908 i.
1786 2878 1866 2917 quod
1894 2878 1929 2909 G.

379 2925 409 2954 k.
442 2925 629 2956 Hierusalem
651 2926 685 2956 Z.
788 2927 809 2956 l.
841 2927 973 2958 breviter
1000 2928 1027 2959 G
1052 2928 1125 2968 (pro
1146 2928 1226 2967 hoc).

476 2990 507 3025 1.
534 2987 726 3033 Sigifridus
752 2993 945 3027 auctumno
971 2992 1055 3028 anni
1082 2993 1173 3029 1064
1196 2992 1232 3028 in
1257 2991 1399 3039 Syriam
1424 2992 1608 3039 profectus
1631 2996 1699 3030 est.
