2028 3438
4 0 33 163 ξ

0 214 25 408 ὲ
276 227 278 229 ’
458 240 698 272 nnnnonm
728 240 973 273 numetis.
1021 242 1109 273 mn.
1133 242 1149 272 1
1179 240 1321 274 30--32
1593 230 1676 274 727

105 362 329 406 cycnorum
359 356 398 392 et
423 363 664 406 pauperum
687 347 855 402 Christi,
887 351 934 392 in
960 349 1280 392 sublevationem
1303 351 1530 392 viduarum
1551 358 1588 393 et
1609 365 1678 392 or·
1702 359 1906 395 1112-1123

102 425 365 484 phenomm3
383 425 549 482 facere,
572 427 680 469 sicut
688 427 824 483 facis,
851 428 909 469 ad
930 429 1258 470 consummanda
1280 435 1397 484 cepta
1419 436 1492 470 tua
1513 430 1558 469 in
1581 443 1678 484 ope-

104 504 223 548 ribus
243 503 387 554 boni&
417 511 456 546 et
474 512 522 546 ut
541 503 706 547 brevius
729 506 882 559 dicam,
903 505 1055 561 facere
1077 506 1189 562 quod
1203 505 1338 560 socie,
1374 507 1546 562 operari
1566 507 1681 561 quod

106 582 296 639 operm-{8
329 595 412 638 pro
452 589 594 623 eterna
629 583 718 624 vita
751 590 789 625 et
821 583 1014 640 centuplo
1028 579 1050 625 ¹.
1101 582 1206 636 Quis
1239 584 1349 624 enim
1381 583 1679 625 monachorum

105 666 218 703 tante
244 658 515 716 perfectionis
536 667 608 712 est,
642 668 688 702 ut
719 661 806 702 eius
838 662 986 703 merita
1006 661 1072 703 vel
1099 670 1392 717 paupertatem
1413 662 1495 703 tuis
1517 661 1678 703 divitiis

105 735 386 794 adaquemus?
506 734 639 791 Igitur
670 740 767 793 post
805 737 882 780 hec
913 741 1106 794 tempora
1137 738 1406 795 episcopatus
1437 736 1678 780 Babenber-

105 812 245 868 gensis
276 815 390 856 totus
421 813 465 856 in
496 812 768 870 elemosinas,
803 818 916 858 totus
948 815 991 857 in
1025 814 1335 872 hospitalitates
1369 828 1603 872 pauperum
1637 818 1679 858 et

105 890 423 948 peregrinorum
442 904 589 945 versus
621 895 696 935 est.
748 891 955 948 Quicquid
983 893 1289 936 frumentorum
1322 896 1395 936 aut
1416 892 1677 947 victualium,

106 968 304 1024 quicquid
335 969 428 1012 auri
460 968 526 1012 vel
565 970 731 1024 argenti
769 983 949 1026 usquam
982 970 1047 1013 vel
1079 984 1263 1026 unquam
1302 970 1484 1014 inveniri
1525 971 1675 1027 potuit,

106 1059 182 1103 per
212 1046 426 1102 egentium
457 1060 607 1090 manus
637 1048 682 1090 in
713 1048 933 1092 thesauros
965 1048 1044 1092 celi
1074 1048 1372 1092 transmissum
1405 1051 1480 1091 est.

224 1124 296 1168 31.
326 1123 391 1167 Eo
403 1126 604 1182 tempore
625 1125 840 1169 orientalis
858 1126 1039 1169 Francia
1060 1126 1283 1170 sterilitate
1301 1139 1508 1169 annorum
1525 1139 1678 1180 magna
1705 1135 1797 1170 1125

104 1201 228 1259 panis
257 1201 402 1258 inopia
431 1200 688 1246 laborabat².
745 1204 831 1261 Ipsi
863 1198 1044 1260 namque
1076 1204 1361 1261 opulentiores
1392 1203 1517 1247 famis
1550 1204 1677 1247 etiam

105 1282 294 1324 extrema
322 1279 573 1324 necessitate
603 1281 872 1337 squalebant3
913 1282 1060 1338 inopes
1103 1285 1146 1325 et
1184 1282 1365 1325 mendici
1402 1281 1560 1338 passim
1601 1295 1677 1338 per

104 1356 268 1415 plateas
299 1360 342 1402 et
372 1371 496 1413 agros
527 1359 683 1402 mortui
713 1360 920 1415 iacebant,
953 1360 1014 1402 ita
1034 1364 1081 1403 ut
1102 1373 1177 1416 pre
1199 1359 1469 1403 multitudine
1491 1359 1535 1402 in
1559 1359 1677 1402 cimi-

103 1435 222 1480 teriis
260 1435 427 1479 humari
466 1449 551 1479 non
590 1441 776 1494 possent.
835 1437 917 1480 Sed
955 1437 1019 1480 vir
1057 1437 1137 1480 Dei
1183 1437 1474 1480 misericordia
1511 1436 1675 1493 plenus,

103 1526 266 1557 memor
285 1510 457 1569 ·Tobie³‚
490 1514 614 1558 modo
648 1528 722 1571 per
755 1529 799 1558 se
830 1515 954 1558 modo
987 1528 1062 1571 per
1094 1514 1197 1558 alios
1231 1514 1460 1571 sepeliendi
1493 1513 1675 1557 officium

103 1590 328 1648 conplevit.
382 1590 464 1636 Ubi
495 1595 638 1635 autem
669 1593 918 1636 cadaverum
958 1592 1183 1635 multitudo
1216 1592 1476 1649 sepulturam
1510 1591 1677 1634 ordina-

102 1672 192 1713 tam
221 1667 314 1713 fieri
343 1682 428 1712 non
459 1669 637 1725 sinebat,
670 1670 860 1724 ingentes
893 1671 1027 1714 fossas
1055 1670 1314 1727 preparavit,
1347 1674 1389 1713 et
1409 1672 1606 1713 centenos
1630 1682 1678 1712 ac

103 1745 297 1791 millenos
328 1736 454 1791 simul
486 1747 735 1804 quandoque
765 1753 877 1791 terre
899 1748 1140 1804 mandabat,
1173 1749 1314 1805 precio
1343 1747 1580 1791 conducens
1603 1747 1676 1790 ho-

103 1824 254 1880 mines,
286 1825 358 1882 qui
389 1825 542 1869 talibus
575 1824 724 1868 officiis
755 1825 910 1880 iugiter
940 1826 1206 1869 inservirent.
1257 1826 1350 1883 Ipse
1373 1829 1510 1869 autem
1534 1839 1610 1882 per
1631 1839 1676 1869 se

103 1903 246 1946 omnia
263 1902 485 1958 lustrabat,
507 1902 621 1947 vicos
642 1903 805 1959 plateas
828 1916 876 1946 ac
897 1903 1043 1946 domos
1064 1903 1338 1960 pupillorum,
1356 1917 1530 1960 vespere
1551 1917 1676 1946 mane

103 1983 147 2024 et
176 1980 351 2024 meridie
381 1993 460 2024 nec
488 1993 573 2023 non
606 1980 733 2023 etiam
765 1984 967 2024 nocturno
996 1984 1187 2038 tempore
1209 1982 1419 2024 visitando
1442 1995 1576 2036 egrOS‚
1609 1995 1674 2024 re-

101 2056 280 2102 ficiendo
300 2058 531 2113 famelicos,
554 2058 750 2113 omnique
771 2058 939 2113 ingenio
963 2058 1068 2102 bene
1089 2059 1292 2115 operandi
1308 2059 1398 2102 vias
1420 2058 1672 2114 inquirebat.

223 2136 294 2179 32.
341 2135 510 2180 Accidit
541 2149 638 2190 ergo
671 2135 738 2178 die
771 2135 951 2191 quadam
979 2139 1071 2179 estu
1092 2137 1339 2191 meridiano,
1372 2136 1538 2192 quando
1559 2136 1673 2179 intus

101 2213 146 2257 in
167 2213 422 2258 umbraculis
445 2217 486 2257 et
507 2213 785 2269 refrigidariis
814 2213 901 2257 suis
924 2218 1177 2270 soporantur
1197 2214 1402 2269 homineS‚
1436 2214 1672 2270 episcopus,

103 2291 235 2335 accito
269 2291 525 2335 cubiculario
557 2306 675 2335 more
707 2305 804 2346 suo,
846 2291 899 2334 ad
937 2292 1145 2348 hospitale
1183 2306 1416 2349 pauperum
1455 2292 1669 2348 pergebat.

101 2369 215 2413 Dum
247 2372 385 2413 autem
419 2369 514 2424 iret,
545 2370 654 2413 fetor
685 2369 893 2415 inhumati
921 2370 1109 2426 corporis
1131 2384 1215 2413 non
1237 2369 1384 2426 procul
1407 2383 1431 2412 a
1452 2369 1520 2412 via
1542 2369 1671 2413 desub

102 2447 248 2491 urticis
279 2460 403 2490 nares
436 2447 524 2491 eius
556 2447 709 2502 tetigit.
760 2446 958 2490 Substitit
980 2461 1077 2501 ergo
1101 2451 1143 2490 et
1164 2447 1419 2490 cubiculario
1443 2461 1517 2490 suo
1541 2447 1671 2502 digito

101 2524 239 2568 locum
271 2525 585 2569 demonstrans:
622 2525 767 2568 Sentio
801 2524 860 2567 ait
891 2534 1106 2581 tamquam
1137 2526 1227 2568 illie
1259 2541 1410 2582 corpus
1443 2527 1672 2569 humanum

100 2604 247 2646 iaceat.
295 2601 501 2658 Pergente
532 2598 685 2659 puero,
725 2603 914 2658 sequitur
954 2602 1195 2659 episcopus3
1237 2603 1459 2658 diligenter
1491 2607 1672 2659 querunt

101 2693 152 2724 ac
190 2680 362 2724 tandem
400 2680 511 2724 inter
550 2680 702 2723 herbas
742 2683 784 2723 et
821 2679 970 2722 silvam
1004 2681 1155 2723 stantis
1188 2681 1320 2724 urtice
1351 2681 1584 2738 proiectum
1619 2681 1670 2723 ad

101 2771 243 2814 sepem
267 2758 445 2801 cadaver
466 2758 687 2802 inveniunt
708 2757 910 2812 mulieriS‚
942 2757 1080 2800 lacero
1104 2758 1221 2802 vultu
1250 2762 1292 2802 et
1313 2759 1364 2802 ab
1388 2758 1535 2802 avibus
1558 2772 1670 2801 com-

102 2837 205 2879 esto.
257 2835 514 2892 Episcopus,
546 2838 770 2892 conspecta
801 2835 992 2891 miseria,
1025 2836 1124 2879 ferit
1159 2839 1325 2893 pectus,
1359 2840 1514 2879 sortem
1547 2835 1671 2879 deflet

198 2940 230 2975 1.
256 2939 384 2975 Matth.
404 2940 460 2986 19,
486 2941 543 2976 29.
669 2942 702 2976 2.
736 2939 791 2976 Of.
818 2940 1031 2976 Ekkehardi
1057 2941 1181 2978 chron.
1203 2942 1314 2987 1125,
1348 2942 1443 2977 Mon.
1463 2941 1584 2977 Germ.
1605 2940 1669 2977 SS.

102 2997 155 3036 VI
180 2998 261 3034 264.
279 2999 360 3035 265.
505 3000 539 3035 3.
565 2998 657 3035 Tob.
678 3000 711 3045 2,
736 3000 770 3034 3.
787 2999 822 3035 4.
