<?xml version="1.0" encoding="UTF-8"?>
<!DOCTYPE html PUBLIC "-//W3C//DTD XHTML 1.0 Transitional//EN"
    "http://www.w3.org/TR/xhtml1/DTD/xhtml1-transitional.dtd">
<html xmlns="http://www.w3.org/1999/xhtml" xml:lang="en" lang="en">
 <head>
  <title>
</title>
<meta http-equiv="Content-Type" content="text/html;charset=utf-8" />
  <meta name='ocr-system' content='tesseract 3.04.00' />
  <meta name='ocr-capabilities' content='ocr_page ocr_carea ocr_par ocr_line ocrx_word'/>
</head>
<body>
  <div class='ocr_page' id='page_1' title='image "bibliothecarerum05wattuoft_0489.png"; bbox 0 0 2028 3438; ppageno 0'>
   <div class='ocr_carea' id='block_1_1' title="bbox 496 282 1648 325">
    <p class='ocr_par' dir='ltr' id='par_1_1' title="bbox 496 282 1648 325">
     <span class='ocr_line' id='line_1_1' title="bbox 496 282 1648 325; baseline 0.003 -3"><span class='ocrx_word' id='word_1_1' title='bbox 496 291 748 323; x_wconf 69' lang='lat' dir='ltr'>nms&#39;ronffl</span> <span class='ocrx_word' id='word_1_2' title='bbox 778 291 1153 324; x_wconf 70' lang='lat' dir='ltr'>BAMBnnGnnsns.</span> <span class='ocrx_word' id='word_1_3' title='bbox 1202 291 1225 324; x_wconf 83' lang='lat'>2</span> <span class='ocrx_word' id='word_1_4' title='bbox 1559 282 1648 325; x_wconf 83' lang='lat'>473</span> 
     </span>
    </p>
   </div>
   <div class='ocr_carea' id='block_1_2' title="bbox 6 398 1650 2719">
    <p class='ocr_par' dir='ltr' id='par_1_2' title="bbox 77 398 1650 1078">
     <span class='ocr_line' id='line_1_2' title="bbox 89 398 1650 457; baseline 0.001 -15"><span class='ocrx_word' id='word_1_5' title='bbox 89 425 109 437; x_wconf 55' lang='grc' dir='ltr'>,ι</span> <span class='ocrx_word' id='word_1_6' title='bbox 191 398 283 443; x_wconf 79' lang='lat' dir='ltr'>Diu</span> <span class='ocrx_word' id='word_1_7' title='bbox 314 402 358 443; x_wconf 83' lang='lat' dir='ltr'>et</span> <span class='ocrx_word' id='word_1_8' title='bbox 390 398 570 442; x_wconf 90' lang='lat' dir='ltr'>multum</span> <span class='ocrx_word' id='word_1_9' title='bbox 609 399 818 455; x_wconf 88' lang='lat' dir='ltr'>quesitus,</span> <span class='ocrx_word' id='word_1_10' title='bbox 856 398 1025 443; x_wconf 91' lang='lat' dir='ltr'>domine</span> <span class='ocrx_word' id='word_1_11' title='bbox 1056 399 1137 454; x_wconf 90' lang='lat' dir='ltr'>mi,</span> <span class='ocrx_word' id='word_1_12' title='bbox 1176 403 1323 457; x_wconf 86' lang='lat' dir='ltr'>patere</span> <span class='ocrx_word' id='word_1_13' title='bbox 1361 401 1534 444; x_wconf 88' lang='lat' dir='ltr'>tandem</span> <span class='ocrx_word' id='word_1_14' title='bbox 1572 401 1650 445; x_wconf 90' lang='lat' dir='ltr'>ali-</span> 
     </span>
     <span class='ocr_line' id='line_1_3' title="bbox 79 476 683 533; baseline -0.002 -12"><span class='ocrx_word' id='word_1_15' title='bbox 79 476 388 533; x_wconf 54' lang='lat' dir='ltr'>quandonam</span> <span class='ocrx_word' id='word_1_16' title='bbox 415 479 459 520; x_wconf 89' lang='lat' dir='ltr'>te</span> <span class='ocrx_word' id='word_1_17' title='bbox 486 477 683 520; x_wconf 85' lang='lat' dir='ltr'>inveniri.</span> 
     </span>
     <span class='ocr_line' id='line_1_4' title="bbox 90 553 1649 611; baseline 0.004 -17"><span class='ocrx_word' id='word_1_18' title='bbox 90 581 102 585; x_wconf 30' lang='grc' dir='ltr'><em>Α</em></span> <span class='ocrx_word' id='word_1_19' title='bbox 158 553 351 599; x_wconf 78' lang='lat' dir='ltr'>&#39;-.·Neecio</span> <span class='ocrx_word' id='word_1_20' title='bbox 381 566 463 611; x_wconf 89' lang='lat' dir='ltr'>quo</span> <span class='ocrx_word' id='word_1_21' title='bbox 494 554 724 598; x_wconf 72' lang='lat' dir='ltr'>infortunio</span> <span class='ocrx_word' id='word_1_22' title='bbox 755 558 864 610; x_wconf 87' lang='lat' dir='ltr'>meo,</span> <span class='ocrx_word' id='word_1_23' title='bbox 896 555 1089 611; x_wconf 89' lang='lat' dir='ltr'>quotiens</span> <span class='ocrx_word' id='word_1_24' title='bbox 1119 555 1165 598; x_wconf 90' lang='lat' dir='ltr'>in</span> <span class='ocrx_word' id='word_1_25' title='bbox 1185 555 1270 598; x_wconf 87' lang='lat' dir='ltr'>ista</span> <span class='ocrx_word' id='word_1_26' title='bbox 1292 558 1503 599; x_wconf 86' lang='lat' dir='ltr'>terrarum</span> <span class='ocrx_word' id='word_1_27' title='bbox 1524 569 1649 600; x_wconf 91' lang='lat' dir='ltr'>vene-</span> 
     </span>
     <span class='ocr_line' id='line_1_5' title="bbox 78 631 1650 690; baseline 0.001 -15"><span class='ocrx_word' id='word_1_28' title='bbox 78 645 168 676; x_wconf 86' lang='lat' dir='ltr'>ram</span> <span class='ocrx_word' id='word_1_29' title='bbox 179 638 208 688; x_wconf 78' lang='lat'>⁸,</span> <span class='ocrx_word' id='word_1_30' title='bbox 239 631 347 688; x_wconf 81' lang='lat' dir='ltr'>quae</span> <span class='ocrx_word' id='word_1_31' title='bbox 366 631 614 688; x_wconf 83' lang='lat' dir='ltr'>longissima</span> <span class='ocrx_word' id='word_1_32' title='bbox 634 635 682 675; x_wconf 91' lang='lat' dir='ltr'>tu</span> <span class='ocrx_word' id='word_1_33' title='bbox 702 632 972 689; x_wconf 82' lang='lat' dir='ltr'>peragrabaS,</span> <span class='ocrx_word' id='word_1_34' title='bbox 1007 632 1094 676; x_wconf 54' lang='lat' dir='ltr'>eil*</span> <span class='ocrx_word' id='word_1_35' title='bbox 1122 646 1302 690; x_wconf 82' lang='lat' dir='ltr'><strong>semper,</strong></span> <span class='ocrx_word' id='word_1_36' title='bbox 1329 633 1430 676; x_wconf 91' lang='lat' dir='ltr'>dum</span> <span class='ocrx_word' id='word_1_37' title='bbox 1451 634 1495 676; x_wconf 92' lang='lat' dir='ltr'>in</span> <span class='ocrx_word' id='word_1_38' title='bbox 1517 633 1650 678; x_wconf 86' lang='lat' dir='ltr'>altera</span> 
     </span>
     <span class='ocr_line' id='line_1_6' title="bbox 77 707 1648 767; baseline 0 -13"><span class='ocrx_word' id='word_1_39' title='bbox 77 710 177 767; x_wconf 70' lang='lat' dir='ltr'>ripa</span> <span class='ocrx_word' id='word_1_40' title='bbox 193 707 411 754; x_wconf 71' lang='lat' dir='ltr'>³fluminis¹</span> <span class='ocrx_word' id='word_1_41' title='bbox 445 713 488 754; x_wconf 91' lang='lat' dir='ltr'>te</span> <span class='ocrx_word' id='word_1_42' title='bbox 507 710 772 753; x_wconf 76' lang='lat' dir='ltr'>nunciatum</span> <span class='ocrx_word' id='word_1_43' title='bbox 810 723 987 765; x_wconf 83' lang='lat' dir='ltr'>quaero,</span> <span class='ocrx_word' id='word_1_44' title='bbox 1025 711 1112 754; x_wconf 89' lang='lat' dir='ltr'>iam</span> <span class='ocrx_word' id='word_1_45' title='bbox 1142 711 1335 754; x_wconf 82' lang='lat' dir='ltr'><strong>transisti</strong></span> <span class='ocrx_word' id='word_1_46' title='bbox 1365 711 1411 754; x_wconf 94' lang='lat' dir='ltr'>in</span> <span class='ocrx_word' id='word_1_47' title='bbox 1451 710 1648 766; x_wconf 84' lang='lat' dir='ltr'>alteram3</span> 
     </span>
     <span class='ocr_line' id='line_1_7' title="bbox 78 786 1649 846; baseline 0.001 -15"><span class='ocrx_word' id='word_1_48' title='bbox 78 796 359 844; x_wconf 65' lang='lat' dir='ltr'>nequaquam,</span> <span class='ocrx_word' id='word_1_49' title='bbox 391 790 440 831; x_wconf 88' lang='lat' dir='ltr'>ut</span> <span class='ocrx_word' id='word_1_50' title='bbox 465 786 610 831; x_wconf 83' lang='lat' dir='ltr'>saltim</span> <span class='ocrx_word' id='word_1_51' title='bbox 642 787 796 830; x_wconf 87' lang='lat' dir='ltr'>litteris</span> <span class='ocrx_word' id='word_1_52' title='bbox 817 790 860 830; x_wconf 91' lang='lat' dir='ltr'>te</span> <span class='ocrx_word' id='word_1_53' title='bbox 884 788 1145 844; x_wconf 83' lang='lat' dir='ltr'>conveniam,</span> <span class='ocrx_word' id='word_1_54' title='bbox 1178 789 1507 846; x_wconf 82' lang='lat' dir='ltr'>oportunitatem</span> <span class='ocrx_word' id='word_1_55' title='bbox 1529 789 1649 833; x_wconf 90' lang='lat' dir='ltr'>dans.</span> 
     </span>
     <span class='ocr_line' id='line_1_8' title="bbox 79 864 1650 923; baseline 0.001 -14"><span class='ocrx_word' id='word_1_56' title='bbox 79 864 223 909; x_wconf 70' lang='lat' dir='ltr'>Iacent</span> <span class='ocrx_word' id='word_1_57' title='bbox 250 864 390 909; x_wconf 78' lang='lat' dir='ltr'>adbuc</span> <span class='ocrx_word' id='word_1_58' title='bbox 419 865 462 908; x_wconf 91' lang='lat' dir='ltr'>in</span> <span class='ocrx_word' id='word_1_59' title='bbox 494 865 662 909; x_wconf 85' lang='lat' dir='ltr'>seriniis</span> <span class='ocrx_word' id='word_1_60' title='bbox 694 865 800 908; x_wconf 90' lang='lat' dir='ltr'>meis</span> <span class='ocrx_word' id='word_1_61' title='bbox 825 864 993 909; x_wconf 85' lang='lat' dir='ltr'>litterae</span> <span class='ocrx_word' id='word_1_62' title='bbox 1024 869 1254 923; x_wconf 86' lang='lat' dir='ltr'>torpentes,</span> <span class='ocrx_word' id='word_1_63' title='bbox 1285 867 1371 910; x_wconf 93' lang='lat' dir='ltr'>iam</span> <span class='ocrx_word' id='word_1_64' title='bbox 1392 867 1548 910; x_wconf 89' lang='lat' dir='ltr'>dudum</span> <span class='ocrx_word' id='word_1_65' title='bbox 1572 867 1650 911; x_wconf 90' lang='lat' dir='ltr'>tibi</span> 
     </span>
     <span class='ocr_line' id='line_1_9' title="bbox 79 942 1648 1001; baseline 0.001 -15"><span class='ocrx_word' id='word_1_66' title='bbox 79 943 284 998; x_wconf 83' lang='lat' dir='ltr'>directae3</span> <span class='ocrx_word' id='word_1_67' title='bbox 318 942 607 999; x_wconf 58' lang='lat' dir='ltr'>quas&gt;¹legatus</span> <span class='ocrx_word' id='word_1_68' title='bbox 627 955 760 998; x_wconf 84' lang='lat' dir='ltr'>meus,</span> <span class='ocrx_word' id='word_1_69' title='bbox 793 944 1019 999; x_wconf 81' lang='lat' dir='ltr'>postridie⁶</span> <span class='ocrx_word' id='word_1_70' title='bbox 1041 957 1271 1001; x_wconf 85' lang='lat' dir='ltr'>regressus,</span> <span class='ocrx_word' id='word_1_71' title='bbox 1293 948 1336 988; x_wconf 91' lang='lat' dir='ltr'>te</span> <span class='ocrx_word' id='word_1_72' title='bbox 1357 959 1440 989; x_wconf 92' lang='lat' dir='ltr'>non</span> <span class='ocrx_word' id='word_1_73' title='bbox 1461 946 1648 1001; x_wconf 89' lang='lat' dir='ltr'>invento,</span> 
     </span>
     <span class='ocr_line' id='line_1_10' title="bbox 77 1020 874 1078; baseline 0 -14"><span class='ocrx_word' id='word_1_74' title='bbox 77 1020 238 1066; x_wconf 70' lang='lat' dir='ltr'>frustra</span> <span class='ocrx_word' id='word_1_75' title='bbox 266 1034 327 1064; x_wconf 72' lang='lat' dir='ltr'>se—</span> <span class='ocrx_word' id='word_1_76' title='bbox 342 1021 556 1078; x_wconf 78' lang='lat' dir='ltr'>accepisse</span> <span class='ocrx_word' id='word_1_77' title='bbox 586 1023 766 1064; x_wconf 90' lang='lat' dir='ltr'>testatus</span> <span class='ocrx_word' id='word_1_78' title='bbox 798 1023 874 1064; x_wconf 89' lang='lat' dir='ltr'>est.</span> 
     </span>
    </p>

    <p class='ocr_par' dir='ltr' id='par_1_3' title="bbox 76 1097 1650 1625">
     <span class='ocr_line' id='line_1_11' title="bbox 123 1097 1650 1156; baseline 0.002 -14"><span class='ocrx_word' id='word_1_79' title='bbox 123 1118 125 1121; x_wconf 50' lang='lat'><em>⁴</em></span> <span class='ocrx_word' id='word_1_80' title='bbox 197 1097 406 1143; x_wconf 74' lang='lat' dir='ltr'>Habet-em</span> <span class='ocrx_word' id='word_1_81' title='bbox 435 1101 601 1154; x_wconf 82' lang='lat' dir='ltr'>tamen,</span> <span class='ocrx_word' id='word_1_82' title='bbox 632 1099 670 1143; x_wconf 87' lang='lat' dir='ltr'>si</span> <span class='ocrx_word' id='word_1_83' title='bbox 693 1098 904 1154; x_wconf 86' lang='lat' dir='ltr'>auderem,</span> <span class='ocrx_word' id='word_1_84' title='bbox 937 1098 1122 1156; x_wconf 89' lang='lat' dir='ltr'>plurima</span> <span class='ocrx_word' id='word_1_85' title='bbox 1141 1099 1220 1144; x_wconf 92' lang='lat' dir='ltr'>tibi</span> <span class='ocrx_word' id='word_1_86' title='bbox 1248 1113 1490 1155; x_wconf 85' lang='lat' dir='ltr'>suggerere:</span> <span class='ocrx_word' id='word_1_87' title='bbox 1525 1104 1568 1144; x_wconf 90' lang='lat' dir='ltr'>et</span> <span class='ocrx_word' id='word_1_88' title='bbox 1597 1101 1650 1145; x_wconf 91' lang='lat' dir='ltr'>de</span> 
     </span>
     <span class='ocr_line' id='line_1_12' title="bbox 77 1177 1650 1236; baseline 0.002 -16"><span class='ocrx_word' id='word_1_89' title='bbox 77 1177 471 1221; x_wconf 74' lang='lat' dir='ltr'>istacominotione</span> <span class='ocrx_word' id='word_1_90' title='bbox 500 1190 643 1220; x_wconf 88' lang='lat' dir='ltr'>rerum</span> <span class='ocrx_word' id='word_1_91' title='bbox 674 1179 856 1232; x_wconf 90' lang='lat' dir='ltr'>tuarum,</span> <span class='ocrx_word' id='word_1_92' title='bbox 889 1190 973 1233; x_wconf 92' lang='lat' dir='ltr'>qua</span> <span class='ocrx_word' id='word_1_93' title='bbox 1002 1180 1044 1221; x_wconf 93' lang='lat' dir='ltr'>te</span> <span class='ocrx_word' id='word_1_94' title='bbox 1073 1177 1188 1221; x_wconf 88' lang='lat' dir='ltr'>ultra</span> <span class='ocrx_word' id='word_1_95' title='bbox 1219 1191 1344 1234; x_wconf 88' lang='lat' dir='ltr'>quam</span> <span class='ocrx_word' id='word_1_96' title='bbox 1366 1179 1480 1222; x_wconf 90' lang='lat' dir='ltr'>credi</span> <span class='ocrx_word' id='word_1_97' title='bbox 1506 1182 1650 1236; x_wconf 89' lang='lat' dir='ltr'>posset</span> 
     </span>
     <span class='ocr_line' id='line_1_13' title="bbox 76 1254 1648 1314; baseline 0.001 -15"><span class='ocrx_word' id='word_1_98' title='bbox 76 1254 372 1314; x_wconf 81' lang='lat' dir='ltr'>perturbatum</span> <span class='ocrx_word' id='word_1_99' title='bbox 403 1255 562 1309; x_wconf 87' lang='lat' dir='ltr'>sentio,</span> <span class='ocrx_word' id='word_1_100' title='bbox 602 1267 652 1297; x_wconf 88' lang='lat' dir='ltr'>ac</span> <span class='ocrx_word' id='word_1_101' title='bbox 682 1254 734 1297; x_wconf 91' lang='lat' dir='ltr'>de</span> <span class='ocrx_word' id='word_1_102' title='bbox 763 1257 912 1298; x_wconf 88' lang='lat' dir='ltr'>nostra</span> <span class='ocrx_word' id='word_1_103' title='bbox 941 1255 1068 1298; x_wconf 91' lang='lat' dir='ltr'>etiam</span> <span class='ocrx_word' id='word_1_104' title='bbox 1095 1280 1149 1286; x_wconf 88' lang='lat'>—</span> <span class='ocrx_word' id='word_1_105' title='bbox 1183 1269 1288 1312; x_wconf 87' lang='lat' dir='ltr'>quos</span> <span class='ocrx_word' id='word_1_106' title='bbox 1318 1256 1418 1312; x_wconf 91' lang='lat' dir='ltr'>tibi,</span> <span class='ocrx_word' id='word_1_107' title='bbox 1458 1256 1648 1301; x_wconf 88' lang='lat' dir='ltr'>infirmas</span> 
     </span>
     <span class='ocr_line' id='line_1_14' title="bbox 76 1332 1649 1390; baseline 0.001 -13"><span class='ocrx_word' id='word_1_108' title='bbox 76 1346 145 1377; x_wconf 85' lang='lat' dir='ltr'>res</span> <span class='ocrx_word' id='word_1_109' title='bbox 182 1335 348 1377; x_wconf 85' lang='lat' dir='ltr'>nostras</span> <span class='ocrx_word' id='word_1_110' title='bbox 384 1332 474 1377; x_wconf 90' lang='lat' dir='ltr'>Deo</span> <span class='ocrx_word' id='word_1_111' title='bbox 513 1332 696 1376; x_wconf 83' lang='lat' dir='ltr'>donante</span> <span class='ocrx_word' id='word_1_112' title='bbox 732 1332 979 1388; x_wconf 88' lang='lat' dir='ltr'>miseratus,</span> <span class='ocrx_word' id='word_1_113' title='bbox 1027 1334 1071 1376; x_wconf 95' lang='lat' dir='ltr'>in</span> <span class='ocrx_word' id='word_1_114' title='bbox 1109 1334 1390 1390; x_wconf 80' lang='lat' dir='ltr'>patrocinium</span> <span class='ocrx_word' id='word_1_115' title='bbox 1423 1335 1649 1379; x_wconf 83' lang='lat' dir='ltr'>vindicasti</span> 
     </span>
     <span class='ocr_line' id='line_1_15' title="bbox 78 1410 1648 1469; baseline 0.001 -14"><span class='ocrx_word' id='word_1_116' title='bbox 78 1434 134 1445; x_wconf 83' lang='lat'>·—-</span> <span class='ocrx_word' id='word_1_117' title='bbox 155 1411 411 1455; x_wconf 81' lang='lat' dir='ltr'>defensione.</span> <span class='ocrx_word' id='word_1_118' title='bbox 533 1410 593 1454; x_wconf 89' lang='lat' dir='ltr'>Te</span> <span class='ocrx_word' id='word_1_119' title='bbox 625 1413 762 1454; x_wconf 87' lang='lat' dir='ltr'>autem</span> <span class='ocrx_word' id='word_1_120' title='bbox 787 1410 918 1467; x_wconf 90' lang='lat' dir='ltr'>salv0,</span> <span class='ocrx_word' id='word_1_121' title='bbox 949 1425 1017 1455; x_wconf 90' lang='lat' dir='ltr'>res</span> <span class='ocrx_word' id='word_1_122' title='bbox 1041 1415 1210 1455; x_wconf 91' lang='lat' dir='ltr'>nostrae</span> <span class='ocrx_word' id='word_1_123' title='bbox 1241 1413 1286 1455; x_wconf 88' lang='lat' dir='ltr'>in</span> <span class='ocrx_word' id='word_1_124' title='bbox 1317 1416 1444 1469; x_wconf 90' lang='lat' dir='ltr'>portu</span> <span class='ocrx_word' id='word_1_125' title='bbox 1474 1414 1648 1468; x_wconf 90' lang='lat' dir='ltr'>naviga-</span> 
     </span>
     <span class='ocr_line' id='line_1_16' title="bbox 76 1488 1648 1547; baseline 0.001 -14"><span class='ocrx_word' id='word_1_126' title='bbox 76 1489 194 1533; x_wconf 78' lang='lat' dir='ltr'>bunt.</span> <span class='ocrx_word' id='word_1_127' title='bbox 234 1488 459 1544; x_wconf 80' lang='lat' dir='ltr'>Quocirca,</span> <span class='ocrx_word' id='word_1_128' title='bbox 491 1489 678 1532; x_wconf 89' lang='lat' dir='ltr'>dimissis</span> <span class='ocrx_word' id='word_1_129' title='bbox 709 1489 878 1532; x_wconf 87' lang='lat' dir='ltr'>interim</span> <span class='ocrx_word' id='word_1_130' title='bbox 900 1490 1072 1545; x_wconf 86' lang='lat' dir='ltr'>nostris,</span> <span class='ocrx_word' id='word_1_131' title='bbox 1105 1490 1230 1534; x_wconf 88' lang='lat' dir='ltr'>rebus</span> <span class='ocrx_word' id='word_1_132' title='bbox 1255 1491 1354 1546; x_wconf 83' lang='lat' dir='ltr'>tuis,</span> <span class='ocrx_word' id='word_1_133' title='bbox 1387 1491 1498 1547; x_wconf 91' lang='lat' dir='ltr'>quod</span> <span class='ocrx_word' id='word_1_134' title='bbox 1522 1492 1648 1535; x_wconf 92' lang='lat' dir='ltr'>modo</span> 
     </span>
     <span class='ocr_line' id='line_1_17' title="bbox 76 1566 1626 1625; baseline 0.001 -14"><span class='ocrx_word' id='word_1_135' title='bbox 76 1566 215 1623; x_wconf 82' lang='lat' dir='ltr'>magis</span> <span class='ocrx_word' id='word_1_136' title='bbox 241 1567 414 1624; x_wconf 72' lang='lat' dir='ltr'>premit,</span> <span class='ocrx_word' id='word_1_137' title='bbox 446 1567 482 1610; x_wconf 90' lang='lat' dir='ltr'>si</span> <span class='ocrx_word' id='word_1_138' title='bbox 512 1567 655 1623; x_wconf 89' lang='lat' dir='ltr'>aliquo</span> <span class='ocrx_word' id='word_1_139' title='bbox 682 1567 807 1610; x_wconf 91' lang='lat' dir='ltr'>modo</span> <span class='ocrx_word' id='word_1_140' title='bbox 838 1567 998 1611; x_wconf 87' lang='lat' dir='ltr'>mederi</span> <span class='ocrx_word' id='word_1_141' title='bbox 1029 1569 1178 1625; x_wconf 89' lang='lat' dir='ltr'>possit,</span> <span class='ocrx_word' id='word_1_142' title='bbox 1211 1568 1517 1624; x_wconf 89' lang='lat' dir='ltr'>invigilandum</span> <span class='ocrx_word' id='word_1_143' title='bbox 1550 1573 1626 1613; x_wconf 89' lang='lat' dir='ltr'>est.</span> 
     </span>
    </p>

    <p class='ocr_par' dir='ltr' id='par_1_4' title="bbox 6 1644 1649 2092">
     <span class='ocr_line' id='line_1_18' title="bbox 125 1644 1645 1702; baseline 0.001 -13"><span class='ocrx_word' id='word_1_144' title='bbox 125 1674 128 1675; x_wconf 27' lang='grc' dir='ltr'><em>ν</em></span> <span class='ocrx_word' id='word_1_145' title='bbox 195 1645 466 1689; x_wconf 77' lang='lat' dir='ltr'>Adiutorium</span> <span class='ocrx_word' id='word_1_146' title='bbox 498 1647 690 1689; x_wconf 88' lang='lat' dir='ltr'>nostrum</span> <span class='ocrx_word' id='word_1_147' title='bbox 712 1659 737 1688; x_wconf 92' lang='lat' dir='ltr'>a</span> <span class='ocrx_word' id='word_1_148' title='bbox 757 1645 955 1702; x_wconf 90' lang='lat' dir='ltr'>Domino,</span> <span class='ocrx_word' id='word_1_149' title='bbox 988 1646 1059 1702; x_wconf 90' lang='lat' dir='ltr'>qui</span> <span class='ocrx_word' id='word_1_150' title='bbox 1078 1646 1180 1690; x_wconf 89' lang='lat' dir='ltr'>fecit</span> <span class='ocrx_word' id='word_1_151' title='bbox 1200 1646 1363 1690; x_wconf 89' lang='lat' dir='ltr'>caelum</span> <span class='ocrx_word' id='word_1_152' title='bbox 1384 1650 1427 1690; x_wconf 91' lang='lat' dir='ltr'>et</span> <span class='ocrx_word' id='word_1_153' title='bbox 1450 1650 1608 1690; x_wconf 87' lang='lat' dir='ltr'>terram</span> <span class='ocrx_word' id='word_1_154' title='bbox 1618 1644 1645 1690; x_wconf 83' lang='lat'>².</span> 
     </span>
     <span class='ocr_line' id='line_1_19' title="bbox 76 1722 1649 1780; baseline 0.001 -13"><span class='ocrx_word' id='word_1_155' title='bbox 76 1722 184 1775; x_wconf 89' lang='lat' dir='ltr'>Quid</span> <span class='ocrx_word' id='word_1_156' title='bbox 216 1726 281 1767; x_wconf 90' lang='lat' dir='ltr'>est</span> <span class='ocrx_word' id='word_1_157' title='bbox 309 1723 408 1780; x_wconf 91' lang='lat' dir='ltr'>hoc,</span> <span class='ocrx_word' id='word_1_158' title='bbox 441 1723 610 1767; x_wconf 91' lang='lat' dir='ltr'>domine</span> <span class='ocrx_word' id='word_1_159' title='bbox 640 1723 720 1778; x_wconf 92' lang='lat' dir='ltr'>mi,</span> <span class='ocrx_word' id='word_1_160' title='bbox 759 1723 870 1779; x_wconf 90' lang='lat' dir='ltr'>quod</span> <span class='ocrx_word' id='word_1_161' title='bbox 900 1726 1019 1767; x_wconf 89' lang='lat' dir='ltr'>tanto</span> <span class='ocrx_word' id='word_1_162' title='bbox 1051 1727 1092 1768; x_wconf 90' lang='lat' dir='ltr'>te</span> <span class='ocrx_word' id='word_1_163' title='bbox 1123 1738 1287 1769; x_wconf 88' lang='lat' dir='ltr'>merore</span> <span class='ocrx_word' id='word_1_164' title='bbox 1325 1724 1485 1769; x_wconf 83' lang='lat' dir='ltr'>afficis?</span> <span class='ocrx_word' id='word_1_165' title='bbox 1539 1725 1649 1777; x_wconf 87' lang='lat' dir='ltr'>Quid</span> 
     </span>
     <span class='ocr_line' id='line_1_20' title="bbox 75 1801 1647 1861; baseline 0.001 -17"><span class='ocrx_word' id='word_1_166' title='bbox 75 1801 253 1857; x_wconf 85' lang='lat' dir='ltr'>contigit</span> <span class='ocrx_word' id='word_1_167' title='bbox 280 1801 382 1857; x_wconf 90' lang='lat' dir='ltr'>tibi,</span> <span class='ocrx_word' id='word_1_168' title='bbox 421 1802 531 1845; x_wconf 90' lang='lat' dir='ltr'>unde</span> <span class='ocrx_word' id='word_1_169' title='bbox 560 1804 756 1858; x_wconf 90' lang='lat' dir='ltr'>torquere</span> <span class='ocrx_word' id='word_1_170' title='bbox 788 1804 830 1845; x_wconf 89' lang='lat' dir='ltr'>te</span> <span class='ocrx_word' id='word_1_171' title='bbox 860 1801 1044 1846; x_wconf 84' lang='lat' dir='ltr'>habeas?</span> <span class='ocrx_word' id='word_1_172' title='bbox 1095 1802 1277 1847; x_wconf 85' lang='lat' dir='ltr'>Etiamsi</span> <span class='ocrx_word' id='word_1_173' title='bbox 1307 1803 1456 1861; x_wconf 90' lang='lat' dir='ltr'>pericli</span> <span class='ocrx_word' id='word_1_174' title='bbox 1488 1803 1647 1859; x_wconf 89' lang='lat' dir='ltr'>aliquid</span> 
     </span>
     <span class='ocr_line' id='line_1_21' title="bbox 6 1878 918 1936; baseline 0 -14"><span class='ocrx_word' id='word_1_175' title='bbox 6 1908 11 1915; x_wconf 84' lang='lat'><strong>·</strong></span> <span class='ocrx_word' id='word_1_176' title='bbox 75 1878 198 1936; x_wconf 84' lang='lat' dir='ltr'>foret,</span> <span class='ocrx_word' id='word_1_177' title='bbox 230 1882 342 1924; x_wconf 82' lang='lat' dir='ltr'>esset</span> <span class='ocrx_word' id='word_1_178' title='bbox 370 1883 513 1924; x_wconf 85' lang='lat' dir='ltr'>tamen</span> <span class='ocrx_word' id='word_1_179' title='bbox 543 1879 784 1934; x_wconf 78' lang='lat' dir='ltr'>ferendum3</span> <span class='ocrx_word' id='word_1_180' title='bbox 819 1879 918 1935; x_wconf 88' lang='lat' dir='ltr'>quia.</span> 
     </span>
     <span class='ocr_line' id='line_1_22' title="bbox 285 1957 1109 2015; baseline 0.001 -15"><span class='ocrx_word' id='word_1_181' title='bbox 285 1958 288 1962; x_wconf 84' lang='lat'>&#39;</span> <span class='ocrx_word' id='word_1_182' title='bbox 645 1957 779 2001; x_wconf 91' lang='lat' dir='ltr'>levius</span> <span class='ocrx_word' id='word_1_183' title='bbox 811 1957 859 2001; x_wconf 90' lang='lat' dir='ltr'>fit</span> <span class='ocrx_word' id='word_1_184' title='bbox 890 1957 1109 2015; x_wconf 89' lang='lat' dir='ltr'>patientia,</span> 
     </span>
     <span class='ocr_line' id='line_1_23' title="bbox 505 2033 1232 2092; baseline 0.003 -14"><span class='ocrx_word' id='word_1_185' title='bbox 505 2034 712 2091; x_wconf 86' lang='lat' dir='ltr'>Quicquid</span> <span class='ocrx_word' id='word_1_186' title='bbox 742 2036 953 2092; x_wconf 86' lang='lat' dir='ltr'>corrigere</span> <span class='ocrx_word' id='word_1_187' title='bbox 985 2039 1049 2080; x_wconf 88' lang='lat' dir='ltr'>est</span> <span class='ocrx_word' id='word_1_188' title='bbox 1078 2036 1197 2080; x_wconf 89' lang='lat' dir='ltr'>nefas</span> <span class='ocrx_word' id='word_1_189' title='bbox 1206 2033 1232 2080; x_wconf 82' lang='lat'>³.</span> 
     </span>
    </p>

    <p class='ocr_par' dir='ltr' id='par_1_5' title="bbox 55 2112 1647 2719">
     <span class='ocr_line' id='line_1_24' title="bbox 75 2112 1647 2171; baseline 0.002 -15"><span class='ocrx_word' id='word_1_190' title='bbox 75 2112 192 2156; x_wconf 81' lang='lat' dir='ltr'>Istud</span> <span class='ocrx_word' id='word_1_191' title='bbox 214 2126 328 2168; x_wconf 90' lang='lat' dir='ltr'>vero,</span> <span class='ocrx_word' id='word_1_192' title='bbox 359 2113 470 2156; x_wconf 88' lang='lat' dir='ltr'>unde</span> <span class='ocrx_word' id='word_1_193' title='bbox 500 2126 614 2157; x_wconf 88' lang='lat' dir='ltr'>nunc</span> <span class='ocrx_word' id='word_1_194' title='bbox 644 2117 685 2157; x_wconf 92' lang='lat' dir='ltr'>te</span> <span class='ocrx_word' id='word_1_195' title='bbox 717 2113 884 2170; x_wconf 85' lang='lat' dir='ltr'>affligis,</span> <span class='ocrx_word' id='word_1_196' title='bbox 917 2115 953 2158; x_wconf 92' lang='lat' dir='ltr'>si</span> <span class='ocrx_word' id='word_1_197' title='bbox 985 2114 1228 2170; x_wconf 89' lang='lat' dir='ltr'>diligentius</span> <span class='ocrx_word' id='word_1_198' title='bbox 1259 2115 1416 2158; x_wconf 89' lang='lat' dir='ltr'>intueri</span> <span class='ocrx_word' id='word_1_199' title='bbox 1446 2115 1524 2171; x_wconf 90' lang='lat' dir='ltr'>vis,</span> <span class='ocrx_word' id='word_1_200' title='bbox 1557 2115 1647 2160; x_wconf 90' lang='lat' dir='ltr'>Deo</span> 
     </span>
     <span class='ocr_line' id='line_1_25' title="bbox 77 2191 1647 2250; baseline 0.002 -16"><span class='ocrx_word' id='word_1_201' title='bbox 77 2191 281 2248; x_wconf 84' lang='lat' dir='ltr'>propicio,</span> <span class='ocrx_word' id='word_1_202' title='bbox 313 2191 424 2235; x_wconf 88' lang='lat' dir='ltr'>unde</span> <span class='ocrx_word' id='word_1_203' title='bbox 446 2191 538 2235; x_wconf 86' lang='lat' dir='ltr'>iure</span> <span class='ocrx_word' id='word_1_204' title='bbox 569 2192 767 2247; x_wconf 81' lang='lat' dir='ltr'>gaudeas,</span> <span class='ocrx_word' id='word_1_205' title='bbox 799 2206 883 2235; x_wconf 93' lang='lat' dir='ltr'>non</span> <span class='ocrx_word' id='word_1_206' title='bbox 905 2192 1143 2236; x_wconf 90' lang='lat' dir='ltr'>dehabebis.</span> <span class='ocrx_word' id='word_1_207' title='bbox 1254 2193 1317 2236; x_wconf 89' lang='lat' dir='ltr'>Tu</span> <span class='ocrx_word' id='word_1_208' title='bbox 1339 2197 1494 2249; x_wconf 84' lang='lat' dir='ltr'>autem,</span> <span class='ocrx_word' id='word_1_209' title='bbox 1527 2194 1647 2250; x_wconf 87' lang='lat' dir='ltr'>quasi</span> 
     </span>
     <span class='ocr_line' id='line_1_26' title="bbox 55 2258 1647 2326; baseline 0.003 -14"><span class='ocrx_word' id='word_1_210' title='bbox 55 2258 238 2326; x_wconf 65' lang='lat' dir='ltr'>&gt;aliquid</span> <span class='ocrx_word' id='word_1_211' title='bbox 267 2269 553 2326; x_wconf 82' lang='lat' dir='ltr'>insuperabile</span> <span class='ocrx_word' id='word_1_212' title='bbox 584 2269 661 2313; x_wconf 88' lang='lat' dir='ltr'>tibi</span> <span class='ocrx_word' id='word_1_213' title='bbox 693 2270 894 2326; x_wconf 87' lang='lat' dir='ltr'>evenerit,</span> <span class='ocrx_word' id='word_1_214' title='bbox 926 2283 1015 2313; x_wconf 90' lang='lat' dir='ltr'>rem</span> <span class='ocrx_word' id='word_1_215' title='bbox 1046 2272 1277 2314; x_wconf 89' lang='lat' dir='ltr'>tuamtam</span> <span class='ocrx_word' id='word_1_216' title='bbox 1302 2272 1513 2315; x_wconf 90' lang='lat' dir='ltr'>enerviter</span> <span class='ocrx_word' id='word_1_217' title='bbox 1537 2275 1647 2316; x_wconf 90' lang='lat' dir='ltr'>trac-</span> 
     </span>
     <span class='ocr_line' id='line_1_27' title="bbox 76 2346 1646 2406; baseline 0.002 -15"><span class='ocrx_word' id='word_1_218' title='bbox 76 2351 165 2391; x_wconf 83' lang='lat' dir='ltr'>tas:</span> <span class='ocrx_word' id='word_1_219' title='bbox 195 2347 241 2392; x_wconf 90' lang='lat' dir='ltr'>in</span> <span class='ocrx_word' id='word_1_220' title='bbox 262 2350 515 2392; x_wconf 88' lang='lat' dir='ltr'>conventum</span> <span class='ocrx_word' id='word_1_221' title='bbox 543 2348 723 2391; x_wconf 85' lang='lat' dir='ltr'>fratrum</span> <span class='ocrx_word' id='word_1_222' title='bbox 746 2346 938 2392; x_wconf 81' lang='lat' dir='ltr'>tuorum⁴</span> <span class='ocrx_word' id='word_1_223' title='bbox 968 2349 1113 2393; x_wconf 91' lang='lat' dir='ltr'>venire</span> <span class='ocrx_word' id='word_1_224' title='bbox 1143 2362 1334 2403; x_wconf 84' lang='lat' dir='ltr'>recusas3</span> <span class='ocrx_word' id='word_1_225' title='bbox 1367 2363 1460 2393; x_wconf 91' lang='lat' dir='ltr'>cum</span> <span class='ocrx_word' id='word_1_226' title='bbox 1496 2350 1646 2406; x_wconf 91' lang='lat' dir='ltr'>quibus</span> 
     </span>
     <span class='ocr_line' id='line_1_28' title="bbox 76 2425 1645 2482; baseline 0.003 -14"><span class='ocrx_word' id='word_1_227' title='bbox 76 2425 344 2469; x_wconf 88' lang='lat' dir='ltr'>incommoda</span> <span class='ocrx_word' id='word_1_228' title='bbox 374 2429 448 2470; x_wconf 90' lang='lat' dir='ltr'>tua</span> <span class='ocrx_word' id='word_1_229' title='bbox 476 2426 666 2470; x_wconf 88' lang='lat' dir='ltr'>evincere</span> <span class='ocrx_word' id='word_1_230' title='bbox 688 2426 905 2482; x_wconf 84' lang='lat' dir='ltr'>debueras,</span> <span class='ocrx_word' id='word_1_231' title='bbox 937 2426 1070 2482; x_wconf 82' lang='lat' dir='ltr'>fugis3</span> <span class='ocrx_word' id='word_1_232' title='bbox 1102 2440 1300 2482; x_wconf 89' lang='lat' dir='ltr'>magnam</span> <span class='ocrx_word' id='word_1_233' title='bbox 1332 2427 1410 2470; x_wconf 89' lang='lat' dir='ltr'>tibi</span> <span class='ocrx_word' id='word_1_234' title='bbox 1441 2428 1645 2472; x_wconf 89' lang='lat' dir='ltr'>invidiam</span> 
     </span>
     <span class='ocr_line' id='line_1_29' title="bbox 76 2501 1646 2562; baseline 0.003 -16"><span class='ocrx_word' id='word_1_235' title='bbox 76 2501 253 2557; x_wconf 82' lang='lat' dir='ltr'>conflas3</span> <span class='ocrx_word' id='word_1_236' title='bbox 286 2507 557 2560; x_wconf 90' lang='lat' dir='ltr'>conspectum</span> <span class='ocrx_word' id='word_1_237' title='bbox 588 2502 735 2560; x_wconf 73' lang='lat' dir='ltr'>regis,⁵,</span> <span class='ocrx_word' id='word_1_238' title='bbox 772 2505 892 2560; x_wconf 89' lang='lat' dir='ltr'>quasi</span> <span class='ocrx_word' id='word_1_239' title='bbox 924 2504 1084 2561; x_wconf 90' lang='lat' dir='ltr'>aliquid</span> <span class='ocrx_word' id='word_1_240' title='bbox 1114 2505 1159 2547; x_wconf 92' lang='lat' dir='ltr'>in</span> <span class='ocrx_word' id='word_1_241' title='bbox 1190 2518 1235 2548; x_wconf 91' lang='lat' dir='ltr'>se</span> <span class='ocrx_word' id='word_1_242' title='bbox 1266 2505 1542 2562; x_wconf 87' lang='lat' dir='ltr'>commiseris,</span> <span class='ocrx_word' id='word_1_243' title='bbox 1574 2507 1646 2550; x_wconf 88' lang='lat' dir='ltr'>de-</span> 
     </span>
     <span class='ocr_line' id='line_1_30' title="bbox 76 2580 1647 2642; baseline 0.003 -18"><span class='ocrx_word' id='word_1_244' title='bbox 76 2581 199 2625; x_wconf 80' lang='lat' dir='ltr'>vitas.</span> <span class='ocrx_word' id='word_1_245' title='bbox 321 2580 430 2632; x_wconf 86' lang='lat' dir='ltr'>Quid</span> <span class='ocrx_word' id='word_1_246' title='bbox 462 2585 527 2625; x_wconf 88' lang='lat' dir='ltr'>est</span> <span class='ocrx_word' id='word_1_247' title='bbox 565 2582 666 2638; x_wconf 89' lang='lat' dir='ltr'>hoc,</span> <span class='ocrx_word' id='word_1_248' title='bbox 707 2583 818 2638; x_wconf 88' lang='lat' dir='ltr'>quod</span> <span class='ocrx_word' id='word_1_249' title='bbox 848 2582 927 2626; x_wconf 89' lang='lat' dir='ltr'>tibi</span> <span class='ocrx_word' id='word_1_250' title='bbox 957 2582 1176 2639; x_wconf 83' lang='lat' dir='ltr'>inportas?</span> <span class='ocrx_word' id='word_1_251' title='bbox 1229 2582 1310 2626; x_wconf 90' lang='lat' dir='ltr'>Ubi</span> <span class='ocrx_word' id='word_1_252' title='bbox 1342 2586 1407 2627; x_wconf 89' lang='lat' dir='ltr'>est</span> <span class='ocrx_word' id='word_1_253' title='bbox 1437 2584 1647 2642; x_wconf 86' lang='lat' dir='ltr'>sapientia</span> 
     </span>
     <span class='ocr_line' id='line_1_31' title="bbox 76 2658 1644 2719; baseline 0.003 -17"><span class='ocrx_word' id='word_1_254' title='bbox 76 2658 164 2714; x_wconf 85' lang='lat' dir='ltr'>illa,</span> <span class='ocrx_word' id='word_1_255' title='bbox 197 2672 323 2715; x_wconf 82' lang='lat' dir='ltr'>quam</span> <span class='ocrx_word' id='word_1_256' title='bbox 353 2659 397 2702; x_wconf 91' lang='lat' dir='ltr'>in</span> <span class='ocrx_word' id='word_1_257' title='bbox 427 2661 471 2703; x_wconf 92' lang='lat' dir='ltr'>te</span> <span class='ocrx_word' id='word_1_258' title='bbox 492 2659 651 2703; x_wconf 91' lang='lat' dir='ltr'>dudum</span> <span class='ocrx_word' id='word_1_259' title='bbox 683 2661 786 2704; x_wconf 89' lang='lat' dir='ltr'>satis</span> <span class='ocrx_word' id='word_1_260' title='bbox 811 2664 932 2704; x_wconf 83' lang='lat' dir='ltr'>acute</span> <span class='ocrx_word' id='word_1_261' title='bbox 953 2660 1151 2715; x_wconf 86' lang='lat' dir='ltr'>vigilasse</span> <span class='ocrx_word' id='word_1_262' title='bbox 1172 2661 1497 2718; x_wconf 83' lang='lat' dir='ltr'>conspeximus?</span> <span class='ocrx_word' id='word_1_263' title='bbox 1544 2663 1644 2719; x_wconf 84' lang='lat' dir='ltr'>Ista,</span> 
     </span>
    </p>
   </div>
   <div class='ocr_carea' id='block_1_3' title="bbox 190 1998 194 2017">
    <p class='ocr_par' dir='ltr' id='par_1_6' title="bbox 190 1998 194 2017">
     <span class='ocr_line' id='line_1_32' title="bbox 190 1998 194 2017; baseline 0 0"><span class='ocrx_word' id='word_1_264' title='bbox 190 1998 194 2017; x_wconf 72' lang='grc' dir='ltr'><em>Ι</em></span> 
     </span>
    </p>
   </div>
   <div class='ocr_carea' id='block_1_4' title="bbox 7 2736 1643 2797">
    <p class='ocr_par' dir='ltr' id='par_1_7' title="bbox 7 2736 1643 2797">
     <span class='ocr_line' id='line_1_33' title="bbox 7 2736 1643 2797; baseline 0.003 -18"><span class='ocrx_word' id='word_1_265' title='bbox 7 2766 10 2767; x_wconf 26' lang='lat'><em>⁷</em></span> <span class='ocrx_word' id='word_1_266' title='bbox 77 2750 185 2793; x_wconf 85' lang='lat' dir='ltr'>quae</span> <span class='ocrx_word' id='word_1_267' title='bbox 224 2739 271 2780; x_wconf 92' lang='lat' dir='ltr'>tu</span> <span class='ocrx_word' id='word_1_268' title='bbox 307 2736 431 2792; x_wconf 90' lang='lat' dir='ltr'>facis,</span> <span class='ocrx_word' id='word_1_269' title='bbox 474 2751 559 2780; x_wconf 94' lang='lat' dir='ltr'>non</span> <span class='ocrx_word' id='word_1_270' title='bbox 590 2737 786 2781; x_wconf 88' lang='lat' dir='ltr'>videntur</span> <span class='ocrx_word' id='word_1_271' title='bbox 818 2752 908 2782; x_wconf 90' lang='lat' dir='ltr'>esse</span> <span class='ocrx_word' id='word_1_272' title='bbox 939 2738 1152 2793; x_wconf 88' lang='lat' dir='ltr'>vigilantis</span> <span class='ocrx_word' id='word_1_273' title='bbox 1192 2739 1266 2782; x_wconf 87' lang='lat' dir='ltr'>sed</span> <span class='ocrx_word' id='word_1_274' title='bbox 1304 2740 1425 2795; x_wconf 87' lang='lat' dir='ltr'>gravi</span> <span class='ocrx_word' id='word_1_275' title='bbox 1463 2740 1643 2797; x_wconf 90' lang='lat' dir='ltr'>quodam</span> 
     </span>
    </p>
   </div>
   <div class='ocr_carea' id='block_1_5' title="bbox 76 2814 1645 2875">
    <p class='ocr_par' dir='ltr' id='par_1_8' title="bbox 76 2814 1645 2875">
     <span class='ocr_line' id='line_1_34' title="bbox 76 2814 1645 2875; baseline 0.003 -18"><span class='ocrx_word' id='word_1_276' title='bbox 76 2827 228 2872; x_wconf 87' lang='lat' dir='ltr'>sopore</span> <span class='ocrx_word' id='word_1_277' title='bbox 259 2814 462 2872; x_wconf 89' lang='lat' dir='ltr'>depressi,</span> <span class='ocrx_word' id='word_1_278' title='bbox 494 2828 578 2858; x_wconf 94' lang='lat' dir='ltr'>non</span> <span class='ocrx_word' id='word_1_279' title='bbox 609 2815 721 2860; x_wconf 88' lang='lat' dir='ltr'>clare</span> <span class='ocrx_word' id='word_1_280' title='bbox 741 2816 923 2860; x_wconf 88' lang='lat' dir='ltr'>videntis</span> <span class='ocrx_word' id='word_1_281' title='bbox 955 2817 1030 2860; x_wconf 87' lang='lat' dir='ltr'>sed</span> <span class='ocrx_word' id='word_1_282' title='bbox 1061 2817 1164 2861; x_wconf 89' lang='lat' dir='ltr'>dure</span> <span class='ocrx_word' id='word_1_283' title='bbox 1194 2816 1427 2874; x_wconf 88' lang='lat' dir='ltr'>lippientis.</span> <span class='ocrx_word' id='word_1_284' title='bbox 1478 2818 1645 2875; x_wconf 85' lang='lat' dir='ltr'>Exper-</span> 
     </span>
    </p>
   </div>
   <div class='ocr_carea' id='block_1_6' title="bbox 174 2927 1644 2970">
    <p class='ocr_par' dir='ltr' id='par_1_9' title="bbox 174 2927 1644 2970">
     <span class='ocr_line' id='line_1_35' title="bbox 174 2927 1644 2970; baseline 0.003 -12"><span class='ocrx_word' id='word_1_285' title='bbox 174 2936 201 2958; x_wconf 65' lang='grc' dir='ltr'>ι.</span> <span class='ocrx_word' id='word_1_286' title='bbox 233 2937 373 2958; x_wconf 80' lang='lat' dir='ltr'>veneram</span> <span class='ocrx_word' id='word_1_287' title='bbox 395 2927 511 2968; x_wconf 71' lang='lat' dir='ltr'>scripsi</span> <span class='ocrx_word' id='word_1_288' title='bbox 527 2938 589 2968; x_wconf 79' lang='lat' dir='ltr'>pro</span> <span class='ocrx_word' id='word_1_289' title='bbox 603 2939 713 2960; x_wconf 89' lang='lat' dir='ltr'>venero</span> <span class='ocrx_word' id='word_1_290' title='bbox 734 2939 759 2960; x_wconf 87' lang='lat' dir='ltr'>c.</span> <span class='ocrx_word' id='word_1_291' title='bbox 843 2929 872 2959; x_wconf 91' lang='lat' dir='ltr'>b.</span> <span class='ocrx_word' id='word_1_292' title='bbox 906 2930 948 2959; x_wconf 68' lang='lat' dir='ltr'>eil</span> <span class='ocrx_word' id='word_1_293' title='bbox 969 2929 1086 2970; x_wconf 75' lang='lat' dir='ltr'>scripsi</span> <span class='ocrx_word' id='word_1_294' title='bbox 1102 2939 1164 2970; x_wconf 83' lang='lat' dir='ltr'>pro</span> <span class='ocrx_word' id='word_1_295' title='bbox 1186 2932 1217 2960; x_wconf 85' lang='lat' dir='ltr'>et</span> <span class='ocrx_word' id='word_1_296' title='bbox 1238 2940 1263 2961; x_wconf 88' lang='lat' dir='ltr'>c.</span> <span class='ocrx_word' id='word_1_297' title='bbox 1356 2940 1381 2962; x_wconf 89' lang='lat' dir='ltr'>c.</span> <span class='ocrx_word' id='word_1_298' title='bbox 1414 2933 1485 2970; x_wconf 87' lang='lat' dir='ltr'>post</span> <span class='ocrx_word' id='word_1_299' title='bbox 1506 2932 1596 2962; x_wconf 83' lang='lat' dir='ltr'>tridie</span> <span class='ocrx_word' id='word_1_300' title='bbox 1619 2942 1644 2963; x_wconf 86' lang='lat' dir='ltr'>c.</span> 
     </span>
    </p>
   </div>
   <div class='ocr_carea' id='block_1_7' title="bbox 75 2997 1643 3097">
    <p class='ocr_par' dir='ltr' id='par_1_10' title="bbox 75 2997 1643 3097">
     <span class='ocr_line' id='line_1_36' title="bbox 172 2997 1643 3047; baseline 0.003 -14"><span class='ocrx_word' id='word_1_301' title='bbox 172 2998 205 3033; x_wconf 87' lang='lat'>1.</span> <span class='ocrx_word' id='word_1_302' title='bbox 231 2997 363 3034; x_wconf 83' lang='lat' dir='ltr'>Moeni.</span> <span class='ocrx_word' id='word_1_303' title='bbox 532 2999 566 3035; x_wconf 80' lang='lat'>2.</span> <span class='ocrx_word' id='word_1_304' title='bbox 599 2999 659 3035; x_wconf 89' lang='lat' dir='ltr'>Ps.</span> <span class='ocrx_word' id='word_1_305' title='bbox 678 2999 764 3045; x_wconf 85' lang='lat'>123,</span> <span class='ocrx_word' id='word_1_306' title='bbox 791 2999 824 3035; x_wconf 92' lang='lat'>8.</span> <span class='ocrx_word' id='word_1_307' title='bbox 993 2999 1027 3035; x_wconf 88' lang='lat'>3.</span> <span class='ocrx_word' id='word_1_308' title='bbox 1059 3000 1199 3036; x_wconf 84' lang='lat' dir='ltr'>Horatii</span> <span class='ocrx_word' id='word_1_309' title='bbox 1225 3000 1345 3037; x_wconf 82' lang='lat' dir='ltr'>Carm.</span> <span class='ocrx_word' id='word_1_310' title='bbox 1370 3001 1387 3036; x_wconf 95' lang='lat'>1</span> <span class='ocrx_word' id='word_1_311' title='bbox 1413 3001 1476 3047; x_wconf 79' lang='lat'>24,</span> <span class='ocrx_word' id='word_1_312' title='bbox 1504 3002 1559 3037; x_wconf 90' lang='lat'>19.</span> <span class='ocrx_word' id='word_1_313' title='bbox 1585 3002 1643 3038; x_wconf 81' lang='lat'>20.</span> 
     </span>
     <span class='ocr_line' id='line_1_37' title="bbox 75 3055 1382 3097; baseline 0.004 -5"><span class='ocrx_word' id='word_1_314' title='bbox 75 3055 110 3093; x_wconf 87' lang='lat'>4.</span> <span class='ocrx_word' id='word_1_315' title='bbox 146 3055 205 3093; x_wconf 86' lang='lat' dir='ltr'>die</span> <span class='ocrx_word' id='word_1_316' title='bbox 233 3057 251 3093; x_wconf 86' lang='lat'>1</span> <span class='ocrx_word' id='word_1_317' title='bbox 278 3057 369 3093; x_wconf 89' lang='lat' dir='ltr'>Nov.</span> <span class='ocrx_word' id='word_1_318' title='bbox 394 3058 486 3095; x_wconf 84' lang='lat'>1007</span> <span class='ocrx_word' id='word_1_319' title='bbox 511 3057 740 3095; x_wconf 79' lang='lat' dir='ltr'>Francofurti</span> <span class='ocrx_word' id='word_1_320' title='bbox 764 3057 942 3095; x_wconf 82' lang='lat' dir='ltr'>habitum.</span> <span class='ocrx_word' id='word_1_321' title='bbox 1086 3060 1120 3096; x_wconf 88' lang='lat'>5.</span> <span class='ocrx_word' id='word_1_322' title='bbox 1150 3060 1311 3097; x_wconf 88' lang='lat' dir='ltr'>Heinrici</span> <span class='ocrx_word' id='word_1_323' title='bbox 1336 3059 1382 3097; x_wconf 92' lang='lat' dir='ltr'>II.</span> 
     </span>
    </p>
   </div>
   <div class='ocr_carea' id='block_1_8' title="bbox 1670 413 1863 500">
    <p class='ocr_par' dir='ltr' id='par_1_11' title="bbox 1670 413 1863 500">
     <span class='ocr_line' id='line_1_38' title="bbox 1728 413 1815 448; baseline 0 0"><span class='ocrx_word' id='word_1_324' title='bbox 1728 413 1815 448; x_wconf 78' lang='lat'>1007</span> 
     </span>
     <span class='ocr_line' id='line_1_39' title="bbox 1670 462 1863 500; baseline 0.005 -9"><span class='ocrx_word' id='word_1_325' title='bbox 1670 463 1742 500; x_wconf 89' lang='lat' dir='ltr'>post</span> <span class='ocrx_word' id='word_1_326' title='bbox 1756 462 1833 492; x_wconf 89' lang='lat' dir='ltr'>Nov.</span> <span class='ocrx_word' id='word_1_327' title='bbox 1849 463 1863 492; x_wconf 82' lang='lat'>1</span> 
     </span>
    </p>
   </div>
  </div>
 </body>
</html>
