2028 3438
622 202 846 234 umnmcr
874 201 1047 234 comix.
1099 200 1168 234 120
1599 191 1683 234 231

109 310 253 355 mmuh
283 309 394 365 tibi‚÷
417 309 631 366 quioquid
656 308 768 353 filius
799 310 926 367 patri.
984 308 1066 353 Sed
1108 309 1371 363 distulimus;
1414 313 1686 367 expectantes
1715 320 1807 356 1105

110 390 436 443 obnegnescere
466 387 774 432 desiderantes:
808 387 844 431 si
872 388 917 431 in
948 387 1212 444 beneplacito
1234 387 1315 431 Dei
1346 388 1416 442 sit,
1447 395 1547 431 nos⁵
1579 389 1687 432 cari-

108 464 244 512 tative
273 468 321 510 et«
346 465 626 518 ¹amicabiliter
655 479 782 523 posse
813 465 1038 510 convenire
1069 468 1112 509 et
1143 465 1362 509 ecclesiam
1385 479 1505 509 suam
1530 466 1686 509 nostris

109 542 397 601 mporibm,
417 546 564 587 nostro
584 543 741 599 labore,
772 543 866 601 ipso
889 546 1155 601 cooperante,
1187 543 1233 586 in
1253 546 1412 587 statum
1433 543 1571 587 redire
1592 543 1686 586 uni-

108 620 462 679 tatisripristinae.
526 625 560 644 ·'

118 725 143 739 .-
211 698 519 756 ,Hoc-'quoque
536 699 623 743 iam
655 699 813 742 dudum
845 701 953 743 teste
973 698 1064 742 Deo
1095 698 1427 742 desideravimus
1438 698 1467 741 ¹³.
1513 698 1598 742 Sed
1618 713 1687 742 co-

108 776 228 834 gnita
249 785 413 822 eorum
430 777 568 821 nimia
599 778 867 833 austeritate,
905 777 978 832 qui
1008 777 1053 820 in
1083 776 1275 820 Romana
1312 778 1434 820 erant
1471 774 1685 832 ecclesia¹,

109 867 201 900 nnn·
226 854 330 899 utile
348 855 501 898 visum²
517 857 585 898 est
611 854 734 899 nobis
766 855 834 900 vel
865 858 1121 912 competens,
1154 868 1224 898 eos
1247 855 1299 899 de
1329 855 1409 898 hac
1429 868 1558 898 causa
1588 868 1686 898 con-

107 933 265 978 vmire.
322 956 394 966 ·
464 960 466 963 -
505 943 507 946 ’
1428 974 1444 987 ,

137 1034 170 1049 »υ
209 1010 337 1063 :Quia
371 1010 508 1066 magis
539 1010 804 1055 videbantur*
826 1024 904 1054 nos
944 1011 1141 1068 persequi
1179 1010 1274 1054 odio
1315 1014 1358 1054 et
1395 1011 1686 1066 indignatione

107 1102 236 1147 qaam
265 1088 361 1134 zelo
390 1088 607 1145 iusticiae,
628 1089 697 1133 vel
727 1089 857 1133 etiam
889 1103 1014 1146 quam
1045 1088 1177 1133 velle⁶
1204 1102 1282 1132 nos
1314 1088 1512 1145 amplecti
1545 1089 1686 1133 dulce-

107 1167 208 1212 dine
239 1167 455 1212 caritatisd
486 1167 542 1212 ad
577 1157 823 1224 profectum¹
856 1167 1068 1211 ecclesiae.
1124 1167 1310 1211 Effectus
1350 1168 1486 1211 enim⁰
1517 1167 1682 1224 probat,

107 1245 233 1304 qnia,
252 1258 351 1301 cum
379 1245 464 1303 ipsi
492 1259 673 1301 regnum
695 1269 749 1276 -
773 1245 1027 1289 hereditario
1059 1245 1150 1289 iure
1180 1245 1302 1289 nobis
1332 1245 1546 1300 collatum,
1578 1249 1685 1289 tem-

106 1337 212 1383 pore
236 1323 534 1379 *religiosorum
563 1324 752 1368 virorum
782 1323 1068 1367 Romanorum
1106 1321 1376 1380 pontificum2
1407 1322 1582 1381 pacifice
1613 1324 1686 1367 diu

106 1415 136 1447 a
158 1401 285 1447 nobis
307 1415 550 1459 possessum
572 1425 628 1432 —·
650 1404 799 1445 contra
818 1412 895 1445 nos
918 1401 1136 1445 studerent
1155 1414 1420 1445 commovere
1442 1404 1484 1445 et
1505 1415 1684 1457 armare,

87 1480 207 1525 *inde
245 1479 382 1525 multa
411 1482 478 1524 est
515 1483 608 1523 orta
648 1483 812 1535 strages
850 1479 1126 1537 populorum,
1167 1482 1256 1522 tam
1295 1492 1519 1536 corporum
1560 1493 1686 1535 quam

107 1558 258 1615 cuam,
297 1557 410 1614 quod
439 1557 577 1613 magis
608 1557 833 1601 dolendum
867 1562 951 1614 est,
992 1558 1243 1601 animarum.
1365 1557 1488 1600 Nunc
1519 1571 1685 1614 quoque

105 1635 219 1682 filius
255 1639 420 1692 noster,
460 1649 586 1692 quem
625 1636 729 1679 adeo
769 1635 994 1680 affectuose
1033 1636 1280 1691 dileximus,
1319 1638 1367 1678 ut
1405 1635 1523 1680 eum‘
1551 1650 1685 1692 usque

107 1714 335 1760 adsolium
363 1714 485 1770 regni
505 1714 641 1759 nostri
662 1714 961 1771 exaltaremus,
994 1714 1142 1758 eodem
1166 1727 1327 1758 veneno
1358 1714 1552 1770 infectus,
1586 1728 1684 1758 con-

106 1793 201 1838 eilio
243 1792 533 1850 quorundam⁸
571 1792 949 1850 perfidissimorum
991 1796 1033 1836 et
1078 1792 1393 1850 periuratorum
1432 1792 1513 1836 sibi
1557 1792 1684 1836 adhe-

106 1871 293 1916 rentium
309 1871 505 1927 insurgit
523 1871 570 1914 in
589 1884 688 1925 nos3
720 1871 969 1928 postpositis
990 1871 1186 1914 omnibus
1211 1871 1501 1926 sacramentis,
1533 1870 1683 1926 quibus

106 1963 153 1994 se
182 1949 305 1994 nobis
336 1948 664 2004 obligaverant¹¹‚
696 1948 939 2006 posthabita
969 1949 1085 1992 omni
1114 1948 1197 1992 fide
1228 1952 1271 1992 et
1296 1948 1485 2002 iusticia3
1517 1951 1683 1992 tantum

106 2031 156 2073 ut
183 2027 296 2072 bona
331 2026 606 2071 ecclesiarum
647 2030 690 2071 et
718 2027 839 2083 regni
869 2027 1002 2072 libere
1033 2027 1203 2071 valeant
1238 2027 1416 2084 perdere
1453 2040 1603 2083 rapere
1643 2029 1684 2069 et

105 2105 218 2151 inter
247 2118 295 2149 se
323 2104 526 2149 dividere.

224 2182 296 2227 Et‘
328 2196 425 2227 cum
455 2182 580 2226 multi
611 2183 731 2226 nobis
769 2182 1075 2240 persuadeant,
1113 2183 1271 2238 absque
1302 2181 1504 2225 dilatione
1535 2181 1580 2224 in
1612 2195 1683 2224 eos

106 2261 149 2306 vi
180 2264 223 2306 et
253 2261 383 2305 armis
416 2275 508 2305 esse
537 2260 839 2315 ulciscendum,
873 2260 1100 2303 maluimus
1132 2263 1275 2304 tamen
1307 2259 1577 2303 sustinendok
1610 2259 1682 2302 ad-

105 2338 188 2383 huc
218 2337 400 2395 differre,
433 2342 480 2382 ut
509 2342 598 2383 tam
629 2339 674 2381 in
695 2338 841 2382 Italico
873 2352 1000 2394 quam
1032 2338 1075 2381 in
1101 2337 1330 2382 Teutonico
1362 2349 1492 2392 regno
1525 2337 1683 2380 sciatur

106 2418 349 2462 manifeste:
382 2417 495 2474 quod
524 2430 603 2460 nec
633 2421 776 2460 nostre
808 2417 864 2460 sit
894 2416 1124 2460 voluntatis
1156 2429 1234 2459 nec
1266 2415 1409 2472 culpe,
1444 2415 1480 2457 si
1511 2415 1680 2458 tandem

105 2494 230 2540 inviti
261 2498 305 2540 et
333 2495 468 2539 coacti
502 2495 546 2538 in
580 2508 650 2538 eos
682 2494 1037 2538 insurrexerimus
1070 2493 1278 2550 quodque¹
1309 2492 1422 2536 mala
1452 2492 1519 2536 vel
1550 2492 1682 2546 infor-

106 2573 228 2619 tunia
258 2587 332 2618 seu
363 2573 616 2630 populorum
649 2576 812 2628 strages
843 2572 942 2616 inde
973 2571 1242 2626 contigeritffl.

200 2690 227 2711 a.
260 2680 350 2711 nobis
364 2680 403 2711 Ε.
487 2680 517 2710 b.
539 2680 739 2711 desii-avimus
755 2681 793 2711 E.
876 2689 901 2710 c.
924 2679 1038 2709 vellent
1051 2678 1109 2709 VZ.
1194 2678 1224 2708 d.
1245 2677 1384 2708 karitatis
1399 2678 1437 2708 E.
1523 2687 1549 2707 e.
1572 2677 1631 2707 hoc
1643 2678 1681 2707 Ε.

105 2735 127 2766 f.
160 2743 218 2765 om.
233 2734 272 2765 E.
388 2742 416 2772 g.
450 2743 575 2773 quorum
599 2735 638 2764 E.
754 2734 784 2764 h.
817 2733 1003 2771 obligaverat
1020 2732 1078 2763 VZ.
1190 2733 1210 2763 i.
1243 2742 1323 2772 quae
1345 2735 1528 2771 sequuntur,
1551 2741 1608 2761 om.
1623 2731 1681 2760 VZ.

105 2787 138 2819 k.
169 2787 216 2819 sic
235 2787 352 2828 ecripsi
367 2797 431 2827 pro
453 2787 663 2817 sustinendum
680 2788 717 2818 E.
812 2787 832 2817 l.
866 2796 983 2826 queque
1001 2787 1036 2816 E.
1126 2795 1166 2816 m.
1197 2785 1304 2817 eadem
1324 2795 1437 2816 manus
1459 2784 1682 2825 superscripsit

107 2841 270 2880 contigerit
289 2851 384 2881 super
406 2841 550 2871 evenerit.

204 2912 237 2947 1.
269 2914 355 2957 post
379 2910 597 2956 Gregorium
613 2910 702 2948 VII:
728 2910 889 2947 Victoris
913 2909 966 2945 III
998 2912 1036 2946 et
1062 2907 1198 2945 Urbani
1222 2909 1269 2946 11.
1391 2910 1424 2945 2.
1450 2907 1610 2946 Victoris
1636 2908 1680 2953 11,

109 2969 286 3017 Stephani
310 2970 356 3017 X,
382 2970 572 3006 Benedicti
596 2970 643 3016 X,
668 2969 809 3006 Nicolai
834 2969 879 3005 11.
