2028 3438
439 268 679 300 nanssoam
710 269 953 301 numetis.
1002 270 1088 301 mss.
1111 270 1146 301 11
1176 268 1232 303 37.
1251 269 1297 303 38
1560 259 1584 302 7
1591 259 1647 303 85

27 398 33 405 ·
75 374 179 420 visci
208 387 287 420 nos
316 375 579 432 rogaverint,
617 376 756 420 dicere
791 389 876 420 non
906 376 1038 421 valeo.
1095 376 1300 434 Quicquid
1341 381 1480 422 autem
1513 379 1645 422 susci·
1672 388 1766 426 1124

73 452 220 510 piendi
247 453 549 499 christianismi
578 454 688 498 ratio
719 454 934 510 exigebat,
966 454 1128 499 discere
1160 458 1202 499 et
1232 455 1392 511 facere,
1432 470 1646 501 assumere

73 529 147 575 vel-
169 531 330 575 reicere
358 543 442 575 non
473 531 769 585 morabantur3
802 531 863 575 ita
886 535 934 576 ut
963 531 1133 589 impleri
1155 532 1334 589 videreS,
1369 534 1480 590 quod
1511 535 1645 591 scrip-

73 611 164 653 tum
204 611 289 653 est:
331 609 429 667 Ipse
465 601 617 663 dimas
640 619 677 653 et
710 610 839 666 facta
879 607 997 654 sunt¹
1035 614 1097 655 et:
1139 611 1355 668 Populus,
1397 627 1520 668 que-m
1559 627 1644 656 non

74 689 271 744 coynovi,
310 689 482 731 servivit
516 688 669 738 michi3
708 690 755 731 in
786 689 936 732 auditu
975 691 1092 732 auris
1125 690 1306 733 obedivit
1336 690 1467 732 michi
1473 686 1500 732 ².
1557 689 1645 733 Hec

73 766 219 809 autem
243 764 327 808 fuit
355 765 535 809 mutatio
564 765 737 809 dextere
769 762 959 809 excelsi³.
1008 766 1117 810 Nam
1149 780 1253 823 quos
1286 766 1403 823 prius
1437 767 1571 811 contis
1604 770 1645 810 et

71 840 253 888 fustibus
284 856 311 886 a
340 843 428 887 suis
459 843 652 887 terminis
684 843 788 887 satis
828 843 1103 888 inclementer
1134 844 1484 900 exturbaverant,
1528 848 1644 901 post-

71 918 244 964 modum
274 921 397 976 quasi
427 921 598 976 angelos
631 921 682 965 de
713 921 802 965 celo
834 922 1049 966 venientes
1081 936 1244 966 summo
1283 922 1422 966 studio
1455 922 1642 966 venerati

70 1000 192 1052 sunt3
225 1001 418 1043 sanctum
451 999 705 1044 arbitrantes
738 1003 863 1056 atque
895 999 1098 1056 divinum,
1133 1000 1331 1056 quicquid
1357 1014 1382 1044 a
1402 1000 1524 1044 nobis
1556 1000 1642 1044 dic-

68 1077 160 1119 tum
180 1075 248 1120 vel
277 1076 434 1121 factum
467 1080 543 1122 est.
593 1076 675 1121 Sed
698 1077 798 1133 quid
820 1077 994 1120 multis?
1041 1077 1148 1121 Tota
1169 1078 1318 1122 civitas
1352 1081 1394 1122 et
1424 1078 1642 1135 provincia

69 1163 163 1199 oum
195 1154 353 1212 populo
385 1168 459 1199 suo
492 1156 688 1212 apposita
720 1159 783 1199 est
814 1155 868 1198 ad
899 1155 1149 1210 Dominum;
1190 1159 1393 1212 tantaque
1423 1156 1504 1199 fuit
1533 1156 1642 1200 mul-

67 1230 206 1276 titudo
226 1232 414 1277 virorum
445 1236 488 1277 et
508 1233 731 1277 mulierum
765 1236 808 1276 et
838 1233 1058 1290 utriusque
1089 1247 1214 1278 sexus
1246 1248 1487 1291 puerorum,
1519 1237 1567 1278 ut
1597 1234 1642 1278 in

67 1309 211 1366 spacio
250 1309 429 1355 duorum
468 1311 698 1366 mensium,
746 1311 939 1367 quamvis
978 1311 1070 1355 sine
1111 1312 1345 1356 cessatione
1384 1312 1640 1356 instaremus

67 1387 200 1445 operi,
230 1388 303 1432 vix
335 1401 481 1433 omnes
511 1389 674 1444 tingere
706 1402 937 1446 possemus
987 1389 1198 1441 Quantum
1231 1393 1274 1433 et
1293 1389 1381 1433 illic
1401 1389 1566 1434 sudoris
1600 1393 1642 1434 et

65 1464 223 1510 laboris
261 1470 404 1511 sancte
442 1479 610 1523 semper
641 1467 844 1510 memorie
875 1467 974 1510 Otto
1012 1467 1221 1523 loquendo
1260 1470 1303 1512 et
1337 1467 1558 1512 clamando
1595 1468 1641 1511 in

63 1542 204 1600 turba,
237 1543 493 1601 baptizando
525 1548 568 1588 et
587 1544 722 1588 multa
750 1544 941 1588 faciendo
972 1544 1210 1601 pertulerit,
1243 1545 1316 1602 qui
1338 1546 1453 1590 videt
1484 1546 1639 1602 omnia,

65 1621 221 1666 viderit
239 1621 369 1667 Deus.
493 1621 575 1666 Sed
608 1622 707 1678 quia
729 1622 879 1666 civitas
911 1622 988 1666 hec
1018 1622 1062 1665 in
1095 1622 1329 1666 meditullio
1362 1624 1445 1668 sita
1476 1627 1540 1668 est
1559 1623 1640 1667 Po-

64 1699 253 1745 meranie
273 1700 468 1756 civesque
489 1699 720 1744 Inlinenses
748 1700 878 1743 fortes
910 1703 953 1743 et
974 1700 1077 1743 dure
1098 1701 1288 1757 cervicis,
1321 1705 1409 1745 tam
1431 1701 1517 1744 dux
1534 1701 1639 1745 Vra-

63 1776 219 1822 tizlaus
250 1790 376 1834 quam
407 1778 622 1835 principes
653 1781 765 1821 terre
797 1777 939 1821 sedem
973 1778 1241 1835 episcopatus
1272 1778 1359 1823 illic
1381 1779 1639 1823 constituen-

65 1855 164 1900 dum
194 1855 285 1900 fore
315 1859 587 1910 censuerunt;
628 1855 788 1900 scilicet
824 1859 872 1899 ut
910 1870 1013 1911 gens
1053 1870 1205 1913 aspera
1244 1870 1296 1900 ex
1334 1857 1423 1912 iugi
1455 1857 1638 1902 doctoris

63 1933 279 1991 presentia
299 1937 623 1988 mansuesceret,
654 1947 731 1977 nec
763 1934 815 1977 ad
848 1934 1050 1990 pristinos
1073 1934 1232 1978 rediret
1253 1948 1430 1990 errores,
1464 1937 1506 1978 et
1527 1935 1637 1990 quod

63 2011 117 2056 de
147 2011 286 2056 medio
319 2011 372 2055 ad
403 2024 548 2055 omnes
579 2012 782 2054 terminos
812 2015 924 2055 terre
956 2011 1112 2055 crisma
1144 2015 1186 2055 et
1217 2012 1312 2067 alia,
1351 2026 1431 2068 que
1463 2012 1515 2055 ab
1548 2012 1637 2069 epi-

64 2101 192 2146 scopo
223 2089 469 2146 accipienda
504 2091 621 2144 sunt,
658 2089 823 2132 facilius
855 2089 1069 2146 deportari
1109 2093 1298 2146 possunt.
1355 2089 1502 2145 Itaque
1534 2089 1637 2133 duas

62 2166 152 2212 illic
181 2167 378 2212 basilicas
408 2167 500 2211 fieri
530 2167 783 2224 precipiens,
817 2167 969 2211 altaria
998 2171 1164 2212 tantum
1198 2172 1240 2212 et
1273 2168 1515 2211 sanctuaria
1538 2181 1636 2211 con-

63 2245 264 2300 secravit3
297 2245 396 2301 quia
426 2244 589 2300 reliqua
620 2258 719 2302 pars
741 2245 912 2289 interim
934 2246 1226 2302 consurgebat,
1260 2250 1302 2289 et
1335 2245 1634 2302 perfectionem

63 2326 287 2381 expectare
316 2323 490 2378 longum
521 2325 613 2366 erat
644 2323 697 2366 ad
729 2323 813 2366 alia
842 2323 1074 2368 festinanti.

181 2402 252 2444 38.
300 2400 515 2444 Moventes
548 2404 687 2444 autem
722 2415 746 2444 a
770 2400 919 2457 Iulina,
952 2398 1207 2445 Clodonam⁴
1239 2400 1452 2453 venimus3
1485 2399 1634 2443 nichil—
1662 2409 1754 2446 1125

63 2491 144 2535 que
165 2477 425 2522 difficultatis
446 2482 520 2522 aut
540 2478 885 2522 contradictionis
916 2479 1003 2523 illic
1024 2480 1300 2535 invenientes,
1334 2481 1477 2522 sancte
1499 2478 1634 2521 crucis

61 2555 284 2614 tropheum
314 2556 372 2600 ibi
405 2556 630 2600 ereximus.
681 2555 739 2599 Et
770 2557 870 2612 quia
898 2556 1015 2600 locus
1046 2570 1292 2601 nemorosus
1325 2559 1417 2599 erat
1448 2558 1491 2599 et
1521 2569 1634 2599 ame-

62 2647 141 2678 nus
173 2637 216 2679 et
244 2633 361 2690 ligna
391 2634 445 2678 ad
477 2633 755 2678 edificandum
786 2634 1082 2691 suppetebant,
1114 2635 1158 2678 in
1190 2634 1349 2678 honore
1374 2636 1518 2690 sancte
1539 2646 1633 2677 cru-

62 2711 122 2755 cis
153 2711 365 2767 ingentem
398 2711 616 2756 ecclesiam
650 2711 701 2754 de
732 2711 865 2755 nobili
897 2711 1072 2755 artificio
1108 2711 1390 2755 fundavimus.
1449 2711 1507 2755 Et
1537 2725 1630 2756 cum

61 2787 198 2833 letitia
236 2793 278 2833 et
313 2789 466 2844 gaudio
506 2789 708 2846 populum
748 2788 1058 2833 cathezizantes
1099 2792 1141 2833 et
1181 2786 1486 2846 baptizantes·,
1534 2789 1634 2845 quia

158 2917 184 2938 a.
219 2910 250 2938 et
271 2908 459 2948 baptizantes
481 2919 537 2939 om.
554 2909 590 2938 N
593 2921 603 2945 ,-
625 2908 728 2948 recepi
750 2918 788 2939 ex
810 2908 880 2939 BR.

159 2972 191 3008 1.
216 2971 276 3008 Ps.
296 2972 376 3018 148,
401 2972 435 3008 5.
544 2973 578 3008 2.
604 2972 663 3007 Ps.
684 2973 740 3017 17,
764 2971 823 3007 45.
937 2972 971 3008 3.
996 2972 1056 3008 Ps.
1074 2973 1130 3018 76,
1151 2972 1206 3008 11.
1316 2972 1350 3008 4.
1377 2982 1486 3019 quem
1511 2973 1631 3008 locum

64 3030 355 3077 „Dodinensem“
383 3031 543 3077 appellat
567 3030 647 3067 Ebo
665 3031 699 3067 II
724 3041 803 3076 cap.
825 3032 869 3066 18
895 3042 1006 3077 supra
1030 3041 1065 3077 p.
1085 3032 1165 3068 646.

120 3095 228 3129 «huri,
250 3098 443 3127 Bibliotheca
458 3098 495 3126 V.
1299 3090 1346 3126 50
