2028 3438
340 241 397 300 96
417 278 420 281 -
865 269 1085 301 UDALmoi
1114 269 1283 301 conux.
1330 268 1378 301 44

211 383 304 438 1075
340 378 417 430 est⁷
433 374 658 418 humilius?
705 374 814 426 Quid
834 377 975 419 autem
996 375 1240 432 disciplinae
1262 375 1566 419 ecclesiasticae
1588 374 1894 430 congruarum,

206 441 232 461 ο·
247 432 317 461 Μω·
339 465 465 507 quam
497 455 544 495 ut
573 454 784 495 tantorum
816 452 1023 496 malorum
1054 453 1191 496 exitus
1223 456 1265 495 et
1284 452 1514 495 remedium
1535 458 1741 496 consensu
1765 455 1896 498 etro-,-

339 531 438 583 gatu
477 529 631 585 ipsius,
670 529 844 572 consilio
883 533 925 573 et
954 530 1202 573 auctoritate
1239 529 1572 586 metropolitani,
1612 543 1639 572 a
1658 528 1896 586 ‘sodo-&apo-

340 605 488 648 stolica
516 606 756 662 peteretur?
1697 626 1712 649 κ
1766 612 1888 651 Mi

457 682 567 725 Nam
599 682 708 737 quod
738 682 978 725 reverencia
1007 686 1147 725 vestra
1177 696 1253 726 nos
1284 687 1439 737 monet,
1476 685 1524 726 ut
1553 694 1626 726 vos
1656 682 1703 726 in
1724 684 1896 739 »partem

340 759 503 802 consilii
534 759 819 814 admittamus,
850 773 935 802 non
965 773 1038 803 vos
1069 759 1115 802 in
1135 762 1298 815 partem
1321 759 1483 803 consilii
1505 759 1764 804 admittimus
1795 757 1898 814 quin

339 836 468 879 immo
504 838 639 879 totum
677 836 897 879 consilium
937 836 1054 880 vobis
1094 837 1320 879 secundum
1361 851 1430 892 ea,
1477 850 1584 892 quae
1630 839 1748 892 gesta
1785 837 1895 890 sunt,

341 913 640 955 committimus
651 919 678 966 ’ς
702 913 805 956 certi
825 913 1007 968 omnino,
1029 913 1295 969 prudentiam
1313 917 1493 957 vestram
1510 914 1711 957 terminos
1727 915 1895 970 patrum

341 992 413 1032 aut
444 989 611 1033 decreta
643 988 826 1046 Spiritus
858 991 992 1033 sancti
1024 990 1263 1033 nullatenus
1297 1004 1576 1034 excessuram.

458 1066 576 1117 Quod
616 1070 753 1110 autem
791 1067 836 1109 in
874 1080 948 1123 spe
987 1067 1259 1111 absolutionis
1296 1067 1414 1111 illum
1448 1068 1582 1112 adhuc
1613 1081 1704 1111 esse
1740 1066 1895 1122 dicit-is,

339 1143 447 1186 hanc
479 1143 662 1199 profecto
705 1146 746 1186 et
783 1157 859 1187 nos
892 1144 930 1187 ei
961 1157 986 1186 a
1015 1143 1106 1187 Deo
1137 1148 1256 1200 patre
1294 1145 1674 1188 misericordiarum
1705 1143 1896 1188 omnibus

341 1221 448 1263 votis
480 1221 757 1276 exposcimus.
806 1220 893 1272 Que
925 1223 1065 1263 tamen
1095 1221 1212 1263 nulla
1241 1235 1441 1277 umquam
1469 1235 1560 1265 esse
1590 1220 1784 1278 poterith,
1813 1219 1898 1265 nisi

342 1296 640 1340 abrenunciata
670 1300 812 1354 peste,
853 1311 934 1353 qua
963 1300 1152 1351 tenetur3
1184 1311 1303 1352 nam,
1337 1302 1385 1341 ut
1414 1298 1573 1342 beatus.
1591 1298 1782 1342 Gelasius
1815 1297 1895 1341 au:

341 1373 547 1417 Christum
577 1384 759 1418 mortuos
790 1377 1009 1417 suscitasse
1038 1376 1223 1431 leqimus,
1257 1378 1303 1418 in
1333 1391 1472 1419 errore
1491 1378 1653 1433 poeitae
1675 1375 1898 1418 absolvisse

339 1466 424 1493 non
456 1452 641 1507 Zeyimue.

457 1527 587 1570 Porro
620 1527 730 1583 quod
762 1541 856 1570 eum
887 1527 995 1570 bono
1025 1531 1451 1583 recompensaturum,
1484 1529 1520 1572 si
1553 1529 1651 1585 quid
1680 1541 1756 1572 nos
1786 1527 1896 1583 lesit,

341 1605 600 1661 promittitis,
634 1604 742 1647 absit
772 1604 882 1648 absit
911 1608 958 1647 ut
989 1618 1082 1647 eum
1115 1605 1253 1659 aliquo
1285 1605 1442 1648 carnali
1474 1608 1546 1648 aut
1576 1606 1754 1661 privato,
1787 1605 1898 1660 quod

340 1681 468 1724 verba
487 1684 629 1724 vestra
659 1681 928 1736 subinnuunt,
961 1681 1034 1724 sed
1054 1695 1151 1724 vere
1177 1682 1360 1738 perfecto
1386 1686 1428 1725 et
1448 1681 1657 1738 spirituali
1688 1682 1782 1725 odio
1798 1689 1898 1738 *per-

341 1765 608 1813 sequamur03
651 1772 731 1814 quo
772 1758 934 1814 etipse
974 1771 1041 1813 se,
1073 1759 1110 1801 si
1141 1759 1273 1815 sapit,
1313 1759 1496 1803 maxime
1534 1759 1719 1802 omnium
1757 1772 1899 1815 perse-

342 1835 494 1890 quitur.

459 1911 578 1962 Quod
618 1914 756 1954 autem
795 1912 971 1968 privatis
1011 1915 1053 1954 et
1092 1912 1269 1968 publicis
1307 1913 1486 1956 fortunis
1525 1913 1679 1957 nostris
1711 1916 1753 1956 et
1786 1913 1898 1969 peri*-

341 1988 445 2031 culis
483 1987 782 2031 consulendum
821 2002 911 2032 esse
951 1989 1221 2044 ammonetis,
1267 1989 1395 2032 nichil
1433 1990 1579 2033 horum
1619 1990 1896 2047 inopinatum,

340 2065 468 2107 nichil
498 2064 759 2121 inprovisum
790 2066 910 2108 nobis
942 2070 1143 2109 occurret.
1197 2066 1254 2109 Et
1283 2066 1372 2109 Deo
1404 2067 1582 2122 gratias,
1621 2068 1658 2110 si
1685 2067 1797 2110 inter
1827 2080 1896 2110 eos

341 2141 697 2198 computabimur,
737 2142 886 2197 quibus
926 2143 1071 2186 scribit
1109 2143 1342 2199 apostolus:
1385 2145 1508 2187 Vobis
1546 2147 1687 2188 datum
1723 2153 1783 2187 est
1816 2159 1896 2201 pro

343 2219 524 2271 Christo,
565 2228 612 2262 ut
647 2235 731 2262 non
770 2221 904 2262 solum
943 2222 988 2262 in
1020 2236 1111 2263 eum
1142 2222 1341 2273 credatis,
1375 2223 1447 2264 secl
1483 2231 1531 2265 ut
1560 2224 1683 2264 etiam
1706 2236 1791 2278 pro
1821 2221 1896 2264 illo

338 2299 573 2352 paciamini
583 2293 605 2338 ¹.
653 2296 709 2338 Et
730 2296 782 2339 ad
805 2296 1010 2340 Hebreos:
1045 2298 1261 2354 Rapinam
1292 2298 1428 2353 inquit
1449 2301 1649 2342 bonorum
1668 2307 1896 2341 vestrorum

343 2389 435 2415 cum
474 2375 632 2429 qaudio
672 2376 929 2430 suscepistis,
975 2383 1279 2430 009n08cente8‚
1321 2390 1392 2417 vos
1431 2376 1578 2418 habere
1613 2376 1823 2418 meliorem
1861 2383 1899 2417 et

336 2459 646 2506 permanentem
677 2451 949 2494 substantiam
960 2447 986 2492 ².
1039 2450 1119 2494 Ubi
1151 2451 1276 2493 etiam
1308 2451 1525 2506 magnifice
1563 2465 1638 2494 nos
1671 2451 1896 2494 exhortans

343 2526 513 2569 subicit:
545 2528 687 2569 Nolite
717 2530 857 2584 itaque
887 2530 1074 2571 amittere
1103 2529 1390 2583 confidentiam
1419 2538 1609 2582 vestram,
1644 2543 1750 2585 quae
1778 2529 1898 2572 habet

342 2606 712 2646 remunerationem
721 2601 748 2645 ³.

459 2679 588 2722 Porro
622 2679 731 2734 quod
762 2680 806 2722 in
836 2680 948 2723 calce
978 2680 1213 2723 litterarum
1244 2681 1415 2724 dicitur:
1455 2684 1495 2724 si
1524 2683 1759 2724 emendatus
1789 2683 1894 2724 reci-

340 2758 499 2812 pietur,
539 2755 583 2798 id
622 2769 718 2798 vero
751 2760 815 2799 est
846 2757 959 2799 omni
990 2758 1280 2801 ammiratione
1311 2758 1575 2813 stupendum.
1632 2757 1736 2801 Cum
1768 2758 1894 2812 enim,

343 2833 379 2874 si
430 2832 673 2876 emendatus
722 2833 869 2888 fuerit,
927 2847 1011 2876 non
1057 2835 1112 2877 sit
1157 2834 1397 2890 episcopuS,
1450 2834 1654 2889 quomodo
1701 2840 1743 2878 et
1787 2834 1893 2878 reci-

435 2941 461 2961 a.
494 2932 693 2962 commitimus
712 2932 742 2962 V.
865 2933 894 2962 b.
927 2933 1041 2971 patitur
1058 2934 1116 2969 VZ,
1139 2934 1251 2972 poterit
1277 2933 1306 2963 C'.
1433 2943 1458 2963 c.
1491 2933 1544 2964 sic.

439 2996 468 3030 1.
495 2992 646 3040 Phffipp.
668 2996 698 3040 1,
720 2996 776 3030 29.
896 2997 928 3031 2.
955 2995 1064 3031 Hebr.
1082 2997 1136 3041 10,
1155 2997 1212 3032 34.
1332 2998 1364 3031 3.
1390 2996 1500 3031 Hebr.
1518 2998 1572 3042 10,
1591 2998 1648 3032 35.
