2028 3438
421 258 508 300 814
757 269 995 300 nnnssossm
1024 268 1264 300 DJALOGUS.
1310 269 1397 299 Lm.
1419 269 1471 299 111
1504 267 1641 301 18-20

304 385 394 420 1127
420 373 638 429 gradibus,
676 374 891 418 ecclesiam
923 374 1056 417 sancti
1089 373 1306 417 Adalberti
1338 386 1429 416 cum
1461 373 1673 429 fidelibus,
1704 372 1795 417 zelo
1812 372 1970 419 {zelatis

421 464 498 506 pro
530 450 652 493 domo
673 450 752 494 Dei
765 448 790 505 ¹,
823 450 1009 493 visitavit
1038 463 1099 504 ac,
1131 450 1336 505 premissa
1364 449 1469 493 inibi
1500 450 1700 494 orationis
1730 449 1970 507 sollempni·

422 530 521 582 tate,
555 527 686 570 altare
718 527 1066 570 abhominationis
1097 527 1222 580 fregit
1253 527 1498 569 comminuit
1521 530 1563 570 et
1583 527 1717 570 eiecit.
1763 525 1971 582 Factaque

422 603 769 647 reconciliationis
787 603 1093 657 emundatione,
1107 603 1312 646 fracturas
1329 602 1498 647 basilice
1513 604 1600 646 suis
1616 603 1820 660 impensis*
1832 615 1972 647 emen-

423 680 515 724 dari
544 681 654 724 fecit.
767 678 769 680 ’

545 758 611 799 19.
660 757 846 811 Cumque
871 755 1012 811 sepius
1035 755 1207 798 eandem
1229 756 1512 810 frequentaret
1532 755 1764 810 ecclesiam„
1794 754 1971 811 quodam

423 837 611 889 tempore
651 846 800 889 pueros
841 833 885 875 in
923 832 1062 889 platea
1099 832 1288 875 ludentes
1325 832 1496 875 invenit.
1553 831 1663 883 Quos
1703 832 1802 875 dum
1827 831 1974 886 *lingua

424 909 602 953 barbara
632 909 866 964 salutasset,
898 909 1028 953 veluti
1059 908 1311 952 coniocando
1344 908 1427 951 illis
1459 909 1584 951 etiam
1617 909 1751 952 crucis
1781 907 1972 963 siguoin

424 986 592 1029 nomine
622 985 793 1029 Domini
825 999 895 1029 eos
926 986 1151 1029 benedixit.
1198 985 1255 1028 Et
1285 984 1498 1041 paululum
1531 984 1759 1041 procedens
1787 983 1974 1027 animad-

424 1063 569 1106 vertit:
610 1063 721 1117 quod
755 1063 959 1117 universi,
998 1062 1154 1106 relictis
1194 1061 1352 1104 lusibus
1384 1062 1492 1116 suis,
1531 1061 1696 1105 visendi,
1722 1060 1860 1104 studio
1891 1059 1975 1113 col-

424 1139 535 1194 lecti,
568 1153 593 1182 a
623 1142 739 1194 tergo
772 1142 967 1183 secuntur
998 1139 1260 1195 episcopum3
1301 1138 1515 1180 hominum
1545 1138 1796 1193 ignotorum,
1834 1140 1883 1180 ut
1913 1140 1976 1180 est

425 1229 515 1259 mos
554 1215 616 1258 illi
648 1216 769 1271 etati,
808 1220 1019 1272 aspectum
1053 1215 1322 1270 habitumque
1354 1214 1578 1257 ammirati.
1625 1213 1823 1258 Substitit
1851 1213 1974 1256 homo

426 1292 506 1336 Dei
537 1296 579 1336 et
609 1293 879 1336 circumfusos
912 1292 1062 1335 blande
1094 1291 1308 1346 alloquens
1339 1291 1586 1346 sciscitatur,
1619 1291 1655 1347 si
1687 1290 1815 1347 aliqui
1838 1303 1895 1334 ex
1916 1291 1975 1333 eis

427 1369 638 1426 baptisma
676 1369 970 1425 percepissent.
1019 1368 1104 1423 Illi,
1146 1381 1236 1411 sese
1270 1370 1414 1410 mutuo
1444 1368 1734 1424 respicientes,
1759 1370 1976 1423 ceperunt

426 1447 605 1489 invicem
636 1445 826 1502 prodere,
859 1445 931 1500 qui
960 1446 1147 1488 fuerant⁸
1178 1458 1231 1488 ex
1262 1444 1321 1487 eis
1354 1444 1568 1500 baptizati.
1616 1443 1735 1505 Quos
1759 1444 1976 1500 episcopus

428 1536 615 1566 seorsum
648 1535 819 1577 vocans,
860 1522 996 1577 querit
1028 1522 1078 1564 ab
1111 1521 1190 1564 eis:
1231 1521 1266 1563 si
1299 1520 1524 1564 voluntatis
1556 1534 1698 1564 eorum
1729 1521 1804 1576 sit,
1835 1523 1977 1564 tenere

427 1600 566 1654 fidem,
599 1613 677 1655 que
708 1599 761 1642 ad
792 1599 1044 1655 baptismum
1079 1600 1241 1654 spectat
1261 1597 1326 1640 vel
1350 1611 1446 1640 non.
1492 1597 1579 1640 Illis
1601 1600 1741 1641 autem
1772 1610 1817 1640 se
1835 1600 1978 1640 tenere

428 1676 534 1720 velle
572 1679 811 1720 constanter
849 1674 1174 1728 affirmantibUS,
1215 1674 1455 1729 episcopus:
1497 1674 1551 1717 Si
1586 1674 1724 1729 inquit
1762 1675 1979 1717 chistiani

430 1769 513 1796 esse
543 1754 666 1796 vultis
699 1763 735 1796 et
755 1753 885 1807 fidem
916 1767 1080 1794 servare
1110 1752 1320 1807 baptismi,
1353 1752 1452 1793 istos
1483 1765 1568 1793 non
1599 1751 1828 1807 baptizatos
1853 1759 1891 1794 et
1911 1753 1976 1792 in—

418 1831 564 1885 fideles
604 1845 760 1886 pueros
810 1830 868 1871 ad
912 1829 1055 1871 ludum
1094 1836 1272 1870 vestrum
1309 1829 1523 1870 admittere
1559 1842 1644 1870 non
1683 1828 1846 1870 debetis.
1900 1826 1978 1877 Qui

430 1907 570 1950 statim
603 1906 722 1948 iuxta
753 1905 922 1948 verbum
957 1904 1155 1960 episcopi,
1188 1903 1344 1947 similes
1376 1917 1469 1946 cum
1499 1903 1706 1947 similibus
1726 1903 1978 1958 congregati,
2013 1932 2019 1940 s

429 1984 548 2040 pueri
580 1982 782 2038 baptizati
813 1995 897 2024 non
927 1981 1162 2037 baptizatos
1196 1994 1219 2023 a
1240 1994 1284 2023 se
1316 1980 1478 2023 abicere
1506 1983 1548 2023 et
1568 1980 1828 2024 abhominati
1846 1980 1979 2036 'oepe-

430 2063 542 2114 runt,
573 2059 690 2102 nulla
720 2059 779 2102 eis
809 2058 898 2101 ludi
929 2058 1126 2101 societate
1151 2056 1515 2100 communicantes.
1563 2057 1708 2112 Itaque
1727 2056 1868 2100 videre
1887 2055 1980 2113 pul-

432 2137 575 2179 chrum
609 2139 716 2180 erat:
751 2135 956 2190 quomodo
987 2134 1044 2188 hi,
1077 2134 1128 2176 de
1158 2133 1415 2189 professione
1446 2133 1662 2177 christiani
1690 2133 1870 2176 nominis
1891 2132 1980 2186 glo-

431 2213 609 2267 riantes,
640 2211 888 2255 familiarius
921 2224 1044 2265 agere
1075 2213 1116 2253 et
1147 2210 1308 2253 avidius
1339 2210 1493 2252 intueri
1524 2213 1565 2262 et
1596 2210 1738 2253 audire
1769 2209 1978 2252 doctorem

433 2289 557 2332 etiam
589 2289 697 2332 inter
728 2288 847 2331 ludos
879 2287 1020 2340 suosb;
1053 2287 1116 2329 illi
1146 2291 1299 2341 autem,
1332 2287 1451 2341 quasi
1481 2286 1532 2329 de
1556 2286 1801 2329 infidelitate
1821 2285 1979 2328 confusi

433 2370 475 2408 et
512 2366 722 2420 exterriti,
762 2379 787 2407 a
816 2364 978 2418 longius
1019 2366 1142 2406 stare.
1198 2362 1280 2406 Sed
1319 2365 1438 2418 pater
1475 2362 1656 2418 optimus
1695 2366 1737 2406 et
1767 2362 1980 2406 credentes

433 2442 525 2485 miti
556 2455 744 2485 sermone
776 2441 828 2484 ad
858 2439 979 2483 fidem
1014 2439 1176 2496 plenius
1204 2453 1280 2495 pro
1302 2439 1489 2495 ipsorum
1510 2439 1741 2495 capacitate
1759 2438 1979 2490 instruxit3

432 2532 514 2561 non
546 2518 759 2562 credentes
781 2531 878 2561 vero
912 2517 964 2559 ad
994 2516 1245 2559 credendum
1272 2519 1358 2559 tam
1381 2515 1451 2558 diu
1485 2515 1794 2569 exhortabatur,
1829 2527 1980 2570 quous-

433 2607 512 2649 que
543 2608 587 2638 se
618 2595 824 2650 baptizari
855 2597 895 2637 et
926 2593 1174 2635 christianos
1205 2591 1295 2635 fieri
1327 2605 1469 2635 omnes
1499 2591 1747 2646 flagitarent.

552 2672 621 2713 20.
665 2670 838 2713 Interim
869 2683 966 2713 vero
998 2669 1175 2712 maiores
1207 2671 1308 2711 natu
1339 2672 1380 2712 et
1411 2667 1684 2724 sapientiores
1717 2666 1890 2722 quique,
1931 2666 1981 2709 de

433 2747 556 2790 rebus
594 2747 685 2790 istis
724 2746 847 2789 altius
884 2747 994 2789 inter
1025 2759 1069 2788 se
1099 2745 1318 2788 tractaturi
1331 2742 1358 2800 ²,
1399 2743 1672 2787 consederant
1701 2746 1762 2797 et,
1805 2756 1829 2785 a
1859 2755 1981 2785 mane

434 2837 564 2878 usque
603 2823 653 2866 ad
685 2823 870 2866 medium
900 2823 1033 2865 noctis
1064 2821 1160 2864 huic
1190 2820 1477 2864 deliberationi
1508 2822 1726 2873 vacantes,
1765 2819 1816 2861 de
1847 2817 1981 2861 salute

532 2932 558 2951 a.
588 2922 685 2952 fuerat
707 2922 747 2958 N,
769 2922 886 2951 fuerant
908 2922 946 2957 B,
969 2921 1079 2951 fuerint
1100 2920 1139 2950 R.
1293 2920 1322 2949 b.
1354 2919 1399 2949 sic
1422 2919 1500 2955 NB‚·
1526 2920 1669 2956 ceperunt
1691 2917 1762 2947 add.
1777 2917 1815 2947 R.

531 2986 563 3019 1.
589 2982 643 3020 Cf.
661 2984 682 3018 3
699 2984 789 3028 Reg.
806 2984 860 3028 19,
880 2984 935 3018 10.
1150 2984 1183 3018 2.
1210 2980 1264 3018 Cf.
1282 2981 1361 3017 Eho
1378 2982 1430 3017 III
1451 2982 1506 3017 16.
