2028 3438
406 258 492 301 266
880 306 882 308 ,
916 270 1134 302 UDALRIOI
1164 270 1332 302 conmx.
1383 268 1450 303 146

241 397 272 423 e.
289 387 381 423 1110
405 379 523 430 odio,
563 379 663 420 dum
702 387 847 422 contra
879 378 1098 436 quemlibet
1133 379 1421 421 adversarium
1454 378 1663 431 molimur,
1705 380 1822 422 cuiue
1849 378 1956 423 ‘odio

403 457 734 511 corrumpimur-3
767 470 921 510 amore,
955 457 1055 499 dum
1086 457 1219 498 amieo
1250 455 1315 497 vel
1341 456 1583 512 propinquo
1606 463 1828 512 praestare
1854 467 1955 500 eon-
1980 473 1994 484 ·

402 528 640 575 tendimus&
697 531 882 583 Quatuor
919 533 1003 576 ista
1042 532 1078 575 si
1116 531 1161 574 in
1200 531 1393 574 humanis
1430 531 1596 575 iudiciis
1632 527 1819 576 vitanda
1843 534 1954 589 sunt,

401 607 533 652 multo
564 609 698 663 magis
729 609 774 652 in
805 609 1096 653 claustralibus
1128 611 1170 651 et
1200 607 1504 651 ecclesiasticis.

518 685 612 729 Huc
650 686 776 729 etiam
819 687 1000 741 accedit,
1048 685 1159 741 quod
1197 688 1343 728 contra.
1382 685 1673 730 auctoritatem
1711 685 1954 731 canonicam

401 775 496 806 eum
527 775 552 805 a
580 763 872 807 communione
902 766 1044 806 vestra
1075 762 1294 819 expulistis
1325 762 1625 818 indiscussum,
1656 762 1952 820 inconvictum,

398 839 718 883 inconfessum⁸.
840 840 1052 883 Adrianus
1074 840 1184 883 enim
1213 853 1325 896 papa
1353 838 1535 895 capitulo
1551 839 1598 882 2:
1629 840 1778 894 Iudex,
1809 842 1952 885 mmi-

398 931 546 959 nosum
578 919 814 971 discutiens,
849 933 933 960 nou
966 926 1061 960 ante
1091 918 1333 960 sententiam
1356 917 1566 973 proferat,
1601 930 1727 973 quam
1757 926 1831 961 aut
1857 932 1953 962 reus

398 995 488 1050 ipse
509 995 747 1049 confiteatur
769 1003 843 1037 aut
858 1010 938 1052 per
959 1003 1074 1038 testea
1095 996 1265 1037 idoneos
1286 990 1589 1037 commentust.
1635 992 1741 1037 Item
1754 993 1953 1039 Eleuthe-

397 1069 484 1112 rius
506 1083 618 1126 papa
634 1070 816 1127 capitulo
836 1072 883 1113 3:
907 1057 1109 1114 Induciae
1129 1086 1212 1114 uon
1232 1072 1420 1114 modicae
1440 1072 1498 1113 ad
1517 1072 1770 1127 querendum
1787 1073 1954 1116 dandae

397 1155 505 1200 sunt,
538 1162 590 1190 ue
611 1148 776 1204 aliquid
803 1147 1007 1206 propereb
1038 1150 1112 1205 aqi
1140 1165 1167 1191 a
1193 1163 1439 1204 quacunque
1466 1156 1589 1205 parte
1607 1149 1820 1200 videatwm
1850 1151 1952 1206 quia

391 1239 473 1280 per
504 1227 806 1281 surreptionem
835 1226 967 1268 multa
999 1228 1266 1282 proveniunt.
1321 1225 1469 1268 Niehil
1497 1234 1634 1268 tamen
1664 1226 1819 1282 absque
1847 1226 1951 1284 le9i-

397 1303 496 1344 timo
529 1310 566 1344 et
603 1303 752 1344 idoneo
794 1311 1033 1345 accusatore
1059 1304 1156 1358 fiat.
1209 1303 1326 1346 Nam
1365 1311 1401 1345 et
1437 1303 1632 1345 dominus
1666 1311 1804 1346 noster
1833 1302 1951 1347 Iesus

397 1377 582 1421 Christus
608 1379 762 1422 Iudam
780 1380 928 1436 furem
960 1395 1044 1422 esee
1074 1381 1250 1430 sciebam
1282 1381 1354 1421 sed
1384 1381 1485 1435 quia
1515 1394 1600 1422 non
1631 1387 1688 1423 est
1718 1389 1948 1435 aecusatus,

395 1470 480 1498 non
502 1465 560 1499 eet
581 1458 750 1507 eiectu35
779 1465 815 1500 et
840 1459 1043 1513 quiequid
1061 1459 1168 1500 iuter
1193 1457 1402 1513 apostolos
1426 1458 1519 1512 eyit,
1539 1471 1620 1513 pro
1646 1458 1848 1513 diynitate
1867 1460 1948 1501 mi-

395 1535 560 1576 nisterii
577 1543 716 1577 ratum
737 1530 925 1577 mansit³.
964 1533 1069 1577 Item
1086 1533 1406 1588 Cartaginense⁰
1427 1532 1648 1576 concilium
1669 1533 1851 1590 capitulo
1873 1534 1947 1578 19:

394 1610 495 1652 Non
526 1613 806 1667 suspendatur
827 1628 854 1653 a
875 1613 1171 1664 communione,
1206 1613 1276 1654 eui
1304 1613 1458 1653 crimen
1487 1612 1730 1664 intenditur,
1760 1612 1859 1665 nisi,
1892 1613 1950 1654 ad

394 1693 565 1730 caueam
595 1703 715 1730 suam
746 1690 964 1731 dicendam
996 1689 1129 1731 electis
1159 1689 1367 1731 iudicibus
1399 1689 1466 1730 die
1495 1696 1648 1731 statuta
1676 1689 1823 1731 littam
1853 1703 1947 1732 evo-

395 1772 508 1807 catus
517 1763 546 1817 ¹¹,
570 1767 739 1808 minime
756 1767 980 1808 occurrerit
989 1763 1014 1807 ⁴.
1053 1764 1131 1815 Qui
1153 1765 1264 1808 enim
1287 1767 1517 1820 accusatur,
1539 1777 1624 1807 non
1644 1764 1786 1808 statim
1808 1765 1947 1808 crimi-

393 1854 519 1884 nosus
551 1845 628 1896 est,
660 1842 734 1885 sed
754 1842 837 1904 *qui
857 1841 1116 1884 convincitur
1140 1844 1212 1884 aut
1232 1840 1463 1884 confitetur.
1511 1841 1731 1898 Episcopis
1751 1855 1945 1899 namque,

394 1918 559 1973 quando
591 1911 838 1961 accusantur
858 1919 903 1961 in
935 1918 1118 1975 synodis,
1150 1918 1431 1961 conceduntur
1453 1931 1585 1961 annus
1607 1921 1649 1961 et
1668 1932 1743 1962 sex
1766 1932 1945 1976 menses,

392 1994 458 2038 vel
490 1995 540 2037 ad
572 1996 710 2038 minus
743 1995 959 2051 quinque⁰‚
996 1998 1043 2037 ut
1080 1995 1318 2039 defensores
1356 1998 1398 2038 et
1435 1998 1563 2038 testes
1601 1994 1665 2038 sser
1692 2000 1947 2053 praeparent

393 2074 538 2114 contra
567 2072 855 2125 insidiatores3
887 2072 1083 2127 nullaque
1103 2073 1321 2129 priventur
1341 2072 1645 2128 communione,
1678 2086 1799 2116 suum
1821 2074 1946 2130 plane

391 2152 562 2203 agentes
595 2148 790 2192 officium.
844 2149 934 2192 Hoc
964 2163 1061 2192 vero
1094 2149 1266 2204 reliquis
1305 2149 1519 2192 ordinibus
1551 2162 1627 2192 sua
1655 2150 1818 2194 ratione
1847 2163 1944 2194 con-

390 2226 527 2279 venit3
561 2226 671 2281 quia,
705 2227 815 2282 quod
846 2226 957 2270 valet
985 2226 1029 2269 in
1061 2226 1223 2281 maiori,
1254 2226 1366 2269 valet
1394 2226 1440 2268 in
1470 2226 1641 2281 minori3
1675 2227 1943 2283 membraque

391 2303 596 2359 capitibus
627 2303 916 2359 disponuntur.

508 2379 698 2423 Domnus
719 2393 816 2424 vero
839 2380 1028 2434 H(ezelo)
1060 2381 1096 2423 si
1127 2379 1261 2422 adhuc
1282 2379 1334 2422 ad
1359 2379 1614 2422 audientiam
1635 2382 1834 2423 venturus
1864 2384 1941 2436 est,

389 2456 506 2512 prius
538 2470 637 2511 erga
667 2470 762 2500 eum
794 2460 957 2513 oportet
977 2457 1143 2500 decreta
1162 2459 1330 2512 patrum
1351 2457 1530 2499 servari:
1562 2459 1610 2499 ut
1639 2456 1941 2512 praelationem

390 2534 631 2576 societatem
685 2548 841 2590 suaque
885 2534 1070 2588 legibusg
1106 2533 1268 2576 habeat.
1406 2533 1640 2589 Stephanus
1682 2534 1792 2577 enim
1828 2547 1942 2590 papa

390 2610 573 2665 capitulo
597 2611 621 2652 8
655 2611 732 2653 ait:
766 2613 920 2654 Nullus
942 2613 1202 2654 sacerdotum
1229 2612 1423 2653 accusari
1448 2619 1582 2667 potest
1602 2619 1675 2653 aut
1692 2612 1940 2668 respondere

389 2689 475 2729 suis
498 2689 804 2730 accusatoribus
827 2690 954 2741 debet,
982 2690 1232 2745 priusquam
1252 2688 1501 2744 requlariter
1521 2696 1688 2730 vocatus
1709 2690 1764 2730 sit
1784 2689 1938 2730 locum-

390 2779 468 2820 que
506 2765 757 2820 defendendi
786 2774 858 2808 aut
895 2767 1141 2822 inquirendi
1170 2767 1352 2821 accipiat
1381 2766 1439 2806 ad
1478 2765 1685 2807 abluenda
1723 2762 1935 2807 erimina⁵.

481 2855 507 2874 a.
539 2846 750 2875 inconcussum
766 2847 803 2876 B.
908 2847 936 2876 b.
967 2856 1094 2886 propere
1117 2856 1197 2877 corr.
1212 2846 1245 2876 in
1266 2854 1465 2885 praepropere
1483 2846 1513 2876 V.
1612 2855 1637 2876 c.
1669 2846 1884 2884 Kartaginense
1898 2847 1937 2877 B.

389 2899 419 2928 d.
449 2900 572 2928 vocatus
594 2899 633 2928 B.
758 2909 783 2929 e.
816 2908 867 2929 sex
889 2900 928 2930 B.
1050 2900 1072 2929 f.
1105 2899 1162 2929 sibi
1183 2900 1221 2929 B.
1346 2908 1373 2936 g.
1405 2899 1514 2929 om.B.

483 2956 516 2990 1.
542 2955 673 2990 Burch.
692 2955 788 2991 dec-r.
806 2956 894 2992 XVI
918 2957 975 2992 28.
1073 2958 1107 2992 2.
1132 2956 1264 2992 Burch.
1283 2955 1378 2992 decr.
1393 2956 1482 2992 XVI
1501 2957 1534 2991 6.
1631 2957 1665 2992 3.
1690 2955 1820 2991 Burch.
1839 2956 1935 2992 decr.

388 3014 476 3051 XVI
500 3015 558 3050 30.
641 3014 676 3050 4.
701 3014 833 3051 Burch.
852 3015 948 3051 decr.
963 3016 980 3050 I
998 3016 1077 3051 160.
1156 3015 1189 3051 5.
1215 3015 1360 3051 Decret.
1377 3015 1436 3051 Pe.
1453 3015 1499 3050 Is.
1518 3015 1574 3051 ed.
1592 3014 1785 3051 Hinsohius
1808 3026 1844 3061 p.
1855 3015 1934 3051 185.
