2028 3438
598 260 820 292 UDALRIOI
850 260 1020 292 connx.
1074 257 1141 292 190
1573 249 1657 292 341

89 363 305 413 vindictae
326 367 489 412 ‚saltem
525 370 665 411 metus
705 366 925 410 inhiberet.
1051 366 1135 410 Sed
1170 366 1281 410 hunc
1318 366 1500 423 clipeum
1539 366 1661 411 forti-
1685 378 1889 414 1081-1085

86 445 294 491 tudinis-a
313 444 410 490 Deo
436 445 712 490 constitutum
733 444 982 500 negligendo
1014 447 1057 488 et
1081 443 1394 488 dehonestando
1417 443 1516 487 dum
1539 448 1660 488 extra

86 523 270 568 niodumz
291 526 523 578 arguentes
547 526 815 579 exasperant,
847 536 978 566 unum
1006 522 1242 579 periculum
1264 525 1306 565 et
1326 522 1558 582 dampnum
1587 536 1660 578 ag-

85 604 288 657 gravatur
315 601 526 645 omnium»
564 599 623 644 Et
652 600 753 656 quid
784 600 966 644 mirum?
1017 599 1140 655 Nam,
1172 599 1284 644 unde
1313 600 1497 644 fructum
1528 600 1662 644 bonae

86 678 353 725 discretionis
393 682 437 722 et
474 677 622 722 salutis
661 677 838 722 ecclesia
875 678 1015 733 legere
1052 678 1204 722 merito
1244 677 1407 733 debuit,
1446 677 1508 721 nil
1547 677 1662 721 aliud

87 769 214 813 quam
255 762 389 801 sucus·
416 755 729 800 indiscretionis
769 759 811 800 et
849 756 1104 813 perdicionis
1122 742 1125 744 v
1144 754 1296 810 effluit;
1346 758 1388 799 et
1427 755 1538 799 unde
1580 755 1661 799 sibi

86 833 241 879 bonum
273 834 390 891 pacis
422 833 649 892 procedere
669 833 884 891 sperabat,
916 847 1000 877 non
1022 833 1136 877 aliud
1158 847 1286 890 quam
1305 833 1400 876 fons
1425 832 1661 876 discordiae

85 910 309 958 emanat“.<

112 1019 115 1030 ,
178 988 420 1046 .„Gonstat
458 1002 557 1044 ergo
599 1002 651 1032 ex
700 989 1070 1046 praecedentibus,
1115 987 1226 1045 quod
1264 988 1408 1045 inique
1448 991 1490 1033 et
1528 988 1659 1046 impie

85 1067 420 1112 Hildebr'andus!
451 1067 558 1123 egit,
601 1080 717 1122 cum,
749 1067 838 1111 irae
869 1070 912 1111 et
942 1067 1266 1111 inimiciciarum
1297 1066 1461 1123 impetu
1492 1067 1656 1122 ductus,

84 1145 321 1190 Romanum
360 1145 595 1203 principem
635 1145 763 1189 verbo
803 1145 986 1189 iniustae
1030 1144 1498 1201 excommunicationis,
1543 1145 1659 1189 nullo

85 1223 294 1268 maiorum
323 1223 601 1281 praecedente
633 1223 840 1280 exemplo,
875 1236 1128 1280 exasperare
1159 1221 1496 1280 praesumpsit“.

207 1300 320 1357 „Sed
354 1301 468 1345 idem
497 1299 811 1344 Hildebrandus
848 1301 893 1344 in
930 1301 1111 1357 quadam
1143 1315 1220 1344 sua
1251 1299 1466 1357 epistola¹,
1506 1300 1605 1357 quia
1636 1315 1662 1345 a

83 1378 285 1424 Romanis
323 1378 590 1441 pontificibus
630 1379 869 1436 exemplum
911 1378 1151 1422 huiusmodi
1191 1392 1356 1422 sumere
1396 1392 1481 1422 non
1513 1379 1659 1435 valuit,

84 1456 360 1502 Ambrosium
389 1456 748 1501 Mediolanensem
779 1458 1024 1514 episcopum
1046 1456 1328 1500 Theodosium
1359 1457 1661 1514 imperatorem

86 1535 472 1580 excommunicasse
501 1535 756 1589 introduxit3
796 1539 844 1578 ut
875 1549 927 1579 ex
959 1534 1057 1590 hoc,
1098 1534 1208 1590 quod
1239 1534 1490 1578 Ambrosius
1522 1535 1660 1579 cuius-

85 1613 184 1658 dam
203 1613 462 1671 vmetropolis
493 1614 717 1671 episcopus
747 1614 919 1668 fecerat,
958 1612 1038 1656 sibi
1069 1612 1220 1655 maiori
1251 1616 1293 1656 et
1324 1612 1439 1656 velut
1468 1612 1659 1656 Romano

85 1690 276 1750 pontifici
305 1690 469 1735 licitum
503 1705 595 1736 esse
633 1692 845 1749 probaret.
905 1690 987 1734 Sed
1026 1691 1126 1746 quia
1165 1690 1405 1747 exemplum
1445 1691 1659 1734 mendatio

86 1769 274 1827 corrupit
304 1772 346 1813 et
374 1769 719 1813 inconvenienter
749 1770 794 1812 in
826 1783 946 1812 suam
980 1769 1388 1823 argumentationem
1414 1769 1659 1826 assumpsit,

84 1847 203 1892 nulla
232 1859 286 1891 ex
306 1847 386 1892 hoc
405 1847 618 1892 evidentia
651 1847 962 1904 probabilitatis
991 1847 1257 1903 propositum
1280 1860 1381 1890 suae
1411 1847 1659 1890 intentionis

85 1924 284 1970 firmavit.
419 1925 679 1969 Theodosius
726 1925 859 1980 enim,
905 1925 1047 1968 furore
1093 1925 1397 1980 indignationis
1445 1938 1659 1980 accensus,

86 2006 249 2060 septem
279 2003 399 2047 milia
428 2003 660 2058 hominum,
700 2003 815 2046 nullo
848 2003 1125 2060 praecedente
1155 2003 1325 2058 iudicio,
1363 2003 1660 2047 Thessalonice

86 2081 210 2125 iussit
240 2081 386 2125 occidi.
435 2080 557 2124 Hanc
589 2084 729 2124 autem
761 2080 924 2124 cladem
955 2081 1180 2136 gemitibus
1212 2081 1379 2138 plenam
1406 2081 1658 2125 Ambrosius

88 2159 284 2215 audiens,
325 2172 418 2203 cum
458 2159 655 2216 princeps
687 2158 973 2202 Mediolanum
1005 2159 1191 2203 venisset
1221 2162 1264 2203 et
1295 2159 1584 2216 sollempniter
1615 2159 1660 2202 111

87 2250 254 2282 sacrum
284 2236 491 2294 templum
522 2237 681 2280 intrare
713 2236 935 2292 voluisset,
971 2250 1025 2280 ne
1056 2237 1237 2281 secundo
1269 2240 1440 2294 peccato
1473 2237 1659 2294 priorem

86 2314 325 2371 nequiciam
357 2318 552 2370 augeret,
591 2328 813 2358 occurrens
846 2315 884 2357 ei
915 2314 1019 2357 foris
1052 2315 1105 2358 ad
1136 2315 1284 2358 ianuas
1318 2314 1429 2358 dulci
1462 2318 1503 2358 et
1540 2315 1660 2358 suavi

89 2392 404 2448 ammonitione,
434 2393 508 2450 pia
539 2395 581 2436 et
611 2391 770 2435 salubri
801 2393 1074 2448 persuasione
1108 2406 1132 2435 a
1164 2393 1273 2435 sacri
1302 2392 1461 2435 liminis
1493 2392 1660 2436 incessu

89 2484 184 2514 eum
215 2469 449 2528 prohibuit3
481 2469 641 2513 nullam
673 2474 925 2527 potestatem
959 2469 1119 2525 ligandi
1151 2470 1232 2514 sibi
1264 2473 1511 2525 arroganter
1537 2471 1659 2514 attri-

88 2548 235 2603 buens,
275 2548 350 2592 sed
380 2548 595 2591 humiliter
628 2548 793 2592 dicens:
837 2549 1015 2606 Suscipe
1046 2551 1277 2606 imperator
1307 2549 1535 2603 vinculum,
1575 2564 1658 2607 quo

90 2635 128 2670 te
157 2628 351 2670 dominus
391 2628 576 2669 omnium
612 2628 782 2683 liyavit,·
824 2636 884 2670 est
922 2629 1032 2669 enim
1062 2628 1272 2669 medicina
1309 2629 1500 2670 maa-ima
1540 2629 1658 2670 sani-

90 2702 223 2748 tatis'.
346 2703 691 2747 Inconvenienter
723 2717 821 2759 ergo
854 2707 896 2747 et
915 2703 1123 2747 fallaciter
1147 2703 1458 2747 Hildebrandus
1482 2705 1533 2748 ab
1554 2704 1659 2748 Am-

90 2781 229 2825 brosio
251 2781 492 2839 exemplum
512 2781 654 2825 duxit:
681 2784 728 2825 ut
743 2781 978 2825 Romanum
1001 2781 1234 2839 principem
1256 2783 1658 2837 excommunicaret3

186 2903 214 2925 a.
245 2894 470 2934 Hildeprandus
493 2894 524 2925 V.

186 2965 220 3000 1.
244 2964 381 3010 scripta
398 2964 458 3000 die
475 2964 520 3000 15
536 2964 642 3000 Mart.
655 2964 766 3012 1081,
791 2964 949 3010 Registr.
958 2964 1047 3002 VIII
1063 2965 1121 3011 21,
1139 2975 1250 3012 supra
1262 2965 1306 3002 T.
1318 2965 1354 3002 II
1369 2965 1452 3002 458.
1542 2966 1576 3002 2.
1602 2965 1659 3001 Ex

91 3022 175 3060 hist.
192 3023 276 3070 trip.
295 3023 336 3059 L.
355 3023 409 3060 IX
434 3034 465 3060 c.
483 3024 541 3070 30,
567 3023 775 3061 Cassiodori
799 3034 883 3070 opp.
900 3024 944 3060 T.
963 3024 980 3060 Ι
1004 3023 1086 3060 343.
