2028 3438
294 358 386 394 1127

275 406 351 444 Aug.
368 407 406 437 10

273 1052 349 1090 Aug.
364 1052 402 1083 15

430 231 516 274 682
801 243 963 276 nssoms
994 244 1100 275 vm
1130 243 1337 276 orroms.
1383 239 1470 276 nm.
1492 245 1544 276 111
1572 242 1620 278 22
1638 240 1651 258 *²

427 349 593 394 fervens
623 350 668 393 in
699 350 872 407 spiritu:
905 351 1004 395 Soio
1038 350 1098 394 ait
1124 366 1209 395 non
1238 353 1396 408 inpune
1416 351 1532 394 vobis
1562 348 1979 398 violationemhuim

428 429 706 470 sacratissime
741 428 1041 485 solempnitatis
1079 429 1241 478 oedere3
1287 429 1359 470 sed
1395 423 1532 471 celesti
1564 430 1661 485 iqne
1676 436 1677 439 ’
1691 430 1860 482 omnia,
1892 438 1980 486 “que

427 503 572 547 illicite
601 506 840 557 messuistis,
874 505 1152 547 consumenda
1179 505 1283 559 fore
1311 506 1519 547 nova-itis.
1559 503 1642 547 Vix
1671 496 1749 548 hec
1777 501 1977 560 ediderat,

428 583 470 623 et
508 592 601 623 ecce
637 580 757 623 iuxta
786 580 959 623 verbum
997 581 1086 624 eius
1127 581 1237 635 ignis
1274 580 1354 624 Dei
1391 581 1541 624 cecidit
1578 594 1602 624 e
1632 574 1977 637 celosstaetasque

427 669 584 700 messes
617 669 760 699 eorum
791 670 922 712 usque
953 657 1006 700 ad
1025 657 1214 700 favillam
1236 657 1506 714 consumpsit.
1554 657 1647 712 Qui,
1665 655 1836 701 ‘reatum
1855 668 1975 701 suum

427 736 697 788 agnoscentes
729 746 777 776 ac
806 746 883 789 pro
914 733 993 776 hoc
1022 733 1267 790 suppliciter
1288 734 1449 777 veniam
1473 736 1728 791 expetentes,
1749 733 1805 777 ‘in
1824 726 1978 789 magna

427 809 623 865 deinceps
653 809 887 852 reverentia
919 810 1120 853 eximium
1151 810 1307 854 Christi
1343 810 1558 854 martirem
1588 809 1866 854 Laurenci'um
1888 810 1977 854 ‘ha-

427 885 568 941 buere,
602 899 646 929 se
677 899 833 941 suaque
866 887 1006 930 omnia
1035 886 1098 930 illi
1129 887 1285 931 tuenda
1315 887 1634 931 committentes.
1753 885 1755 890 ’

545 963 649 1006 Item
679 963 723 1005 in
744 963 846 1006 urbe
867 962 1020 1007 Games
1052 963 1163 1007 dicta
1191 964 1371 1007 rusticus
1393 964 1563 1020 quidam
1584 972 1677 1007 cum
1696 958 1871 1019 coniuge
1899 970 1977 1007 sua

428 1040 480 1082 ad
510 1039 750 1083 metendum
782 1039 943 1083 exierat
972 1040 1017 1082 in
1047 1040 1340 1097 solempnitate
1371 1041 1667 1097 assumptionis
1693 1039 1780 1084 Dei·
1803 1034 1976 1096 ‘genitri-

426 1117 486 1160 cis
517 1116 649 1159 Marie
688 1119 888 1172 perpetue
924 1117 1110 1171 virginis.
1166 1117 1283 1168 Quod
1322 1129 1494 1161 cernens
1531 1117 1742 1174 predictus
1778 1117 1860 1160 viri
1894 1116 1975 1161 Dei

427 1193 586 1236 assecla
614 1192 824 1248 BockeuS,
857 1192 946 1236 zelo
976 1194 1139 1237 iusticie
1171 1199 1330 1248 motus,
1361 1194 1577 1248 redarguit
1605 1192 1779 1238 dicens2=
1794 1193 1972 1247 Cessare,

424 1271 630 1326 infelices,
671 1279 832 1313 cessate.
887 1271 1018 1314 Nullo
1053 1272 1176 1314 modo
1207 1272 1288 1327 fas
1326 1279 1385 1314 est
1413 1272 1509 1314 huic
1540 1273 1744 1316 deservire
1775 1273 1901 1329 operi
1928 1273 1974 1314 in

425 1356 510 1390 tam
542 1347 692 1390 celebri
720 1350 998 1391 sacratissime
1027 1350 1173 1391 matris
1203 1348 1384 1390 Domini
1405 1348 1650 1403 festivitate.
1701 1347 1807 1391 Erat
1833 1350 1973 1391 autem

423 1423 529 1466 feria
559 1423 752 1466 secunda.
801 1424 858 1467 Et
887 1424 970 1467 illi:
1003 1425 1250 1468 Hesternam
1279 1424 1475 1480 inquiunt
1493 1426 1602 1467 diem
1623 1426 1875 1468 dominicam
1897 1425 1972 1481 fe-

424 1502 579 1543 riatam
600 1501 840 1551 monimum
870 1502 991 1544 hodie
1012 1510 1147 1545 autem
1169 1504 1289 1558 operi
1315 1517 1515 1544 manuam
1540 1503 1752 1546 intendere
1771 1502 1971 1544 debemus.

423 1575 634 1620 Bockeus‘
666 1580 825 1620 autem:
864 1578 922 1620 Et
951 1578 1073 1620 hodie
1109 1577 1246 1632 inquit
1285 1594 1445 1621 summa
1476 1580 1689 1622 devotione
1721 1578 1973 1634 feriandum

425 1663 483 1696 est
511 1655 630 1696 nobis
661 1656 706 1696 in
737 1655 891 1697 honore
921 1656 1067 1697 matris
1097 1655 1289 1708 Domini,
1330 1658 1447 1698 cuias
1476 1657 1713 1698 veneranda
1743 1657 1971 1712 exemptio

422 1732 660 1773 universam
682 1729 837 1774 Christi
866 1740 1038 1774 exornat
1059 1732 1281 1774 ecelesiam.
1328 1731 1415 1774 Illis
1444 1735 1583 1775 autem
1603 1745 1687 1775 non
1709 1731 1972 1787 acquiescen-

421 1807 534 1850 tibus
566 1807 639 1850 sed
670 1807 879 1850 obstinata
909 1811 1047 1850 mente
1078 1811 1196 1864 cepto
1233 1807 1367 1851 labori
1404 1808 1713 1862 insistentibus,
1752 1808 1971 1862 religiosus

422 1883 614 1927 sacerdos
645 1883 852 1927 Bockeus:
896 1885 1008 1938 Quia
1047 1884 1106 1927 ait
1143 1886 1277 1927 verbis
1316 1887 1416 1927 meis
1452 1900 1536 1927 non
1572 1886 1760 1938 creditis,
1799 1887 1971 1942 sanquis

421 1970 551 2003 vester
581 1963 659 2004 erit
689 1976 813 2018 super
838 1970 964 2017 eaput
991 1970 1167 2004 vestrum
1177 1977 1192 2012 ,·
1221 1964 1308 2004 iam
1338 1977 1448 2004 nuno
1478 1963 1818 2019 transqressionie
1849 1963 1970 2005 huius

421 2039 649 2080 vindictam
688 2038 940 2080 evidentibus
984 2053 1125 2080 rerum
1162 2040 1331 2080 indiciis
1369 2040 1648 2094 eaepeMemini.
1784 2037 1971 2082 Necdum

422 2114 549 2157 verba
579 2113 756 2169 finierat,
790 2117 831 2157 et
861 2127 955 2157 ecce
984 2114 1165 2157 rusticus
1195 2114 1267 2157 ille
1297 2114 1533 2157 incredulus
1564 2114 1714 2158 cecidit
1741 2117 1970 2158 retrorsum

422 2194 464 2234 et
495 2191 721 2247 expiravit3
762 2194 1007 2247 partemque
1037 2191 1212 2246 segetis,
1245 2204 1368 2246 quam
1400 2191 1593 2234 metendo
1625 2191 1969 2248 apprehenderat,

421 2270 507 2310 tam
544 2267 644 2310 forti
683 2266 831 2310 annisu
871 2268 995 2310 etiam
1029 2267 1211 2310 moriens
1242 2281 1368 2310 manu
1403 2267 1595 2322 retinuit,
1636 2271 1683 2311 ut
1711 2266 1828 2311 nulla
1857 2267 1970 2324 quis-

422 2357 544 2398 quam
577 2343 739 2387 ratione
761 2343 826 2387 vel
856 2357 1025 2386 manum
1047 2344 1210 2400 aperire
1231 2343 1297 2386 vel
1324 2346 1505 2398 segetem
1536 2357 1681 2388 eruere
1710 2348 1866 2401 posset,
1896 2345 1970 2388 sed

421 2420 605 2463 mirabili
636 2420 780 2463 ordine
811 2433 903 2463 cum
935 2419 1014 2463 hac
1044 2420 1250 2477 stupenda
1280 2420 1518 2474 alligatione
1539 2420 1699 2463 tumulo
1719 2421 1967 2465 traderetur.

420 2495 571 2539 Mulier
597 2500 748 2551 autem,
780 2497 1018 2540 interventu
1038 2497 1117 2540 Dei
1147 2497 1360 2551 genitricis
1381 2497 1466 2540 vite
1495 2500 1710 2540 reservata
1738 2498 1812 2541 sed
1841 2497 1969 2540 simili

421 2573 610 2628 prodigio
643 2573 835 2628 alligata,
867 2573 1026 2616 scilicet
1056 2574 1196 2628 digitis
1229 2586 1320 2616 cum
1354 2576 1492 2627 segete
1522 2574 1662 2629 palmo
1692 2573 1968 2617 insolubiliter

422 2649 730 2704 adherentibus,
763 2654 945 2693 tremens
971 2650 1023 2692 ad
1044 2650 1180 2692 virum
1201 2650 1281 2692 Dei
1302 2649 1496 2692 Ottonem
1527 2650 1721 2704 cucurrit,
1752 2648 1968 2693 delictum-

422 2739 501 2780 que
532 2739 651 2768 suum
683 2726 831 2769 humili
863 2726 1120 2770 confessione
1143 2726 1352 2781 detegens,
1383 2725 1547 2769 veniam
1578 2725 1821 2782 suppliciter
1842 2739 1968 2782 expe-

420 2801 499 2844 tiit.
545 2802 584 2843 A
617 2815 696 2856 quo
728 2803 919 2859 protinus
949 2803 1192 2857 consignata
1222 2806 1264 2845 et
1294 2802 1347 2845 ad
1378 2800 1645 2846 memoriam¹
1675 2803 1808 2846 sancti
1838 2801 1967 2845 Adal-

423 2877 530 2920 berti
561 2879 745 2921 martiris
775 2879 862 2922 illic
892 2879 1159 2922 constitutam
1190 2878 1437 2922 transmissa
1465 2882 1611 2922 curata
1636 2882 1711 2922 est.
1829 2878 1886 2921 Et
1915 2891 1967 2921 ex

516 2980 542 3000 a.
573 2970 709 3001 Boskeus
731 2972 769 3001 E.
1131 2966 1161 3000 1.
1188 2965 1389 3000 ecclesiam.
