2028 3438
212 355 305 392 1075

198 405 254 435 Iul.
263 406 341 443 Aug.

252 1824 316 1854 Iun.
332 1823 350 1853 9

368 230 424 274 98
888 240 1109 272 UDALRIGI
1138 240 1306 272 comix.
1352 239 1398 272 45

365 347 615 404 dempnetur
645 345 822 402 quilibet
850 345 1011 389 inutilis
1044 346 1279 403 operarius3
1313 349 1366 401 et,
1400 346 1436 389 si
1460 347 1702 402 tempestas
1710 343 1867 393 hodie
1846 356 1924 402 xmo

364 424 490 479 gruit,
534 437 639 479 quae
670 437 746 466 nos
779 423 830 466 ab
864 436 988 480 opere
1019 423 1208 480 repellat,
1242 437 1333 466 cras
1366 422 1540 466 caelitus
1569 421 1749 481 reddita
1763 420 1924 470 secema

363 503 451 549 tate
482 501 665 544 studium
697 503 888 544 nostrum
918 500 963 543 in
992 500 1037 543 id
1066 501 1206 557 ipsum
1236 503 1437 544 recurrat.
1750 506 1805 545 .’.

483 578 628 634 Itaque
663 578 818 620 indixit
857 577 1084 620 auctoritas
1121 580 1284 621 vestrae
1324 581 1492 621 sanctae
1535 574 1832 632 paternitatis·
1842 577 1925 630 ιιι,

366 658 524 700 statuta
555 655 625 698 die
651 654 834 698 collectis
864 654 1079 710 fratribus,
1112 668 1164 698 ex
1194 654 1449 711 apostolicae
1477 653 1714 708 legationis
1721 651 1920 699 mandato

366 732 588 776 concilium
627 731 851 775 debeamus
883 731 1113 785 celebrare3
1155 735 1197 775 et
1225 731 1424 788 quicquid
1453 731 1499 774 in
1529 729 1856 788 provinciasut
1874 728 1926 774 iu

365 823 493 864 regno
524 812 667 852 nostro
699 808 765 852 vel
794 822 870 865 per
901 809 1183 865 symoniacam
1214 809 1394 852 heresim
1425 808 1492 852 vel
1531 806 1924 864 quomodocunque·

366 890 512 930 contra
540 885 730 940 regulam
762 886 1066 929 ecclesiasticae
1103 886 1366 930 rectitudinis
1399 893 1622 942 perperam
1657 886 1824 939 gestum
1850 885 1926 929 aut

366 963 477 1006 male
514 965 762 1019 usurpatum
804 963 871 1006 vel
910 965 1067 1006 temere
1111 966 1428 1020 praesumptum
1477 961 1724 1017 occurrerit,
1768 960 1924 1007 iudicio

366 1041 546 1083 fratrum
576 1040 762 1083 recidere
791 1053 876 1082 non
908 1039 1147 1083 differamus
1177 1040 1283 1083 falce
1314 1039 1516 1084 iusticiae.
1814 1095 1816 1097 ‚

486 1117 604 1168 Quod
634 1117 895 1174 praecipitis,
933 1117 991 1159 mi
1021 1120 1161 1173 pater,
1194 1131 1346 1173 equum
1377 1119 1441 1160 est
1471 1119 1514 1160 et
1541 1117 1718 1170 iustum;
1751 1118 1795 1159 et
1821 1114 1926 1158 haec

368 1209 444 1252 per
473 1195 710 1251 provincias
742 1194 806 1237 bis
837 1194 882 1236 in
914 1207 1021 1237 anno
1053 1193 1145 1237 fieri
1175 1194 1376 1237 mandant
1416 1194 1582 1237 decreta
1610 1206 1828 1239 sacrorum
1853 1205 1927 1237 ca-

368 1285 526 1315 nonum
538 1269 561 1314 ¹.
615 1271 698 1314 Sed
738 1272 789 1314 ad
829 1271 939 1327 quod
976 1275 1018 1315 et
1048 1271 1307 1315 decretorum
1348 1263 1573 1314 auctoritas
1609 1273 1652 1314 et
1680 1272 1822 1314 vestra
1851 1283 1926 1327 pa-

369 1349 546 1392 ternitas
577 1348 778 1405 impellit,
813 1348 864 1392 ab
894 1349 973 1392 hoc
1004 1351 1046 1391 et
1075 1362 1216 1391 rerum
1245 1348 1496 1405 inequalitas
1528 1350 1570 1392 et
1598 1345 1722 1392 huius
1751 1347 1927 1404 maligni

370 1426 572 1482 temporis
609 1426 907 1482 importunitas
944 1439 1021 1468 nos
1058 1425 1180 1480 longe
1217 1426 1395 1482 repellit.
1516 1425 1708 1482 Denique
1738 1425 1927 1469 auditum

372 1503 580 1547 credimus
620 1506 784 1546 vestrae
823 1503 1088 1559 paternitati:
1129 1506 1309 1558 quantus
1346 1504 1390 1546 in
1427 1516 1556 1558 regno
1593 1506 1737 1547 nostro
1772 1505 1926 1558 motus,

373 1583 530 1637 quanta
561 1580 616 1623 sit
646 1580 920 1636 perturbatio,
959 1593 1081 1635 quam
1114 1581 1347 1636 perniciose
1378 1581 1488 1624 bella
1517 1583 1762 1636 grassantur
1792 1583 1835 1624 et
1864 1593 1928 1623 se-

373 1658 566 1712 ditiones,
599 1657 707 1700 sicut
735 1657 969 1700 audivimus
992 1656 1068 1700 exb
1091 1655 1343 1712 euangelio².
1391 1658 1594 1701 Auditum
1617 1658 1790 1713 inquam
1808 1656 1927 1700 vobis

373 1734 580 1777 credimus
612 1734 662 1777 de
693 1734 817 1788 bello⁷
845 1734 958 1790 'quod
990 1748 1014 1776 a
1035 1735 1201 1777 domino
1232 1738 1375 1777 nostro
1404 1749 1500 1789 rege
1521 1735 1678 1778 factum
1699 1737 1764 1777 est
1783 1737 1930 1779 contra

376 1811 561 1855 Saxones
594 1815 635 1854 et
666 1796 914 1866 Thuringos,
948 1814 989 1854 et
1021 1811 1224 1865 quomodo
1257 1812 1430 1855 dextera
1451 1812 1622 1855 Domini
1652 1811 1931 1868 prostraverit

376 1891 417 1932 et
446 1889 656 1942 fugaverit
684 1888 859 1931 rebelles
891 1891 933 1931 et
961 1888 1113 1944 impios
1124 1885 1151 1931 ³.
1198 1888 1255 1931 Et
1285 1892 1427 1932 tamen
1449 1889 1583 1932 adhue
1613 1889 1658 1931 in
1689 1888 1834 1931 eadem
1857 1887 1930 1931 ob-

376 1966 622 2008 stinatione⁰
668 1965 899 2021 perdurant
944 1965 1071 2008 etiam
1110 1965 1228 2019 victi3
1277 1970 1318 2009 et
1353 1966 1507 2009 iterum
1553 1965 1781 2022 perfidum«
1804 1967 1931 2021 eaput

374 2042 516 2086 levant
548 2055 608 2097 ac,
639 2042 773 2085 tocius
804 2042 922 2096 regni
953 2042 1112 2096 gladios
1145 2046 1290 2086 contra
1321 2056 1366 2086 se
1397 2045 1612 2098 acuentes,
1642 2043 1795 2086 iterum
1824 2042 1930 2085 reci-

377 2119 460 2162 dua
489 2118 599 2162 bella
636 2122 801 2175 parant.
924 2119 1042 2162 Unde
1072 2120 1288 2175 timemus,
1330 2120 1440 2175 quod
1476 2134 1552 2177 pro
1583 2123 1754 2176 peccato
1784 2118 1931 2176 populi

377 2197 427 2240 de
457 2196 610 2250 vagina
641 2209 717 2238 sua
748 2196 919 2238 eductus
951 2196 1006 2239 sit
1036 2196 1198 2251 gladius
1230 2197 1421 2250 Domini3
1455 2200 1497 2240 et
1526 2197 1609 2240 nisi
1639 2210 1715 2253 per
1747 2199 1929 2240 vestram

379 2274 637 2328 aliorumque
676 2277 914 2316 sanctorum
954 2274 1207 2329 propicietur
1244 2273 1606 2329 intercessionem,
1644 2273 1834 2335 forsitan¹
1860 2273 1932 2316 de-

380 2351 512 2393 seviet
540 2363 671 2405 usque
703 2350 754 2392 ad
784 2350 1114 2393 internicionem.
1164 2350 1306 2393 Soluto
1338 2364 1518 2406 namque
1548 2350 1663 2407 pacis
1694 2349 1858 2393 vinculo
1891 2352 1933 2393 et

380 2430 503 2483 rupto
545 2427 789 2482 disciplinae
827 2428 964 2482 freno,
1003 2441 1103 2481 gens
1133 2427 1314 2480 insurgit
1346 2431 1491 2487 contra
1530 2430 1718 2482 gentem3
1760 2427 1811 2471 de
1846 2429 1931 2470 ter-

380 2503 506 2546 minis
536 2505 654 2557 regni
684 2503 847 2546 hostilis
879 2504 1041 2558 gladius
1074 2504 1368 2547 exterminavit
1397 2504 1661 2548 concordiam
1694 2508 1736 2548 et
1764 2517 1930 2561 pacem3

383 2583 425 2623 et
452 2580 514 2622 ita
535 2580 913 2624 obmutescentibus
936 2580 1141 2635 euangelii
1160 2580 1286 2635 tubis,
1306 2594 1383 2623 nec
1402 2594 1553 2637 praeco
1575 2581 1768 2625 clamoris
1788 2593 1933 2625 vocem

381 2669 459 2700 nec
488 2656 667 2713 populus
698 2657 824 2700 habet
855 2658 1052 2701 audiendi
1083 2671 1238 2700 aurem.

477 2796 503 2816 a.
536 2795 713 2824 quocunque
735 2787 823 2816 modo
847 2787 881 2817 Z.
984 2788 1013 2817 b.
1046 2788 1078 2817 in
1099 2787 1130 2824 V,
1154 2796 1190 2816 ex
1212 2787 1245 2817 Z.
1350 2796 1375 2816 c.
1408 2787 1589 2817 ostinatione
1612 2787 1646 2817 Z.

479 2856 511 2890 1.
536 2854 735 2890 Burchardi
754 2855 850 2890 decr.
865 2857 882 2891 I
897 2857 943 2891 43
968 2856 1144 2899 (Gratiani
1169 2856 1264 2891 decr.
1282 2856 1347 2891 P.1
1365 2856 1462 2891 D.18
1482 2857 1571 2898 c.2).
1659 2857 1692 2891 2.
1717 2856 1806 2891 Luc.
1819 2856 1876 2900 21,
1891 2856 1930 2891 9:

386 2912 499 2958 „Cum
524 2917 645 2949 autem
670 2913 855 2949 audieritis
879 2916 1016 2959 praelia
1040 2919 1076 2950 et
1092 2915 1300 2960 seditiones,
1328 2914 1438 2950 nolite
1463 2914 1624 2950 terreri“.
1701 2915 1736 2950 3.
1762 2914 1820 2949 die
1837 2914 1859 2949 9
1875 2913 1934 2949 Ιιι-

385 2971 435 3006 nii
452 2973 555 3008 1075.
