2028 3438
392 214 478 256 378
903 226 1122 258 nmmum
1153 226 1331 263 (10111111.
1369 225 1439 259 206

168 343 370 379 llll-1120
389 331 572 389 priscam
604 326 885 377 reintroduxit
916 334 958 375 et
987 331 1251 379 confirmavit
1282 333 1586 378 auctoritatem.
1638 332 1742 380 Rem
1762 336 1946 391 propter

389 409 614 453 utilitatem
637 423 688 452 ex
710 409 886 452 diversis
908 409 1093 453 consiliis
1116 409 1382 466 applicantur
1403 410 1618 455 ordinibus
1638 409 1715 454 filii
1735 410 1946 466 virginum

390 500 466 543 per
496 486 580 529 vim
613 489 830 542 raptarum
863 488 905 529 et
935 486 1264 541 coniugatarum.
1312 486 1391 530 Cui
1421 487 1654 531 sententiae
1672 486 1946 545 Petru‘s'apo-

389 562 521 607 stolus
552 562 821 618 concordans,
854 563 932 606 ait:
970 563 1023 606 In
1053 565 1225 607 veritate
1254 567 1451 621 comperi,
1485 566 1742 621 quod·'·non·
1763 573 1822 608 eet
1846 573 1946 622 par·

389 655 588 684 sonarum
625 649 815 697 acceptor
849 641 949 683 deus
963 636 984 683 ¹.
1045 638 1236 683 Gelasius
1274 653 1387 697 papa
1427 639 1606 695 quedam
1643 652 1722 697 pro
1757 643 1947 698 tempore

390 717 577 761 decernit
606 729 698 761 esse
728 716 922 771 sinenda,
961 729 1068 772 quae
1097 720 1239 760 tamen
1274 717 1495 760 manifeste
1526 730 1622 760 non·
1646 717 1948 765 infamentzee·

389 794 572 846 clesiam.
615 793 673 836 Et
703 793 764 836 sic
794 792 976 837 utilitate
1003 793 1070 837 vel
1099 794 1347 838 necessitate
1376 793 1609 838 mutilanda
1639 797 1739 840 sunt
1765 794 1947 850 decreta,

390 870 427 914 si
457 884 542 914 non
571 869 669 913 inde
700 870 922 914 manifeste
953 873 1161 926 sequatur
1178 870 1443 915 decoloratio.
1528 870 1634 922 Quia
1661 871 1791 926 igitur
1812 884 1945 928 ,prae-

390 947 525 990 dictus
555 947 718 990 iuvenis
751 947 804 990 ad
836 961 880 990 se
910 948 1200 1004 corrigendum
1231 948 1405 1005 propria
1427 947 1643 992 voluntate
1672 948 1740 992 vel
1770 948 1944 994 arbitrio

391 1025 522 1067 artius
553 1024 817 1081 propositum
848 1024 1025 1080 institit,
1063 1025 1204 1080 ibique
1234 1025 1278 1068 in
1318 1025 1539 1068 diaconum
1575 1028 1618 1069 et
1654 1025 1946 1083 presbyterum

390 1105 656 1145 consecratus
689 1104 772 1157 est,
808 1101 1006 1157 nullaque
1036 1102 1219 1146 utilitate
1249 1102 1316 1146 vel
1345 1102 1592 1146 necessitate
1623 1115 1649 1146 a
1678 1102 1796 1147 vobis
1826 1110 1947 1148 reve:-

390 1181 522 1234 catur,
545 1178 618 1222 sed
640 1179 693 1222 ad
714 1179 1063 1222 decolorationem
1089 1179 1359 1223 ecclesiastici
1380 1180 1538 1223 ordinis
1558 1179 1706 1236 resilit,
1735 1179 1946 1235 exverbis

391 1259 628 1299 sanctorum
661 1259 827 1312 patrum
850 1255 1003 1299 Leonis
1025 1260 1067 1300 et
1087 1256 1250 1300 Nicolai
1273 1257 1328 1300 ad
1357 1257 1401 1300 id
1430 1259 1678 1312 revertatur,
1710 1257 1947 1314 quod-spo-

390 1332 559 1390 pondit3
593 1336 635 1376 et
664 1333 709 1376 in
740 1346 857 1376 sacro
889 1333 1122 1376 ministerio
1143 1337 1312 1378 maneat
1333 1334 1443 1390 quod
1466 1333 1692 1389 inchoavit5
1720 1337 1946 1390 sanctoque

392 1409 568 1467 Spiritui
600 1423 682 1453 non
714 1411 962 1464 mentiatur-3
994 1424 1047 1454 ne
1076 1411 1176 1454 ordo
1209 1411 1512 1455 ecclesiasticus
1533 1411 1802 1455 conturbetur
1830 1409 1946 1456 fidei-

392 1501 471 1544 que
501 1487 730 1531 catholicae
759 1489 853 1531 iura
884 1488 1211 1543 confringantur.

510 1564 629 1616 Quod
674 1568 813 1608 autem
860 1565 1012 1608 dicitur
1059 1565 1396 1622 archiepiscopus
1435 1564 1703 1608 Treverensis
1750 1565 1945 1622 episcopo

392 1642 650 1685 Traiectensi
680 1642 841 1685 litteras
870 1642 1048 1697 misisse,
1082 1641 1333 1697 significans,
1364 1645 1412 1685 ut
1431 1642 1660 1699 recipiatur
1678 1641 1723 1685 in
1742 1641 1847 1697 loco,
1879 1642 1946 1684 cui

390 1733 467 1776 per
498 1732 760 1762 communem
793 1732 1008 1763 assensum
1039 1719 1308 1774 renuntiavit,
1339 1719 1517 1762 forsitan
1545 1732 1620 1775 per
1640 1718 1946 1776 surreptionem

392 1796 568 1839 alicuius
612 1796 851 1853 importune
897 1797 1076 1852 petentis
1116 1796 1272 1840 factum
1313 1800 1386 1840 est.
1442 1795 1794 1853 Archiepiscopus
1834 1796 1945 1841 enim

392 1874 692 1928 TreverensiS‚-
719 1873 770 1916 ad
809 1874 926 1916 cuius
965 1874 1228 1930 parrochiam
1267 1874 1454 1929 confugit
1490 1873 1633 1930 etqui
1665 1873 1718 1917 ad
1748 1873 1946 1921 ecclesiae

393 1965 492 1994 suae
522 1950 692 2007 titulum
734 1950 954 1994 diaconum
986 1954 1028 1994 et
1064 1951 1356 2008 presbyterum
1386 1965 1481 1994 eum
1522 1950 1751 2006 ordinavit,
1791 1950 1946 2007 absque

393 2028 593 2075 canonica
622 2027 949 2071 contradictione
988 2041 1153 2072 omnem
1194 2028 1496 2072 humanitatem
1527 2028 1639 2072 circa
1674 2027 1792 2070 illum
1825 2027 1948 2072 debet

393 2106 602 2160 exhibere,
635 2105 826 2162 exemplo
858 2106 983 2162 primi
1015 2109 1057 2150 et
1086 2106 1229 2160 magni
1251 2104 1459 2160 Gregorii3
1492 2105 1564 2161 qui
1594 2104 1946 2160 transgredientes

394 2186 436 2226 et
464 2183 701 2226 deserentes
732 2195 897 2225 sacrum
935 2183 1197 2239 propositum
1227 2182 1343 2226 iubet
1380 2182 1675 2239 comprehendi
1712 2185 1754 2225 et
1782 2181 1828 2225 iu
1857 2195 1947 2224 mo·-

392 2260 620 2303 nasterium
654 2260 819 2303 detrudi
829 2260 858 2315 δ,
891 2263 933 2303 et
963 2260 1039 2303 sub
1070 2260 1261 2303 districta
1291 2259 1480 2302 custodia
1510 2273 1676 2303 omnem
1701 2258 1946 2308 sollicitudi-

392 2350 488 2381 nem
521 2337 729 2392 exhiberi,
767 2337 961 2393 quatinus
992 2337 1134 2380 divina
1164 2336 1342 2380 servitus
1373 2349 1495 2379 suam
1526 2339 1764 2380 constanter
1795 2335 1947 2379 habeat

392 2414 682 2458 reverentiam.

511 2490 643 2542 Quam
687 2494 926 2535 reverenter
965 2494 1006 2534 et
1042 2491 1201 2534 sincere
1244 2490 1410 2533 artioris
1451 2490 1563 2533 vitae
1609 2489 1825 2545 proposita
1861 2489 1946 2532 sint

393 2568 637 2611 honoranda
676 2574 718 2612 et
754 2568 991 2622 retinenda,
1031 2567 1155 2624 plane
1193 2567 1453 2611 demonstrat
1489 2566 1651 2622 primus
1690 2569 1731 2608 et
1768 2578 1945 2620 magnus

394 2643 619 2699 Gregorius
649 2645 693 2687 in
725 2645 931 2702 principio
963 2644 1117 2699 dialogi
1147 2641 1247 2687 sui².
1302 2643 1400 2698 Qui,
1439 2643 1490 2686 de
1521 2642 1700 2685 culmine
1739 2642 1946 2699 propositi

395 2722 447 2764 ad
469 2721 629 2777 apicem
654 2721 763 2764 sedis
786 2722 1052 2778 apostolicae,
1070 2735 1193 2764 causa
1214 2720 1408 2764 utilitatis
1431 2723 1472 2763 et
1490 2720 1752 2763 necessitatis
1773 2719 1943 2774 electus,

491 2842 517 2863 a.
550 2833 690 2871 quoniam
712 2834 751 2863 B.
1033 2834 1063 2863 b.
1094 2833 1209 2863 retrudi
1228 2833 1267 2863 B.

490 2903 522 2937 1.
548 2901 631 2937 Act.
656 2913 713 2947 ap.
734 2903 789 2947 10,
814 2903 871 2938 34.
992 2904 1024 2938 2.
1052 2903 1096 2939 V.
1123 2902 1160 2938 S.
1179 2901 1346 2947 Gregorii
1369 2901 1501 2946 dialog.
1527 2900 1603 2936 L.I
1626 2899 1753 2946 praef„
1779 2910 1864 2946 opp.
1886 2899 1944 2935 ed.

394 2960 580 2997 Benedict.
600 2960 642 2996 T.
660 2961 694 2996 11
721 2961 799 2997 152.
