2028 3438
428 254 516 296 610
813 266 976 297 nnoms
1006 267 1113 297 vrrA
1143 266 1369 298 o'r'roms:
1388 268 1486 298 Lm.
1508 267 1528 297 1
1555 265 1605 299 20

201 380 404 416 1121-1123
423 370 593 414 humilis
633 371 860 415 venerabili
899 371 1020 414 fratri
1050 371 1322 416 Wolframmo
1363 371 1503 415 abbati
1539 371 1981 417 cenobiissanoeiumi-

424 447 601 502 chaelis,
626 447 860 503 Wignando
892 448 1168 503 Tharisiensi,
1199 448 1440 492 Baldewino
1470 448 1711 504 Banzensi,²
1729 449 1978 504 Eggshardo

423 523 674 579 Uraugiensi
692 521 715 579 ¹,
755 524 980 568 Imbriconi
1016 525 1363 580 Michelfeldensi,
1395 524 1624 568 Walchuno
1648 524 1979 580 «inflatissimi,

424 601 599 644 Eriboni
631 601 682 644 de
713 599 1043 655 Pruveningen²,
1075 601 1287 645 Friderico
1319 602 1370 645 de
1391 600 1717 656 Gengenbaclv,
1737 601 1980 646 Eberhardo

426 676 683 732 Scuturensi,
716 677 858 721 Ottoni
882 677 1104 732 Steinensi,
1134 677 1331 733 Liutgero
1362 679 1414 721 de
1441 677 1700 734 Regenstorf,
1724 677 1979 734 Ymgmmno

425 754 477 796 de
506 753 772 808 Arnolstein,
819 755 1057 810 praeposito
1096 755 1147 798 de
1185 754 1397 810 Cluinike,
1442 755 1697 812 praeposito«¹
1712 755 1775 799 -de‘
1799 755 1981 799 Hester-

424 827 585 873 hoven³
617 834 659 874 et
689 831 881 873 omnibus
913 831 989 874 sub
1019 831 1123 887 ipsis
1155 832 1223 887 pie
1245 832 1586 875 conversantibus
1616 832 1798 876 salutem·
1814 836 1981 889 &sper-

426 910 687 950 severantem
727 907 771 950 in
802 907 882 950 Dei
914 907 1127 951 voluntate
1164 909 1425 952 famulatum.
1546 908 1651 952 Cum
1686 909 1882 965 primum»
1899 913 1981 965 ,pa-

425 983 592 1026 storalis
624 996 721 1026 cure
758 984 943 1037 regimen
976 985 1166 1039 quamvis
1205 986 1367 1040 indigni
1407 986 1688 1042 suscepimus),
1724 986 1982 1032 monasteria

427 1060 599 1103 ecclesie
629 1064 771 1103 nostre
803 1060 970 1104 subdita
1001 1061 1180 1116 qualiter
1209 1063 1251 1104 in
1283 1064 1527 1107 monachica
1557 1064 1757 1119 religione
1777 1063 1982 1120 disposita

428 1140 579 1191 essent,
613 1137 833 1191 diligenter
855 1138 1128 1190 attendimus;
1162 1140 1234 1181 sed
1266 1140 1406 1182 omnia
1437 1154 1462 1182 a
1492 1141 1710 1198 discipline
1740 1140 1981 1194 sue-‘sigore

426 1214 552 1256 nimis
592 1214 776 1257 resoluta
812 1214 1060 1257 invenimus.
1118 1215 1236 1266 Quod
1273 1216 1447 1260 moleste
1475 1218 1656 1261 ferentes
1686 1230 1736 1261 ac
1765 1216 1981 1274 dispensa-

426 1291 530 1333 tioni
562 1294 702 1334 nostre
733 1291 945 1334 incautum
975 1292 1277 1347 existimantes,
1309 1294 1380 1336 diu
1401 1294 1661 1350 multumque
1684 1293 1980 1348 laboravimus,

425 1367 530 1410 fusis
562 1367 614 1409 ad
646 1367 781 1410 Deum
814 1368 1026 1424 precibus,
1068 1373 1115 1411 ut
1145 1382 1220 1424 per
1251 1369 1436 1412 divinam
1468 1371 1806 1427 providentiam,
1829 1384 1908 1426 que
1937 1370 1982 1413 in

427 1443 491 1486 sui
518 1443 793 1500 dispositione
823 1458 907 1487 non
938 1445 1111 1501 fallitur,
1144 1446 1221 1489 hoc
1252 1450 1483 1490 mutaretur
1511 1448 1554 1490 in
1586 1448 1747 1491 melius.
1796 1447 1982 1491 Tandem

427 1520 540 1563 Deus
572 1518 795 1575 virtutum,
834 1522 951 1565 cuius
992 1526 1055 1584 est
1093 1526 1226 1566 totum
1266 1523 1376 1578 quod
1407 1527 1471 1567 est
1509 1522 1753 1580 optimum&
1789 1527 1887 1568 vota
1915 1526 1982 1568 re'-

427 1598 608 1653 spiciens
654 1597 893 1653 humilium,
940 1600 983 1641 in
1022 1600 1214 1643 omnibus
1258 1601 1522 1644 monasteriis
1568 1601 1723 1644 nostris
1767 1600 1980 1656 religionis

427 1675 614 1730 prestitit
645 1678 924 1728 augmentum.
977 1675 1084 1726 Quia
1114 1691 1186 1719 vos
1224 1677 1340 1731 gregi
1370 1691 1444 1720 suo
1475 1682 1666 1733 pastores
1694 1678 1871 1722 idoneos·
1900 1678 1982 1722 ele-

427 1752 490 1805 git
534 1765 582 1794 ac
627 1752 804 1794 fratrum
850 1755 1082 1796 vestrorum
1128 1767 1345 1796 numerum
1395 1754 1440 1796 iu
1487 1757 1632 1797 sancta
1668 1755 1982 1799 conversatione

428 1827 736 1884 multiplicavit.
792 1828 910 1879 Quod
939 1830 984 1872 in
1006 1831 1140 1872 vicino
1173 1831 1305 1874 sancti
1325 1830 1538 1874 Michaelis
1559 1835 1702 1874 monte
1728 1831 1980 1886 ostenditun

430 1905 547 1960 quia,
589 1905 687 1947 dum
729 1919 810 1947 non
848 1906 941 1961 plus
974 1920 1097 1962 quam
1130 1907 1277 1961 viginti
1307 1908 1458 1951 fratres
1489 1911 1532 1950 et
1561 1908 1728 1951 eosdem
1759 1908 1837 1952 sub
1866 1909 1982 1952 tenui

429 1981 652 2036 disciplina
690 1982 947 2037 invenimus,
986 1984 1071 2026 iam
1103 1984 1191 2026 Deo
1230 1985 1386 2038 gratias
1423 1984 1518 2040 plus
1554 1998 1678 2040 quam
1718 1986 1983 2042 septuaginta

429 2058 533 2101 inibi
555 2059 762 2101 cernimus
795 2060 950 2115 absque
982 2060 1060 2114 his,
1093 2061 1164 2115 qui
1195 2061 1366 2104 honeste
1387 2065 1686 2104 conversantur
1709 2062 1980 2106 extrinsecus.

429 2134 549 2177 Unde
579 2147 670 2177 nos·
686 2149 768 2178 non
801 2137 1066 2179 mediocriter
1088 2137 1281 2190 ‘letificati
1313 2151 1455 2180 omnes
1476 2151 1548 2180 vos
1580 2138 1789 2193 praelatos
1814 2151 1863 2181 ac
1885 2139 1982 2182 sub-

430 2212 539 2255 ditos
576 2213 620 2254 in
652 2213 825 2255 caritate
864 2217 1009 2256 sancta
1048 2214 1327 2270 appellamuS,
1368 2215 1553 2257 omnium
1585 2218 1768 2258 vestrum
1807 2215 1981 2272 pedibus

429 2289 663 2343 humiliati,
704 2290 748 2331 in
779 2289 868 2332 Deo
901 2294 942 2332 et
971 2294 1142 2346 propter
1172 2291 1306 2333 Deum
1339 2291 1623 2334 obsecrantes:
1663 2294 1710 2334 ut
1739 2291 1862 2346 digne
1894 2306 1981 2335 am-

431 2365 583 2409 buletis
614 2366 830 2409 vocatione
861 2380 943 2421 qua
963 2368 1098 2410 vocati
1130 2366 1273 2420 estis⁵;
1307 2371 1348 2410 et
1377 2368 1592 2422 religionis
1614 2372 1751 2426 vestre
1781 2382 1838 2412 ac·
1858 2369 1982 2425 spiri-

430 2443 556 2485 tualis
588 2443 806 2498 discipline
837 2443 1035 2497 vigorem,
1068 2444 1138 2486 alii
1170 2445 1434 2487 succedentes
1467 2445 1573 2498 aliis,
1610 2445 1982 2488 hereditarioiure

431 2519 476 2561 in
507 2519 809 2573 longitudinem
834 2520 995 2578 dierum
1025 2522 1291 2563 conservetis.
1412 2521 1459 2563 In
1490 2522 1733 2564 memoriam
1766 2535 1863 2577 ergo
1893 2525 1980 2565 tam

433 2595 611 2638 salubris
642 2585 943 2639 exhortationis
975 2597 1164 2640 addimus
1196 2598 1407 2641 decretum
1440 2603 1577 2642 nostre
1606 2598 1857 2654 episcopalis·
1883 2611 1981 2642 con-

432 2671 678 2715 firmationis
709 2673 969 2727 dirigendum
1003 2674 1361 2717 transcribendum
1392 2675 1659 2729 relegendum
1690 2675 1863 2729 singulis
1893 2688 1981 2717 mo-

431 2748 639 2791 nasteriis.
692 2749 920 2793 Monastice
950 2750 1163 2805 religionis
1194 2751 1454 2806 spiritualem
1476 2751 1670 2795 militiam
1691 2774 1742 2781 —-
1769 2751 1858 2794 Deo
1890 2751 1981 2808 pla-

529 2874 554 2894 a.
589 2865 767 2903 Gegenbach
794 2866 836 2897 C:

527 2929 559 2962 1.
585 2927 767 2964 historico.
862 2931 895 2965 2.
923 2931 1166 2967 1121-1162,
1275 2932 1307 2966 3.
1333 2930 1557 2967 Osterhofen.
1652 2932 1686 2967 4.
1713 2930 1903 2977 Of.1ao.1,
1923 2932 1978 2967 17.

432 2986 467 3021 5.
492 2985 624 3031 Ephes.
643 2987 676 3031 4,
698 2988 727 3022 1.
