2028 3438
598 249 820 282 ummmcr
849 250 1018 282 connx.
1065 247 1126 283 42.
1140 248 1189 283 43
1622 238 1677 281 91

40 401 42 403 ,
108 357 351 413 ὴῠῒωίνὶςῑ
364 358 469 415 nea·
497 359 536 404 si
565 370 660 403 eam
692 357 906 414 observet,
944 360 1120 415 propter
1148 357 1353 414 temporis
1385 356 1681 414 compendium

106 432 324 492 inquirere
350 436 485 493 potui.
716 442 719 444 ’

108 512 546 559 <¹¹-·÷=·‘,De'castitate-
566 526 666 557 vero
706 512 953 557 clericorum
995 515 1038 556 et
1067 512 1119 556 de
1150 512 1394 569 symoniaca
1428 512 1587 567 heresi,
1627 512 1682 556 ad

107 597 319 638 summ
349 591 403 635 die
435 590 644 647 omnibus,
676 603 784 646 quae
813 590 920 634 mihi
938 590 1187 646 mandastis,
1221 603 1402 646 semper,
1433 592 1560 647 prout
1588 589 1682 646 ipse

108 667 332 725 adiuverit,
362 669 556 713 obediam
588 668 679 711 Deo
711 670 755 711 et
783 667 916 711 vobis.

108 744 201 785 'ih'
218 745 324 791 Erit
360 750 503 790 autem
540 745 798 803 apostolicae
837 745 1170 789 mansuetudinis
1209 748 1252 789 et
1291 747 1494 802 paternae
1524 745 1682 790 discre-

107 822 259 868 tionis-2
291 824 352 873 sie
383 824 437 867 ad
465 824 618 867 fratres
651 823 936 867 ecclesiastica
965 823 1167 867 mandata
1190 813 1392 878 dirigere,
1425 826 1473 866 ut
1502 825 1545 866 et
1575 826 1682 866 tem-

108 913 276 959 porum·
292 902 601 959 oportunitates
634 904 676 945 et
707 900 968 956 singulorum
999 900 1323 958 possibilitatem
1355 900 1587 956 dignemini
1616 901 1680 944 in-

107 979 306 1037 spicere}
326 982 374 1023 ut
403 981 447 1023 et
476 979 742 1023 deviantibus
774 981 816 1022 et
846 978 1016 1022 discolis
1049 978 1320 1023 adhibeatur³
1352 978 1577 1035 disciplina
1601 991 1681 1035 que

107 1057 298 1113 debetur,
328 1061 374 1102 et
401 1056 581 1101 infirmis
613 1061 656 1101 et
691 1069 796 1113 opus
826 1056 1078 1100 habentibus
1109 1056 1273 1100 medico
1306 1056 1542 1113 compassio
1573 1056 1682 1100 cari-

107 1135 210 1180 tatis
227 1148 326 1179 non
362 1137 552 1191 negetur.
601 1134 755 1190 Sicque
795 1134 1048 1178 examinatis
1086 1134 1357 1189 negociorum
1393 1134 1531 1178 causis
1564 1134 1682 1178 adhi-

108 1212 259 1257 beatur
294 1212 442 1257 iudicii
478 1225 675 1268 censura,
715 1215 763 1255 ut
804 1212 1059 1269 apostolicae
1097 1212 1363 1256 discretionis
1402 1215 1443 1256 et
1478 1215 1682 1269 paternae

106 1291 286 1348 pictatis>
302 1291 484 1334 ..modum
513 1303 600 1334 non
631 1289 807 1334 excedat
836 1290 1029 1334 iusticiae
1060 1303 1270 1334 mensura.

126 1389 128 1393 v
187 1367 432 1418 :Sanctum
472 1368 754 1425 apostolatum
797 1375 985 1412 vestrum
1029 1381 1106 1424 pro
1144 1367 1265 1412 nobis
1305 1371 1495 1412 orantem
1534 1368 1682 1413 Sama-

108 1447 212 1491 rites
241 1446 315 1491 ille
345 1446 569 1502 custodiat⁷
601 1446 673 1502 qui
703 1446 748 1489 in
780 1445 1052 1490 custodiendo
1084 1459 1207 1489 suum
1238 1445 1370 1489 Israel
1406 1459 1490 1490 non
1527 1446 1684 1491 dormit

108 1524 268 1582 neque*
300 1524 513 1568 dormitat.
561 1523 619 1567 Et
650 1524 878 1568 divisiones
907 1524 1164 1579 gratiarum,
1206 1537 1311 1579 quas
1342 1524 1388 1567 in
1419 1524 1535 1568 clave
1566 1523 1683 1568 Petri

108 1602 324 1659 adunavit,
355 1603 450 1660 ipse
478 1602 524 1645 in
554 1602 674 1646 vobis
704 1599 846 1646 unitas
877 1603 1148 1658 integrasque
1173 1605 1406 1658 conservet,
1440 1602 1512 1658 qui
1542 1602 1681 1660 ipsam

108 1680 273 1735 clavem
301 1679 422 1729 vobis
452 1680 677 1724 commisit.

110 1823 195 1871 43.
227 1824 515 1868 Hmmannus
537 1825 568 1868 I
592 1826 812 1882 episcopus
833 1824 1158 1881 Bamberqensis
1183 1822 1389 1881 Greqorio
1420 1825 1513 1869 VII
1540 1841 1684 1883 papae

164 1944 166 1947 ,
208 1905 414 1960 ¹septimi,
448 1917 581 1959 quare
611 1903 669 1945 ad
700 1917 792 1945 eum
821 1903 1010 1945 nondum
1047 1904 1266 1946 accesserit
1294 1917 1427 1960 neque
1457 1905 1516 1946 ad
1554 1918 1681 1960 syno-

192 2008 208 2015 „
228 1982 330 2024 dum
361 1981 602 2024 Romanam
631 1988 828 2023 venturus·
859 1982 925 2022 sit.
978 1980 1223 2024 Diaconum
1252 1983 1415 2025 mitem.
1502 1979 1554 2034 (E
1580 1981 1681 2036 135)

227 2069 582 2114 Reverentissimo
621 2072 913 2113 sacrosanctae
950 2069 1062 2114 sedis
1111 2070 1367 2127 apostolicae
1409 2070 1683 2126 gubernatori

110 2147 161 2192 N.
190 2159 287 2192 cum
325 2147 531 2203 singulari
562 2147 777 2192 servitutis
816 2147 1038 2191 devotione
1076 2148 1244 2192 unicam
1281 2148 1327 2192 in
1359 2148 1553 2193 omnibus
1585 2148 1681 2192 obe-

109 2225 324 2271 dientiam.

161 2325 162 2328 ¹
227 2303 481 2348 Benedictus
520 2302 637 2347 Deus
675 2306 717 2347 et
754 2305 876 2360 pater
915 2302 1076 2346 domini
1114 2303 1248 2347 nostri
1279 2303 1374 2347 Iesu
1405 2303 1576 2359 Christi,
1610 2303 1682 2360 qui

109 2381 155 2425 in
191 2385 279 2426 tam
327 2380 564 2439 periculosa
609 2380 910 2438 multiplicium
951 2380 1246 2424 scandalorum
1283 2383 1537 2437 tempestate
1575 2381 1682 2426 cele-

109 2459 338 2504 berrimam
375 2459 507 2503 vestri
543 2459 812 2516 prudentiam
851 2458 1051 2503 ecclesiae
1090 2472 1190 2502 suae
1230 2458 1523 2513 gubernaculis
1559 2472 1682 2516 prae-

110 2537 248 2581 sidere
284 2536 438 2592 voluit,
475 2537 548 2580 ubi
578 2550 655 2580 nec
686 2550 842 2580 nocens
880 2536 991 2580 fallit
1027 2550 1104 2593 per
1136 2537 1340 2580 astuciam
1372 2549 1451 2581 nec
1479 2537 1681 2582 innocens

111 2614 373 2673 periclitatur
404 2622 481 2671 per
510 2615 727 2658 invidiam.

229 2692 286 2736 Et
315 2706 411 2736 mea
442 2692 609 2748 quidem
642 2692 857 2736 humilitas
899 2691 950 2735 ab
981 2691 1086 2747 ipsis
1117 2691 1205 2735 fere
1235 2691 1479 2748 primordiis
1512 2693 1680 2737 ordina-

109 2770 238 2814 tionis
267 2773 433 2814 vestrae
465 2770 519 2814 ad
550 2770 796 2826 obsequium
823 2761 1015 2813 ¹vestrum
1046 2769 1301 2813 desideravit
1331 2783 1566 2824 occurrere;
1608 2771 1682 2814 sed

112 2850 372 2902 emergentes
420 2847 619 2891 ecclesiae
654 2850 824 2891 nostrae
870 2846 1141 2890 necessitates
1188 2846 1442 2892 desiderium
1487 2852 1680 2892 nostrum

204 2975 231 2996 a.
265 2965 452 3005 adhybeatur
473 2966 507 2996 Z.
591 2966 620 2996 b.
652 2975 709 2996 nee
731 2966 769 2996 B.
854 2975 879 2995 c.
913 2975 950 2995 ex
973 2965 1193 3002 V57-57v‚
1220 2966 1296 3006 Zp.
1313 2968 1371 2997 97.-
1401 2966 1580 3005 Epistola
1610 2967 1678 2997 He-

111 3019 281 3049 rimanni
314 3019 660 3057 Babenbergensis
692 3020 736 3049 ad
769 3019 1095 3050 Hilthebraudum
1126 3028 1269 3058 papam.

1708 367 1800 404 1075

1721 418 1783 447 Ian.

1747 2080 1838 2116 1075

1706 2130 1766 2159 Ian.
1780 2129 1867 2160 Febr.
