2028 3438
561 297 563 300 .
614 277 838 310 unarum
867 277 1038 310 comm.
1089 277 1158 312 113
1589 268 1678 311 225

88 383 481 442 skomxffiwipulis,
511 387 563 430 ut
582 384 796 439 solverent
825 399 921 430 enm
936 383 957 429 ¹.
1081 385 1191 430 Ecce
1221 385 1267 429 in
1288 385 1452 429 Lazaro
1484 390 1677 443 peccato-

97 461 560 520 remia-Jenuwideo
590 463 941 520 praedicatorem.
995 462 1106 515 Quot
1137 462 1311 507 affectus
1345 463 1530 507 ostendit
1560 464 1676 508 Iesus

85 538 330 585 (11ίῖιῶτο
359 540 617 597 suscitando,
648 543 712 585 tot
743 537 916 585 affectus
937 541 1122 585 ostendit
1152 541 1422 598 praedicator
1452 542 1497 585 in
1528 556 1678 599 pecca-

86 619 213 663 Ml
227 618 484 674 smoitandoa
534 651 535 654 η
608 617 653 662 Si
692 622 889 676 peccator
923 619 992 664 vel
1031 632 1109 677 pro
1149 623 1371 677 peccatore
1410 620 1678 677 praedicator

87 694 334 746 metit
362 702 421 740 se
443 696 585 754 ipsum
624 697 873 754 penitendo,
916 697 953 740 si
982 697 1229 741 lacrimatus
1259 697 1410 754 fuerit,
1451 699 1489 742 si
1519 698 1677 742 clama-

86 774 363 832 surita-Veni
377 775 522 831 forae.
542 776 771 831 confitendo
797 784 989 834 peccata,
1024 776 1059 819 si
1091 775 1239 819 talerit
1268 775 1453 832 lapidem
1488 776 1540 820 de
1572 776 1677 820 duro

96 850 223 897 corde
251 852 489 910 peccantis,
528 853 702 897 tandem
741 853 795 897 ad
831 853 994 897 iussum
1025 853 1108 897 Dei
1138 853 1276 897 solvat
1306 853 1476 898 institas
1509 867 1678 898 excom-

85 929 418 987 diffluis,
452 930 580 975 tollat
617 931 746 975 etiam
787 945 814 975 a
842 931 951 976 facie
989 932 1078 975 eius
1117 931 1377 976 laboriosum
1416 933 1676 990 penitentiae

86 1007 325 1053 audatiam
338 1012 419 1054 net?
443 1009 511 1054 'sic
549 1009 732 1053 liberum
769 1010 885 1053 sinat
923 1009 1052 1054 abire.
1176 1010 1288 1054 Hinc
1326 1009 1556 1066 Gregorius
1595 1011 1675 1054 ait:

84 1088 450 1144 —Momfiwamnf
472 1072 738 1142 „ww-imtemg
773 1091 851 1145 qui
878 1091 1036 1132 iustum
1065 1090 1284 1146 dampnat.
1341 1090 1510 1132 Nititur
1540 1090 1676 1144 vivifi-

90 1175 195 1209 care
211 1168 310 1210 mm
331 1167 563 1220 victurum,
597 1169 675 1224 qui
692 1179 810 1210 reum
831 1167 1042 1224 eupplicio
1064 1167 1224 1210 solvere
1244 1176 1421 1210 conatur
1443 1201 1452 1209 .
1467 1200 1477 1210 .
1491 1200 1501 1210 .
1514 1201 1523 1210 .
1567 1167 1677 1210 Vera

87 1252 157 1288 ,ατ
184 1244 726 1303 αόοοῖυΰίαι’ρναοθίᾰθηιῷ8,
768 1261 862 1288 cum
893 1247 1083 1302 sequitur
1114 1245 1340 1288 arbitrium
1369 1248 1529 1289 interni
1562 1247 1676 1289 iudi-

88 1323 257 1369 aie-..0
306 1322 383 1378 sie
409 1324 618 1381 discipuli
641 1323 860 1366 Lazarum
889 1325 978 1366 iam
1007 1325 1211 1366 viventem
1242 1324 1420 1377 solvunt,
1456 1339 1578 1381 quem
1609 1324 1677 1367 Ie-

1751 399 1845 435 1103

1695 447 1783 478 Febr.
1792 464 1824 468 —
1835 448 1899 478 Iun.

93 1403 475 1445 mammaea-at-
497 1409 722 1446 mortuum.
777 1401 831 1445 Si
860 1403 970 1445 enim
1000 1410 1212 1444 mortuum
1243 1402 1460 1456 solverent,
1492 1402 1678 1459 fetorem

84 1480 244 1537 anapia
263 1480 523 1523 offenderent
553 1494 682 1537 quam
712 1481 919 1523 virtutem.
968 1477 1058 1523 Hec
1090 1477 1318 1534 Gregorius
1328 1477 1356 1522 ².

85 1555 531 1602 ··;11'll5‹HunG·Jfflssrflm
562 1557 742 1602 discrete
771 1556 935 1612 ligandi
971 1559 1014 1601 et
1045 1556 1236 1601 solvendi
1268 1558 1472 1601 hactenus
1504 1557 1677 1602 tenebas

86 1638 140 1679 et
166 1635 290 1680 nobis
319 1635 552 1680 tenendum
581 1635 830 1690 mandabas,
863 1649 887 1679 o
909 1638 1056 1679 sancta
1081 1638 1241 1679 mater⁶
1262 1635 1454 1680 Romana
1486 1636 1676 1680 ecclesia.

85 1711 217 1758 Unde
247 1713 456 1770 erguheo
483 1727 598 1758 nova
628 1714 871 1769 auctoritas,
908 1727 987 1771 per
1018 1727 1144 1769 quam
1176 1714 1260 1757 reis
1294 1714 1384 1758 sine
1416 1715 1679 1759 confessione

87 1791 404 1848 fietrpeiiitentia
433 1790 608 1836 offertur
637 1792 967 1849 praeteritorum
999 1796 1268 1849 peccatorum
1291 1792 1524 1850 impunitas
1550 1797 1592 1837 et
1612 1794 1678 1837 fu-

85 1871 295 1914 rurorum
316 1869 520 1925 libertas?
567 1870 778 1923 Quantam
808 1870 1040 1914 fenestram
1072 1870 1266 1914 maliciae
1298 1884 1375 1928 per
1407 1871 1486 1915 hoc
1517 1872 1678 1929 patefe-

86 1947 197 1993 cisti
210 1947 486 1993 hominibus!

214 2026 294 2083 Tc,
328 2041 352 2071 o
382 2030 542 2082 mater,
580 2026 733 2070 liberet
763 2026 879 2070 Deus
912 2025 964 2069 ab
998 2026 1113 2069 omni
1144 2024 1295 2070 malo³.
1356 2026 1421 2070 Sit
1451 2027 1567 2071 Iesus
1599 2027 1678 2071 tibi

95 2104 290 2161 ostium⁵,
332 2105 389 2149 sit
419 2105 629 2149 ostiarius.
683 2104 835 2148 Nullus
866 2105 911 2147 in
942 2107 984 2147 te
1015 2104 1221 2160 introeat,
1264 2105 1346 2148 nisi
1378 2105 1445 2148 cui
1478 2105 1677 2148 ostiarius

95 2174 344 2241 aperuerit‘.
393 2183 467 2239 Tc,
498 2184 688 2240 inquam,
721 2186 925 2239 tuumque
956 2182 1196 2239 praesulem
1227 2182 1379 2226 liberet
1399 2182 1515 2226 Deus
1549 2184 1676 2226 etiam

96 2259 150 2305 ab
172 2254 266 2317 -hie3
300 2261 393 2318 qui,
418 2265 473 2305 ut
503 2262 564 2305 ait
594 2261 804 2305 Micheas⁶
835 2259 1064 2318 propheta,
1097 2262 1301 2304 seducunt
1332 2262 1541 2319 populum
1574 2263 1674 2315 Dei,

97 2341 394 2398 Quivmoo'ssdent
423 2341 615 2384 dentibus
645 2342 734 2383 suia
767 2349 805 2383 et
832 2340 1086 2397 praedicant
1112 2355 1261 2396 pacem
1270 2355 1284 2389 ,·
1325 2348 1363 2382 et
1393 2342 1434 2382 si
1463 2342 1558 2397 quis
1590 2356 1677 2383 uon

96 2419 258 2462 deda-it
284 2420 434 2462 inore
465 2435 607 2463 eorum
636 2421 875 2477 quippiam,
908 2418 1173 2472 sanctificant
1201 2433 1330 2475 super
1362 2433 1454 2460 eum
1486 2419 1638 2461 bellum
1647 2415 1674 2461 ⁵.

95 2494 375 2554 Explicitd.

88 2601 91 2603 “
190 2624 218 2647 ι.
250 2617 348 2647 mater
369 2617 474 2647 sancta
491 2616 521 2646 V.
647 2616 677 2646 b.
710 2616 845 2647 hostium
866 2616 895 2646 V.
1023 2624 1049 2645 c.
1081 2614 1226 2654 Mycheas
1247 2614 1278 2644 V.
1405 2614 1435 2644 d.
1469 2624 1526 2645 om.
1542 2615 1577 2646 Z.

194 2698 227 2735 1.
251 2697 329 2734 Ioh.
349 2698 405 2743 11,
423 2697 481 2733 44.
603 2699 637 2734 2.
662 2698 700 2733 in
726 2698 858 2734 Homil.
877 2699 924 2733 26
950 2707 982 2732 c.
999 2696 1021 2732 5
1047 2699 1085 2731 et
1109 2697 1142 2741 6,
1170 2695 1207 2731 S.
1227 2695 1394 2741 Gregorii
1421 2706 1506 2742 opp.
1529 2697 1587 2733 ed.
1605 2698 1674 2733 Be·

92 2754 273 2813 'nedictini
295 2756 375 2793 T.1
402 2755 494 2793 1555
519 2760 557 2793 ct
582 2757 686 2794 1556.
808 2758 843 2793 3.
870 2754 925 2793 Cf.
948 2755 1076 2792 Matth.
1095 2756 1128 2801 6,
1148 2755 1205 2791 13.
1325 2755 1359 2792 4.
1389 2755 1434 2792 V.
1460 2755 1537 2792 Ioh.
1558 2757 1613 2803 10,
1640 2757 1674 2792 3.

92 2815 134 2852 >54
157 2815 343 2853 Michaeas
368 2817 402 2862 3,
428 2816 463 2852 5.

158 3111 265 3147 Jnn'.
286 3113 480 3143 Bibliotheca
492 3114 531 3142 V.
1344 3105 1389 3140 15
