2028 3438
245 404 338 440 1124

199 453 269 483 circ.
284 453 353 483 Mai.
367 454 385 483 7

411 277 497 319 624
799 288 962 319 Essoms
993 288 1097 318 vrrA
1129 287 1338 318 o‘r‘roms.
1385 287 1472 317 ue.
1494 287 1530 317 11
1556 285 1581 318 3

408 407 572 438 merore
602 407 744 449 egrum
777 393 1031 449 relinquens,
1061 393 1143 437 iter
1173 407 1267 436 cum
1299 393 1384 436 suis
1418 395 1638 447 aggressus
1658 388 1849 443 »esfflamss
1863 400 1866 411 ²
1881 390 1963 436 186-

408 471 565 514 fridum
594 475 749 525 tamen,
783 471 888 514 bone
918 470 1071 513 indolis
1102 469 1422 524 adolescentem,
1458 483 1534 526 pro
1567 471 1710 512 amore
1739 468 1808 525 pi'r
1823 468 1962 521 nutri-

408 548 512 591 toris
533 547 718 591 Udalrici
747 548 791 590 in
813 548 1014 590 comitatu
1039 534 1112 590 suo
1137 547 1374 601 admittens,
1407 547 1555 589 intime
1576 545 1963 597 dilectioniswiseev

408 624 524 668 ribus
556 638 608 668 ex
639 629 740 667 tunc
771 628 812 667 et
843 625 1038 680 deinceps
1071 637 1164 667 eum
1195 624 1336 667 fovere
1366 637 1450 666 non
1481 623 1615 666 desiit.
1830 623 1837 629 ’

528 701 708 745 Veniens
747 705 886 744 autem
926 701 978 744 ad
1015 700 1233 744 cenobium
1269 697 1627 744 Michelfeldense²
1665 699 1892 756 noviter-‘ia
1906 712 1963 742 -se

353 787 355 789 ’
408 783 706 832 constructum,
738 778 994 821 orationibus
1027 780 1068 821 et
1097 777 1336 820 elemosinis
1365 791 1442 833 pro
1465 777 1644 820 sanitate
1673 775 1813 819 intimi
1840 775 1961 827 sedne

407 854 460 898 lis
491 854 732 909 vigilantius
769 855 967 898 instabat.
1021 854 1259 909 Iterumque
1298 854 1436 896 triduo
1473 854 1518 896 in
1556 853 1702 897 eodem
1739 852 1962 896 lucelenb-

409 932 530 987 sedit,
563 932 707 975 crebra
740 945 905 975 servum
938 931 1018 974 Dei
1048 931 1256 985 legatione
1288 930 1563 987 compellans:
1602 933 1661 985 ut,
1693 930 1843 985 siqua
1870 928 1960 973 Deo

407 1009 633 1051 miserante
663 1008 796 1051 virtus
830 1010 1016 1064 corporis
1049 1011 1346 1062 succresceret,
1385 1007 1472 1050 illic
1510 1007 1590 1051 sibi
1625 1007 1962 1050 naviter-occur·-

407 1089 530 1128 reret.
587 1085 668 1128 Sed
706 1085 777 1127 illo
816 1086 861 1127 in
900 1086 1096 1128 continua
1134 1085 1381 1140 egritudinis
1419 1085 1612 1128 molestia
1653 1086 1960 1141 perseverante,

407 1162 502 1218 pius
525 1162 622 1205 Otto
647 1176 691 1204 se
712 1162 833 1205 beato
857 1160 1029 1204 Iohanni
1052 1163 1253 1218 apostolo,
1285 1162 1468 1205 eiusdem
1493 1161 1740 1214 monasterii
1768 1164 1960 1218 pati-0110,

408 1239 606 1282 attentius
629 1239 939 1293 commendanS,
971 1240 1052 1282 iter
1075 1240 1185 1295 quod
1208 1243 1376 1295 ceperat
1407 1240 1627 1293 aggressus
1658 1242 1733 1282 est;
1790 1272 1793 1273 ν
1838 1237 1961 1281 Multi

408 1319 547 1359 autem
579 1316 630 1359 de
661 1316 770 1359 clero
808 1320 849 1359 et
879 1316 1040 1359 familia
1069 1316 1428 1371 Babenbergensis
1459 1316 1652 1371 ecclesie,
1681 1315 1820 1358 -nimio
1850 1314 1961 1371 'piis-

408 1394 503 1436 simi
534 1393 665 1449 patris
698 1393 763 1435 sui
794 1407 934 1436 amore
966 1393 1161 1448 devincti,
1195 1393 1247 1435 ad
1276 1393 1414 1435 locum
1444 1390 1835 1436 Michel‘veldensem
1866 1405 1959 1435 eum

405 1470 594 1513 fuerant‘³¹
625 1470 856 1526 prosecuti3
898 1471 1114 1526 cupientes
1146 1470 1212 1513 vel
1242 1470 1406 1525 tantillo
1437 1473 1625 1526 tempore
1650 1468 1843 1513 amabili*
1871 1468 1959 1512 eius

405 1547 618 1603 presentia
646 1550 687 1589 et
714 1547 900 1590 doctrine
931 1548 1178 1590 suavissime
1204 1546 1469 1590 desiderabili
1499 1547 1736 1602 eloquentia
1765 1546 1958 1590 recreari.

406 1623 516 1675 Quos
549 1623 618 1666 ille
651 1623 821 1666 monitis
854 1624 1106 1667 salutaribus
1145 1624 1197 1667 ad
1236 1625 1351 1680 pacis
1388 1627 1430 1667 et
1458 1624 1960 1669 unanimitatisvfraterne

406 1700 669 1744 concordiam
702 1701 944 1756 accendenS,
977 1693 1172 1744 uberibus
1205 1708 1378 1757 paterne
1403 1701 1696 1744 consolationis
1725 1699 1958 1753 reficiebat3

405 1778 558 1821 dicens»
577 1778 688 1820 inter
720 1778 822 1821 alia:
859 1779 969 1832 Quia
997 1794 1078 1835 pro
1104 1794 1244 1821 amore
1265 1777 1419 1822 Christi
1447 1780 1626 1821 arduam
1654 1780 1958 1835 pereqrinatio-

404 1858 470 1898 nis
492 1844 623 1898 ‘liuius
656 1858 879 1911 anqariam
909 1858 1046 1898 subire
1078 1866 1115 1899 et
1146 1857 1306 1898 luorum
1329 1857 1504 1912 aliquod
1533 1858 1578 1898 in
1607 1857 1773 1898 remotis
1805 1855 1957 1898 barba-

404 1947 548 1975 rorum
568 1933 727 1986 finibus
756 1948 998 1989 propaqare
1024 1934 1225 1986 desidero,
1252 1949 1403 1990 paoem
1433 1934 1622 1989 relinquo
1653 1934 1782 1986 vobis,
1812 1929 1959 1989 pacem

404 2012 552 2053 iterum
584 2019 707 2066 atque
737 2012 886 2052 iterum
907 2011 1122 2052 inculcans
1145 2013 1380 2053 commendo
1401 2011 1516 2052 vobis
1527 2006 1553 2052 ³.
1603 2010 1657 2054 Si
1685 2008 1797 2066 erqo,
1830 2022 1958 2068 quam

403 2102 560 2143 ‘maqna
589 2090 644 2129 sit
669 2089 790 2143 pacis
821 2089 966 2140 virtus,
1001 2089 1224 2140 attenditis,
1259 2102 1340 2144 quo
1362 2104 1389 2129 α
1408 2088 1523 2129 vobis
1545 2088 1727 2130 colenda
1745 2089 1801 2130 sit
1819 2085 1956 2130 studio

405 2166 661 2221 coquoscitis.
708 2164 834 2206 Hane
859 2166 1015 2221 quippe
1037 2166 1232 2207 ‘dominus
1265 2173 1303 2207 et
1331 2165 1566 2221 redemptor
1585 2173 1743 2216 noster,
1769 2165 1827 2206 ad
1849 2161 1954 2220 pae-

403 2244 560 2284 sionem
589 2243 733 2283 mortis
764 2243 912 2294 iturus,
945 2242 1055 2284 velut
1083 2244 1252 2284 unicum
1283 2251 1321 2285 et
1350 2242 1529 2298 speciale
1557 2243 1712 2298 piqnus
1735 2238 1955 2297 discipulis

403 2320 489 2360 suis
520 2319 753 2374 relinquere
784 2335 833 2360 ao
863 2320 965 2360 dare
996 2320 1192 2375 diqnatus
1224 2327 1301 2371 est,
1341 2327 1386 2360 ut
1416 2334 1505 2370 eos,
1545 2320 1621 2374 qui
1648 2318 1730 2360 sibi
1755 2318 1956 2372 firmitate

392 2395 500 2449 fidei
528 2382 782 2447 coherebant,
814 2410 891 2451 per
911 2396 1018 2437 liano
1048 2396 1116 2437 illi
1141 2397 1218 2451 pia
1243 2395 1410 2450 faceret
1436 2397 1762 2451 participatione
1787 2406 1953 2437 comor—

403 2480 472 2514 tes.
529 2472 744 2528 Scriptum
783 2487 962 2528 namque
999 2481 1076 2514 est:
1109 2473 1265 2523 „Beati
1296 2473 1483 2528 paoifioi‚
1526 2474 1726 2528 quoniam
1751 2469 1842 2526 filii
1869 2472 1957 2513 Dei

401 2550 686 2591 vocabuntur“
696 2546 721 2590 ¹².
772 2549 972 2604 Quisquis
995 2564 1090 2604 erqo
1116 2550 1235 2604 patri
1256 2564 1330 2590 suo
1352 2549 1465 2591 lieres
1487 2563 1571 2591 esse
1591 2550 1810 2600 desiderat,
1833 2548 1953 2602 filius

403 2628 573 2667 emistere
596 2641 747 2682 paoem
779 2627 1044 2668 eustodiendo
1075 2641 1159 2668 non
1191 2634 1349 2667 renuat.
1399 2625 1515 2667 Nam
1547 2627 1622 2680 qui
1650 2626 1785 2667 locum
1811 2625 1955 2681 prebet

402 2703 629 2754 discordie,
673 2704 763 2758 ipse
796 2703 985 2759 profecto
1024 2701 1154 2746 tanti¹²
1190 2717 1233 2744 se
1268 2704 1451 2744 muneris
1491 2711 1692 2744 eoesortem
1731 2703 1950 2744 constituit.

498 2793 523 2812 a.
556 2793 637 2813 corr.
658 2783 692 2813 in
713 2784 834 2814 fuerunt
859 2783 889 2814 O.
1013 2784 1042 2814 b.
1074 2785 1157 2813 tante
1183 2783 1214 2814 C.

495 2840 528 2875 1.
555 2839 758 2875 Secundum
786 2841 996 2876 Ekkehardi
1021 2841 1227 2885 gravissimi
1252 2841 1408 2876 auctoris
1434 2840 1554 2876 chron.
1576 2840 1668 2876 1124
1697 2841 1810 2882 (Mon.
1830 2840 1949 2875 Germ.

401 2897 525 2934 SS.VI
549 2899 639 2942 262)
668 2900 810 2935 circiter
834 2900 892 2935 die
918 2901 938 2934 7
963 2900 1066 2943 Maii3
1099 2899 1298 2934 secundum
1323 2899 1550 2934 Herbordum
1576 2899 1610 2933 II
1635 2900 1676 2934 8:
1707 2898 1766 2934 die
1791 2899 1837 2934 24
1861 2898 1949 2943 Apr.

401 2957 603 3002 („proxima
627 2957 685 2992 die
709 2960 794 3002 post
817 2957 950 2993 festum
977 2957 1014 2993 S.
1033 2958 1181 3003 Georgii
1205 2958 1408 3001 martiris“).
1517 2959 1549 2992 2.
1583 2967 1605 2991 a
1629 2957 1835 3002 Bamberga
1857 2957 1950 2992 inter

400 3016 573 3052 orientem
600 3019 637 3052 et
662 3016 858 3051 meridiem.
979 3018 1012 3052 3.
1039 3016 1092 3052 Cf.
1114 3016 1188 3052 Ioh.
1209 3016 1263 3062 14,
1290 3017 1347 3051 27.
1465 3017 1499 3051 4.
1525 3015 1651 3051 Matth.
1670 3016 1702 3061 5,
1728 3016 1782 3050 9..
