2028 3438
577 201 800 234 nmmum
815 201 999 233 connx.
1047 198 1104 233 77.
1122 198 1168 232 78
1572 188 1654 232 157

84 310 234 366 patum
268 306 600 353 reinvadendum
649 311 724 352 aut
760 307 1045 352 infestandum
1093 320 1321 353 assensum·
1361 307 1658 351 accomodare’

85 383 341 444 praesumet.
387 385 508 430 Alias
540 389 583 431 et
610 386 752 444 ipsum
784 390 827 430 et
856 385 991 443 ipsius
1021 385 1209 429 fautores
1235 384 1659 429 excommunicationi

84 458 300 509 shbiaeere
345 477 578 509 censemus.
637 463 890 508 Obedientes
937 461 1063 507 vero*
1108 463 1265 506 nostris
1312 462 1484 506 monitis
1522 463 1660 518 gratia

84 540 228 586 divina
246 541 476 589 ,cutodian
506 541 620 586 Data
650 540 825 598 Capuae:
853 541 879 586 8
900 540 992 585 Kal.
1017 540 1276 585 Decembris.

88 683 169 731 78.
211 685 404 742 Urbanus
426 685 484 729 ΙΙ
504 701 625 743 papa
659 684 856 728 Bia-herio
890 685 1206 742 archiepiscopo
1232 683 1469 728 senonensi
1487 684 1659 727 Ivonem

203 765 443 822 episcopum
474 761 768 806 carnotensem
798 764 1093 806 commendat&
1478 760 1530 814 (E
1555 761 1657 816 175)

201 851 398 897 Urbanus
437 852 662 910 episcopus
702 866 848 896 servus
888 865 1104 896 servorum
1144 851 1224 895 Dei
1254 849 1484 904 Rficherio)
1528 850 1658 895 Seno-

82 930 204 975 nensi
233 930 549 988 archiepiscopo
581 930 759 974 salutem
792 933 835 974 et
866 929 1139 987 apostolicam
1173 928 1521 973 benedictionem.

201 1007 389 1060 Quantas
420 1021 498 1066 pro
521 1007 724 1052 Gaufrido
757 1008 971 1064 quondam
1002 1007 1200 1064 episcopo
1223 1006 1493 1050 Carnotensis
1525 1006 1657 1051 eccle-

82 1085 148 1130 sia
182 1085 398 1131 molestias
436 1086 708 1142 sustinuerit,
748 1089 929 1142 quantae
969 1086 1025 1129 ad
1064 1084 1338 1142 apostolicam
1379 1084 1519 1128 sedem
1560 1098 1657 1141 per-

81 1163 194 1208 latae
224 1163 419 1221 querelae
448 1164 628 1220 fuerint,
668 1163 905 1207 dilectionis
938 1163 1058 1207 tuae‘¹
1091 1162 1349 1208 strennuitas
1381 1162 1654 1218 recognoscit.

82 1241 292 1298 Tandem,
332 1241 396 1287 rei
431 1242 610 1286 veritate
651 1241 894 1297 diligentius
934 1241 1189 1299 perquisita,
1228 1240 1435 1295 largiente
1472 1239 1656 1284 Domino

80 1319 273 1364 iusticiae
304 1319 604 1374 satisfecimus3
637 1322 680 1364 et
710 1320 762 1364 ab
795 1320 888 1377 ipso
919 1320 965 1363 in
996 1319 1152 1363 nostris
1184 1318 1378 1361 manibus
1404 1318 1495 1361 sine
1517 1318 1657 1362 cuius-

80 1396 185 1441 libet
220 1400 368 1442 tenore
405 1398 657 1442 conditionis
690 1397 957 1455 episcopatus
997 1397 1204 1441 refutatus
1246 1398 1321 1440 est.
1445 1396 1562 1440 Tunc
1604 1396 1658 1439 ad

80 1478 199 1520 tuam
227 1475 539 1521 fraternitatem
571 1476 731 1534 scripta
760 1475 1013 1531 direximus,
1049 1475 1112 1519 rei
1142 1477 1285 1530 gestae
1325 1473 1514 1518 ordinem
1546 1473 1657 1517 indi-

81 1557 225 1598 cantes
263 1557 326 1610 et,
365 1558 413 1598 ut
452 1557 572 1599 tuum
604 1553 932 1598 Carnotensibus
974 1553 1027 1597 ad
1059 1551 1299 1608 eligendum
1334 1554 1375 1595 et
1406 1565 1656 1596 consecran-

80 1631 182 1676 dum
203 1632 436 1677 antistitem
459 1632 664 1676 auxilium
685 1632 985 1687 contribueres,
1015 1630 1268 1686 flagitantes.
1316 1629 1493 1673 Nostra⁹
1514 1630 1656 1686 itaque

78 1709 176 1753 fulti
206 1710 398 1766 licentia,
430 1709 709 1754 carnotenses
741 1709 1024 1754 venerabilem
1057 1708 1339 1766 presbiterum
1377 1708 1549 1752 Ivonem
1586 1721 1656 1752 ca—

79 1787 231 1832 nonico
262 1787 409 1833 ordine
439 1789 485 1832 in
517 1788 761 1846 episcopum
793 1787 1021 1843 elegerunt.
1071 1786 1177 1830 Cum
1210 1789 1349 1830 autem
1383 1800 1408 1830 a
1438 1788 1480 1830 te
1509 1799 1655 1830 eonse-

79 1865 281 1910 crationis
311 1866 491 1922 gratiam
523 1880 600 1924 pro
631 1865 768 1910 more‘
799 1865 998 1909 ecclesiae
1028 1865 1300 1922 petivissent,
1331 1867 1407 1907 tua
1437 1864 1477 1908 ei
1503 1865 1655 1908 frater-

79 1944 193 1988 nitas
222 1958 395 1989 manum
426 1945 644 2002 imponere
664 1943 888 1988 recusavit.
1010 1942 1080 1986 Ad
1100 1955 1177 1987 nos
1207 1943 1338 1998 igitur
1357 1942 1463 2000 ipsis
1484 1943 1656 1986 venien-

79 2022 192 2067 tibus
223 2025 267 2067 et
296 2022 621 2066 consecrationis
653 2022 841 2066 eiusdem
872 2021 1052 2076 gratiam
1085 2021 1421 2078 deposcentibus,
1459 2034 1550 2076 nos,
1583 2018 1653 2077 qui

79 2100 162 2144 viri
190 2100 438 2157 religionem
470 2100 555 2144 iam
587 2100 743 2143 dudum
777 2111 1029 2143 noveramus
1052 2102 1094 2142 et
1124 2098 1213 2142 eius
1237 2099 1418 2154 eligendi
1438 2098 1654 2142 licentiam

81 2178 351 2235 dederamus,
399 2178 599 2236 peticioni
646 2178 782 2221 iustae
829 2176 974 2221 deesse
1012 2176 1290 2232 nequivimus.
1353 2175 1654 2220 Consecratum

79 2256 234 2312 igitur⁸
263 2270 357 2301 eum
398 2256 515 2300 salva
551 2259 650 2300 tuae
691 2255 890 2300 ecclesiae
927 2254 1165 2298 obedientia
1202 2254 1487 2309 remittentes,
1527 2253 1655 2297 dilec-

79 2334 208 2378 tionis
237 2337 336 2378 tuae
367 2333 629 2378 dulcedinem
660 2333 942 2391 postulamus:
983 2335 1050 2387 ut,
1094 2332 1230 2375 omnis
1261 2331 1349 2375 litis
1377 2331 1524 2374 fomite
1556 2344 1655 2375 con-

81 2412 234 2470 sopito,
264 2411 525 2468 benignitate
556 2425 651 2455 eum
683 2411 825 2455 debita
856 2409 1149 2467 complectaris
1172 2413 1214 2453 et
1235 2410 1287 2452 ad
1309 2409 1509 2453 ecclesiae
1531 2408 1654 2452 suae¹¹

79 2489 268 2545 regimen
314 2489 350 2533 ei
393 2489 596 2533 auxilium
636 2493 756 2533 tuum
798 2487 1006 2543 largiaris
1130 2487 1261 2530 Porro
1301 2486 1573 2542 Gaufridum,
1619 2487 1655 2530 si

80 2567 358 2625 episcopium*
386 2567 585 2611 invadere
616 2570 689 2611 aut
718 2566 936 2611 ecclesiam
968 2565 1169 2609 infestare
1196 2565 1481 2638 temptaverit,
1513 2565 1654 2622 ipsum

79 2645 297 2703 ipsiusque
326 2645 512 2690 fautores
545 2644 803 2689 anathemati
834 2643 1052 2687 subiacere
1085 2642 1360 2687 decrevimus.
1407 2642 1547 2687 Data*
1575 2641 1655 2686 Ca-

79 2735 190 2780 puae
210 2723 235 2765 7
259 2722 351 2766 Kal.
370 2722 629 2767 Decembris.

174 2809 202 2830 a.
233 2799 412 2830 acomodare
432 2800 462 2830 V.
566 2799 597 2830 b.
629 2809 683 2830 vos
703 2799 761 2830 VZ.
867 2808 893 2830 c.
926 2808 964 2829 ex
983 2799 1011 2829 V
1029 2798 1215 2835 82-82v,
1243 2797 1271 2828 Z
1284 2808 1318 2838 p.
1331 2798 1503 2828 171-172.
1544 2796 1655 2827 Edidit

80 2853 198 2884 Fronto
217 2853 253 2884 in
274 2852 378 2884 Ivom'e
404 2852 479 2893 Opp.
502 2853 534 2884 T.
549 2853 584 2884 Il
602 2854 629 2883 1.
746 2852 776 2883 d.
807 2854 928 2883 vestrae
947 2851 1005 2883 VZ.
1116 2861 1143 2883 e.
1175 2849 1229 2882 Nr‘i
1248 2851 1306 2882 VZ.
1419 2850 1440 2881 f.
1474 2860 1575 2881 amore
1595 2849 1654 2881 VZ.

81 2915 110 2945 g.
140 2915 211 2945 ergo
233 2907 360 2937 Fronto.
484 2905 516 2936 h.
548 2915 620 2937 suae
643 2916 699 2936 om.
719 2905 778 2936 VZ.
909 2906 930 2935 i.
964 2906 1173 2944 episcopatum
1195 2905 1321 2935 Fronto.
1455 2903 1487 2934 k.
1520 2903 1599 2934 Data
1618 2918 1650 2924 —

80 2959 239 2990 Deeemhr.
254 2969 311 2990 om.
326 2959 383 2990 VZ.

1703 317 1796 352 1090

1681 366 1758 396 Nov.
1773 366 1813 397 24

1704 859 1796 894 1090

1682 907 1758 938 Nov.
1772 908 1812 938 25
