2028 3438
644 268 790 316 nuru
821 284 1146 317 nms'rOLARUM
1256 277 1261 282 '
1622 275 1709 319 845

802 400 872 431 pag·

11 468 13 489 3
81 438 123 477 si
145 439 209 482 ina
230 440 326 478 inter
347 450 415 478 nos
439 451 512 488 pax
564 471 569 475 .
624 469 630 475 .
683 470 690 477 .
743 471 749 476 .
800 444 872 480 230

81 498 122 536 si
144 499 184 537 in
206 500 375 547 proxima
398 501 502 538 euris
563 529 570 536 .
623 529 629 536 .
682 529 689 536 .
742 530 749 537 .
799 503 869 540 531

81 557 232 596 Sincere
254 560 389 597 mentis
414 571 459 597 ao
502 587 749 596 .....
798 562 870 599 453

6 631 10 635 ·
81 616 238 656 Sinistra
259 617 360 656 fama
382 619 454 656 hoe
503 647 748 656 .....
800 622 869 658 136

0 691 6 731 f?
80 676 121 715 si
144 678 358 716 oooasiones
381 689 573 726 quer-erem
623 708 629 714 .
682 707 689 714 .
744 707 752 716 .
800 681 870 717 775

80 736 120 774 Si
142 738 269 775 omnin.
290 741 418 775 vestra
442 765 750 775 ......
822 741 869 776 38

0 810 3 850 g
79 796 120 834 si
143 796 276 835 remm'
289 796 495 842 vestrarum
562 827 570 833 .
622 826 631 834 .
739 826 748 834 .
796 799 869 836 448

0 858 3 892 ἴ
79 855 273 904 stupendo
294 859 334 894 et
356 858 540 908 gemendo
561 886 568 892 .
622 887 627 892 .
681 886 687 893 .
740 885 748 894 .
798 860 867 895 201

79 915 232 954 Suociea
253 917 293 954 in
315 917 557 965 Aquilegensi
622 946 629 953 .
682 946 689 953 .
739 945 748 954 .
796 919 868 955 439

79 974 199 1023 Super
222 987 336 1014 eausa
359 977 568 1015 Gebehardi
621 1006 626 1012 .
680 1006 686 1011 .
739 1005 746 1013 .
797 979 868 1014 399

78 1034 199 1083 Super
221 1036 318 1074 illius
341 1038 484 1074 consilii
502 1064 748 1073 .....
797 1039 867 1074 371

2 1111 3 1115 ’
78 1094 199 1143 Super
220 1097 327 1143 regni
350 1096 627 1144 perturbatione
679 1124 686 1132 .
738 1125 745 1132 .
799 1098 867 1134 126

77 1154 268 1203 Swepflfl
291 1156 424 1197 litteris
447 1157 656 1194 sanctitatis
680 1183 688 1192 .
739 1183 748 1192 .
822 1158 868 1193 93

79 1216 149 1257 Ιο
170 1219 211 1254 et
231 1218 338 1254 tuum
361 1215 537 1254 humorem
561 1244 567 1251 .
620 1243 627 1251 .
679 1243 686 1251 .
738 1243 745 1250 .
795 1216 868 1253 260

1639 402 1708 433 pag·

918 443 1194 489 Tempestatem
1220 443 1367 488 quidem
1401 470 1409 478 .
1461 471 1468 479 .
1521 471 1527 477 .
1580 471 1589 479 .
1662 445 1709 481 39

917 503 1032 539 Teste
1057 502 1295 548 conscientia,
1321 506 1417 539 teste
1463 530 1470 537 .
1520 530 1527 537 .
1579 530 1587 538 .
1639 504 1709 540 130

917 562 1042 598 Testis
1066 564 1135 607 est,
1161 561 1221 597 eui
1246 571 1355 598 omne
1402 590 1407 595 .
1462 590 1468 595 .
1521 589 1527 596 .
1581 590 1587 596 .
1637 563 1708 599 396

917 620 1189 658 Tribulationes
1214 624 1251 658 et
1276 621 1546 658 destructiones
1581 650 1585 656 .
1637 623 1708 659 398

916 681 975 717 Tu
1001 683 1039 717 et
1062 684 1167 718 tuum
1191 680 1367 718 honorem
1399 709 1405 715 .
1459 708 1466 716 .
1519 709 1525 715 .
1578 708 1586 716 .
1637 683 1708 718 260

915 741 1117 777 Venerunt
1141 740 1189 777 ad
1215 751 1283 777 nos
1307 742 1428 777 littere
1462 770 1466 773 .
1520 769 1526 774 .
1579 768 1587 776 .
1638 742 1706 777 161

915 800 1078 837 Veniens
1104 799 1152 836 ad
1176 801 1426 846 apostolorum
1460 827 1467 834 .
1519 827 1526 834 .
1578 827 1586 835 .
1637 801 1706 836 291

916 860 1106 906 Veremur,
1133 859 1291 906 domine,
1318 861 1548 896 maiestatem
1579 887 1584 894 .
1637 861 1708 896 308

915 920 1072 956 Vestrae
1097 920 1310 966 paternitati
1334 918 1568 956 notificamus
1634 920 1706 955 436

915 979 1101 1025 Vestram,
1127 979 1286 1025 domine,
1311 979 1483 1025 precibus
1517 1007 1525 1014 .
1577 1006 1584 1014 .
1635 980 1706 1016 261

916 1039 1119 1084 vigilantia
1142 1039 1360 1075 universalis
1399 1066 1406 1072 .
1459 1066 1466 1073 .
1520 1066 1526 1073 .
1577 1066 1583 1073 .
1658 1039 1707 1075 48

915 1098 1015 1134 Visis
1040 1098 1295 1134 sanctissimae
1320 1098 1551 1144 paternitatis
1578 1125 1585 1133 .
1634 1099 1706 1135 423

917 1156 1152 1204 Wigbertus
1177 1158 1363 1204 quondam
1389 1159 1586 1195 Ravennas
1637 1159 1704 1195 141
