2028 3438
260 360 276 393 1
286 358 351 394 125

233 407 320 438 Mart.
336 409 374 438 28

233 672 319 702 Mart.
336 673 375 703 29

401 231 487 274 648
779 245 941 276 neotus
972 246 1076 276 vrrA
1109 246 1317 278 o'r'roms.
1365 247 1451 277 Lm.
1472 247 1507 277 11
1540 245 1583 278 18

402 362 495 392 cum
541 349 726 393 lacrimis
768 352 925 405 gratias
963 351 1153 406 agebant.
1281 352 1413 407 Igitur
1451 353 1733 397 sacratissimo
1767 353 1955 410 paschali

401 426 574 469 sabbato
606 427 678 469 diu
697 427 911 471 viduatam
944 442 1141 484 sponsam
1162 442 1280 471 suam
1306 429 1616 472 amantissimus
1647 432 1774 486 pater„
1794 430 1954 486 revisit,-

399 502 620 559 locumque
652 492 1011 548 Turestatensem
1039 505 1268 560 ingressus,
1306 505 1364 548 ibi
1395 506 1644 550 reverendas
1668 514 1792 553 *sacre
1816 507 1954 552 noctis

400 580 566 634 vigilias
597 594 713 623 more
745 581 949 637 solempni
980 582 1153 637 peregit.
1844 627 1846 630 ,

518 656 641 700 Mane
672 658 808 713 primo
840 658 1155 700 resurrectionis
1177 658 1381 701 dominice
1413 658 1670 715 splendidior
1689 658 1813 703 solito
1833 624 1954 704 nobis

400 746 551 776 aurora
578 734 767 789 refulsit,
808 735 1019 788 geminata
1057 747 1133 776 nos
1175 735 1340 791 excepit
1377 735 1536 778 leticia:
1576 739 1663 778 tam
1699 735 1954 782 iocunditate

399 810 608 866 paschalis
639 811 734 854 festi
769 825 891 867 quam
925 812 1048 854 etiam
1083 811 1262 854 adventu
1293 812 1354 868 pii
1383 811 1548 855 Ottonis
1577 811 1819 856 illustrata-
1845 811 1951 856 Nam

399 887 594 930 universo
626 887 736 930 clero
775 892 817 930 et
853 887 1008 944 populo
1039 888 1271 930 coadunato
1307 888 1532 943 multisque
1571 887 1882 941 honorabilibus
1912 892 1955 933 et

398 964 638 1006 reverendis
662 965 839 1007 aliorum
860 964 1049 1020 patribus
1071 964 1337 1008 cenobiorum
1360 965 1637 1022 presentibus,
1668 965 1954 1011 novusnostri

398 1041 600 1096 temporis
633 1041 859 1097 apostolus,
893 1041 1114 1084 destructis
1147 1041 1259 1097 apud
1289 1041 1487 1085 barbaros
1518 1042 1653 1098 portis
1677 1042 1838 1097 mortis,
1867 1042 1954 1086 vic-.-

398 1119 465 1159 tor
495 1117 675 1172 rediens,
708 1117 923 1161 ecclesiam
957 1131 1076 1161 suam
1108 1131 1201 1160 cum
1232 1118 1444 1175 triumpho
1475 1118 1606 1162 nobili
1636 1119 1869 1174 ingreditur
1897 1122 1952 1175 et,

399 1194 558 1236 cunctis
590 1208 665 1250 pre
695 1194 846 1248 gaudio
876 1193 1086 1250 flentibus,
1117 1208 1211 1238 cum
1234 1199 1357 1239 cantu
1388 1195 1597 1251 paschali:
1629 1196 1852 1240 Advenieti
1880 1198 1951 1240 de-

398 1272 638 1313 siderabilis
684 1272 797 1314 omni
844 1271 1068 1315 devocione
1121 1271 1330 1328 spirituali
1384 1272 1620 1328 suscipitur.
1691 1272 1797 1317 Erat
1841 1272 1953 1329 apud

399 1360 543 1390 omnes
583 1347 781 1402 gaudium
819 1348 1005 1391 lacrimis
1035 1349 1182 1391 intime
1213 1349 1543 1405 compunctionis
1582 1349 1860 1406 permixtum,
1900 1354 1953 1394 ‚ut

399 1423 504 1466 solet
535 1438 626 1467 esse
657 1425 699 1467 in
732 1426 838 1468 caris
869 1426 1044 1468 mortuis
1075 1426 1356 1479 resuscitatis.;
1395 1429 1639 1470 cunctorum
1668 1439 1790 1470 voces
1819 1427 1952 1471 inedi-

397 1500 510 1543 cibili
542 1501 798 1544 iubilationis
831 1503 1035 1545 suavitate
1068 1504 1252 1546 Alleluia
1284 1503 1550 1558 resonabant,
1588 1504 1767 1560 strepitu
1796 1507 1951 1560 quanto

395 1577 576 1621 humane
621 1592 742 1621 aures
781 1592 930 1635 capere
969 1580 1038 1621 vix
1085 1582 1268 1635 possent.
1333 1579 1535 1623 Omnibus
1575 1580 1686 1623 enim
1726 1580 1951 1624 verisimile

395 1654 626 1708 videbatur,
660 1656 745 1698 acsi
766 1655 977 1698 Christum
1011 1670 1035 1698 a
1066 1660 1199 1699 morte
1231 1660 1515 1710 resurgentem
1547 1657 1841 1713 susciperent32
1860 1656 1950 1702 Deo

394 1730 552 1786 laudes,
586 1731 675 1774 Deo
708 1733 879 1787 gratias,
920 1732 1034 1774 nullo
1067 1736 1243 1788 tacente,
1283 1734 1471 1776 unanimi
1501 1733 1769 1789 psallentium
1801 1733 1951 1778 affectu

395 1809 713 1864 concrepabant.
772 1809 925 1853 Omnes
963 1810 1234 1853 reverendam
1272 1811 1361 1853 eius
1400 1811 1600 1853 caniciem
1640 1813 1682 1853 et
1720 1810 1948 1865 angelicam

393 1885 543 1927 faciem
565 1885 706 1928 videre
737 1886 990 1940 gestiebant3
1023 1887 1161 1930 cuncti
1193 1887 1319 1943 pedes
1343 1887 1444 1942 eius,
1479 1887 1694 1942 euangelio
1717 1885 1835 1944 pacis
1853 1900 1950 1931 con-

397 1965 599 2016 secratos,
641 1962 874 2005 exosculari
906 1964 1155 2017 gaudebant.
1208 1963 1365 2014 Quibus
1404 1963 1474 2006 ille
1505 1964 1677 2007 verbum
1704 1964 1788 2008 'Dei
1827 1964 1950 2010 solita

396 2041 617 2081 eructuans
650 2038 880 2093 dulcedine,
914 2041 1124 2094 magnalia
1156 2040 1312 2083 Christi
1343 2044 1385 2083 et
1414 2041 1725 2085 conversionem
1752 2040 1948 2085 Pomera-

394 2115 487 2158 nice
526 2116 660 2169 gentis
700 2116 900 2159 narrabat
942 2119 983 2158 et
1023 2120 1263 2159 cunctorum
1304 2117 1474 2160 affectus
1515 2117 1567 2160 ad
1604 2118 1945 2162 considerandam

395 2191 535 2234 divine
565 2192 734 2247 pietatis
765 2192 944 2246 gratiam
983 2192 1055 2234 illo
1089 2206 1168 2247 quo
1208 2194 1298 2250 ipse
1330 2194 1502 2237 ardebat
1533 2195 1718 2238 caritatis
1753 2195 1850 2249 igne
1874 2208 1947 2239 ac-

394 2268 608 2311 cendebat.
1816 2312 1818 2315 ,

513 2344 678 2388 Exinde
715 2346 919 2388 incertam
959 2345 1139 2390 humane
1170 2347 1254 2390 vite
1291 2351 1444 2390 metam
1485 2347 1724 2401 attendens,
1762 2347 1947 2404 illudque

396 2422 447 2464 de
478 2421 583 2464 libro
616 2422 726 2464 beati
748 2421 820 2465 Iob
851 2422 1019 2465 assidua
1040 2423 1309 2466 meditatione
1334 2424 1571 2467 revolvens:
1605 2425 1772 2479 Nescio,
1798 2441 1944 2482 quam-

395 2500 469 2540 diu
499 2500 720 2542 subsistam
759 2508 795 2541 et
824 2502 863 2541 si
896 2508 993 2556 post
1021 2502 1229 2542 modicum
1260 2501 1379 2543 tollat
1407 2516 1471 2543 me
1493 2502 1641 2556 factor
1671 2517 1782 2545 meus
1797 2499 1819 2555 ¹,
1858 2516 1945 2545 om-

394 2574 484 2629 nia,
524 2588 603 2629 que
634 2575 790 2617 dudum
829 2575 1117 2630 inchoaverat,
1157 2576 1422 2620 cenobiorum
1455 2580 1496 2620 et
1526 2577 1794 2621 ecclesiarum
1825 2582 1946 2635 septa

396 2651 640 2705 quantocius
672 2664 961 2694 consummare
991 2652 1260 2696 accelerabat.
1310 2653 1392 2697 Sed
1423 2657 1464 2697 et
1499 2655 1744 2698 necessariis
1776 2655 1944 2710 quibus-

396 2740 474 2781 que
515 2727 726 2769 domicilia
765 2731 806 2770 et
844 2727 1069 2783 hospitalia
1107 2743 1339 2786 pauperum
1377 2730 1532 2773 Christi
1569 2735 1617 2773 ut
1654 2731 1786 2774 bonus
1825 2735 1944 2788 pater

394 2802 575 2845 familias
607 2803 859 2847 sufficienter
890 2805 1152 2849 accumulare
1191 2807 1425 2861 satagebat,
1462 2806 1553 2861 neb,
1592 2808 1628 2849 si
1660 2807 1758 2861 quid
1795 2808 1838 2850 in
1877 2808 1942 2851 his

394 2878 628 2933 neglectum
658 2879 779 2934 foret,
813 2881 863 2922 de
894 2882 1082 2924 mercede
1114 2895 1190 2925 sua
1220 2883 1475 2926 subtractum
1507 2888 1653 2939 postea
1683 2884 1852 2928 doleret.

487 2980 514 3001 a.
546 2971 812 3002 Tewcrstatensem
834 2974 874 3003 B.
998 2974 1027 3004 b.
1059 2976 1092 3004 ut
1118 2974 1148 3005 C'.
1383 2970 1414 3003 1.
1440 2968 1516 3005 Iob.
1534 2969 1591 3015 32,
1617 2970 1674 3006 22.
