2028 3438
358 273 445 317 654
716 285 879 319 Enoms
909 287 1015 317 vrrA
1047 286 1254 318 o‘r‘roms
1302 287 1389 317 Lm.
1413 287 1463 316 m
1493 285 1527 318 2.
1544 285 1565 317 3

134 402 336 437 1125-1126
357 394 492 435 denuo
513 400 703 435 cruentae
726 393 905 435 hostium
934 408 1083 435 manue
1114 394 1311 445 incidere,
1345 394 1430 448 qui,
1463 394 1503 434 ai
1530 407 1607 444 me,
1641 393 1756 448 quod
1784 391 1910 453 ahaitg

242 1550 332 1585 1127

193 2252 280 2282 Mart.
298 2253 332 2282 31

357 470 403 511 in
435 469 511 511 hoc
541 469 661 512 litore
691 469 1085 525 comprehenderint,
1117 471 1236 511 novis
1270 477 1307 511 et
1335 470 1540 512 inauditi-9
1565 469 1833 513 cruciat-ihus*
1847 468 1910 513 la-

356 547 519 589 niatum
550 546 771 588 crudeliter
800 530 1133 602 stranyulabunt.
1191 544 1274 588 Sed
1305 545 1554 589 ascendente
1585 555 1632 588 eo
1664 545 1711 588 in
1741 545 1912 590 navim*

356 621 461 677 lam,
501 622 643 665 statim
676 622 881 665 Dominus
912 625 1082 665 ventum
1114 621 1418 665 validissimum
1449 621 1566 664 misit
1594 621 1638 664 in
1668 634 1805 677 mare,
1842 621 1912 678 qui

358 712 452 741 eum
494 699 583 742 sine
620 712 740 741 mora
778 699 830 741 ad
868 698 967 741 litus
999 697 1247 742 Stetinensis
1280 698 1461 742 civitatis
1500 698 1592 742 sine
1621 699 1780 753 remige
1818 709 1913 759 perf

357 775 490 818 duxit.
545 775 602 818 Et
633 789 823 830 egressus
863 775 915 818 ad
946 778 1126 829 terram,
1166 787 1260 818 cum
1300 775 1484 818 lacrimis
1515 775 1606 818 Deo
1637 775 1913 832 omnipotenti

358 855 400 895 et
429 852 670 896 beatissimo
701 852 814 908 patri
844 865 918 895 suo
941 852 1083 895 Ottoni
1108 852 1268 895 debitas
1300 852 1531 907 gratiarum
1563 852 1747 896 actiones
1777 851 1913 897 exsol-

357 929 430 972 vit.
477 928 744 985 Maximoque
766 929 918 972 civium
953 942 1121 972 suorum
1147 929 1298 984 gaudio
1321 932 1362 972 et
1382 929 1659 973 admiratione
1678 931 1912 986 susceptus,

358 1018 522 1048 omnem
543 1006 702 1049 iacture
724 1010 766 1049 et
787 1007 1013 1063 ereptionis
1035 1020 1107 1049 sue
1129 1006 1317 1049 ordinem
1339 1006 1399 1049 eis
1421 1007 1640 1062 exposuits
1673 1005 1753 1057 Qui
1780 1005 1912 1050 etiam

356 1083 400 1125 in
432 1083 718 1126 testimonium
751 1083 942 1127 miraculi
972 1083 1095 1126 huius
1127 1083 1363 1126 naviculam
1401 1083 1538 1139 ipsam
1573 1083 1769 1140 inportu
1796 1082 1913 1127 urbis

356 1160 531 1203 introitu
562 1160 880 1216 suspenderunt.
1003 1160 1086 1204 Sed
1117 1160 1239 1204 malis
1269 1160 1434 1203 incitati
1465 1159 1775 1215 sacerdotibusf
1798 1159 1913 1214 lega·

356 1237 514 1279 tionem
552 1237 612 1292 pii
644 1237 825 1280 doctoris
865 1238 928 1280 sui
967 1241 1233 1294 spreverunt,
1273 1237 1316 1280 in
1348 1237 1492 1280 eodem
1530 1251 1669 1280 errore
1699 1237 1912 1291 durantes,

358 1313 494 1369 quoad
531 1327 662 1369 usque
701 1314 843 1370 presul
881 1315 972 1371 ipse
1009 1315 1143 1357 denuo
1185 1327 1253 1358 eos
1284 1315 1459 1357 visitans
1497 1314 1550 1357 ad
1581 1314 1694 1357 viam
1724 1313 1913 1358 veritatis

357 1394 583 1434 revocaret.
632 1390 750 1442 Quod
781 1405 862 1447 quo
893 1392 1038 1435 ordine
1061 1392 1217 1436 factum
1239 1392 1307 1447 sit,
1340 1392 1595 1447 subsequens
1626 1390 1811 1434 narratio
1842 1389 1913 1435 de-

359 1467 547 1511 clarabit.
1743 1523 1745 1525 ,
1879 1477 1882 1480 ’

479 1546 518 1587 3.
566 1544 698 1599 Igitur
723 1545 876 1588 electus
898 1545 979 1588 Dei
1010 1546 1211 1602 pontifex,
1245 1546 1432 1600 audiens,
1463 1545 1678 1590 inimicum
1709 1544 1817 1588 bono
1837 1557 1913 1589 ,sev

358 1622 462 1664 mini
493 1621 658 1664 zizania
689 1623 1045 1678 superseminasse
1058 1621 1081 1678 ¹,
1112 1637 1197 1666 non
1222 1626 1285 1666 est
1315 1637 1478 1679 passus,
1510 1622 1770 1665 Stetinenses‘
1799 1621 1913 1665 clau-

358 1699 498 1741 dicare
528 1699 572 1741 in
603 1698 706 1741 duas
737 1697 922 1755 partes²t
955 1699 1135 1742 Domino
1168 1703 1210 1743 et
1229 1700 1364 1756 ydolis
1389 1699 1619 1743 serviendo.
1668 1698 1750 1742 Sed
1779 1698 1913 1755 petita

358 1776 645 1819 benedictione
686 1789 710 1818 a
748 1776 899 1819 domno
942 1777 1168 1833 apostolico
1207 1776 1392 1819 Honorio
1432 1780 1474 1820 et
1512 1776 1777 1820 serenissimo
1814 1782 1912 1830 rege

357 1852 570 1906 Lothario‚
603 1851 876 1895 barbarorum
898 1852 1001 1896 fines
1022 1868 1189 1898 rursum
1210 1854 1326 1897 adire
1348 1854 1566 1910 disposuit,
1598 1857 1686 1896 tam
1713 1860 1912 1909 pro'apo-

358 1930 479 1972 statis
512 1929 564 1971 ad
595 1929 732 1971 sinum
766 1930 938 1973 ecclesie
967 1931 1212 1974 revocandis
1245 1945 1367 1987 quam
1399 1931 1526 1974 etiam
1565 1943 1641 1987 pro
1674 1929 1755 1972 alia
1790 1932 1912 1984 gente

357 2002 558 2048 Uznoim³
590 2006 723 2060 dicta,
757 2020 837 2062 que
867 2007 1044 2050 necdum
1076 2021 1227 2051 nomen
1258 2008 1413 2051 Christi
1447 2008 1656 2062 audierat,
1687 2007 1784 2061 iugo
1815 2006 1912 2050 fidei

359 2083 600 2137 subigenda.
722 2081 963 2139 Preparatis
984 2084 1126 2140 itaque
1156 2088 1333 2140 paterna
1363 2085 1600 2140 provisione
1623 2083 1913 2127 habundanter

359 2160 425 2203 vie
456 2159 714 2214 necessariis,
747 2159 936 2215 pluribus
969 2161 1093 2204 etiam
1119 2162 1234 2205 verbi
1265 2161 1470 2204 ministris
1502 2164 1544 2204 et
1573 2160 1911 2217 cooperatoribus

358 2236 559 2291 religione
590 2249 639 2279 ac
669 2236 876 2279 industria
913 2238 1166 2293 pollentibus
1199 2238 1392 2293 adscitis,
1431 2238 1476 2280 in
1506 2251 1609 2281 cena
1639 2237 1810 2280 Domini
1845 2250 1911 2280 sa-

361 2313 619 2367 cratissima,
657 2327 756 2356 mox
794 2317 890 2369 post
928 2315 1227 2358 confectionem
1266 2314 1474 2358 crismatis
1512 2317 1554 2358 et
1589 2315 1814 2357 missarum
1845 2325 1911 2356 so-

359 2391 543 2447 lempnia
574 2390 721 2433 devote
758 2394 948 2446 peracta,
987 2392 1150 2434 ieiunus
1189 2405 1238 2435 ac
1276 2391 1476 2434 sandaliis
1513 2392 1622 2434 sicut
1658 2391 1780 2434 altari
1810 2391 1911 2433 asti-

359 2470 469 2510 terat
506 2470 698 2521 ornatus,
740 2467 848 2510 elato
887 2468 1020 2511 crucis
1053 2468 1227 2523 vexillo,
1267 2469 1347 2511 iter
1384 2468 1680 2529 predicationis
1721 2467 1909 2523 arripuit,

359 2544 477 2586 iuxta
508 2544 618 2599 quod
648 2544 849 2600 seriptum
882 2547 966 2587 est:
1002 2545 1139 2598 Quam
1169 2547 1348 2602 speciosi
1380 2547 1505 2602 pedes
1537 2546 1910 2602 euanyelizantium

358 2636 523 2677 pacem,
558 2622 931 2677 euanqelizantium
964 2618 1104 2664 bona‘fl
1160 2621 1361 2665 Omnibus
1394 2634 1489 2675 ergo
1521 2620 1618 2663 filiis
1650 2622 1736 2664 suis
1767 2634 1910 2664 aman·-

358 2697 565 2740 tissimum
600 2700 767 2753 patrem
800 2711 893 2741 cum
929 2697 1113 2740 lacrimis
1152 2697 1519 2754 prosequentibus,
1559 2700 1600 2740 et
1638 2710 1840 2754 prospera
1871 2697 1910 2740 ei

360 2773 537 2829 supplici
559 2773 708 2817 affectu
729 2774 1055 2830 inprecantibus‚
1086 2774 1191 2830 ipse,
1221 2773 1303 2817 fide
1325 2778 1510 2817 armatus
1542 2777 1584 2816 et
1614 2773 1733 2827 galea
1763 2773 1907 2816 salutis

358 2850 558 2905 munitus,
591 2850 802 2894 civitatem
822 2851 982 2893 inimici
1002 2864 1242 2906 expugnare
1269 2863 1316 2894 ac
1337 2851 1549 2894 destruere
1579 2863 1800 2904 aggressus
1832 2852 1906 2893 est.

456 2954 487 2988 1.
514 2952 567 2989 Of.
586 2953 710 2989 Matth.
732 2956 785 3000 13,
812 2955 868 2989 25.
981 2956 1013 2989 2.
1041 2953 1093 2990 Cf.
1112 2955 1134 2989 3
1154 2955 1240 2999 Reg.
1262 2955 1315 3000 18,
1342 2955 1398 2990 21.
1510 2955 1544 2989 3.
1570 2952 1831 2989 habitatoribus
1855 2953 1907 2988 in-

359 3012 460 3047 sulae
486 3011 655 3047 Usedom.
796 3014 830 3048 4.
857 3013 960 3048 Rom.
980 3013 1034 3059 10,
1055 3013 1109 3048 15.
