2028 3438
396 284 636 316 nunnonm
667 283 908 315 nmmo-us.
958 284 1044 314 nm.
1068 284 1102 314 11
1138 281 1274 314 14-16
1537 273 1620 315 757

51 393 168 437 recte
192 391 354 448 agnita,
387 405 544 450 pavore
577 391 753 447 abiect0‚
785 391 827 434 in
852 390 1024 434 modum
1053 390 1252 434 torrentis
1274 391 1410 434 omnis
1442 391 1623 448 populus
1650 402 1743 436 1124

51 470 96 514 in
128 468 345 514 occursum
378 473 570 514 nostrum
603 468 844 525 effunditur,
877 468 1067 512 ambiens
1099 471 1141 512 et
1161 468 1441 523 circumdans,
1475 470 1623 512 ammi·
1661 450 1725 480 ¹⁰¹¹·

52 548 152 592 r'a'ns
183 551 226 592 et
255 546 546 604 contemplans
580 550 622 591 et
653 561 728 590 nos
761 550 803 591 et
834 546 976 590 omnia
1005 549 1164 602 nostra,
1198 559 1329 602 usque
1361 545 1414 588 ad
1445 545 1624 602 hospicii

51 625 191 670 locum
228 638 306 669 nos
344 623 626 669 conducendo.
678 623 777 667 Fuit
813 627 952 668 autem
984 627 1083 668 ante
1113 624 1333 667 introitum
1366 623 1493 667 castri
1526 637 1624 666 area

53 701 266 762 spaciosa‚‘
292 714 416 760 quam
450 705 718 760 occupantes,
751 701 919 745 fiximus
942 701 1125 746 tentoria
1145 701 1189 744 in
1211 701 1357 745 eodem
1378 700 1484 756 loco,
1517 700 1622 757 ipsis

46 778 244 825 barbaris
274 783 493 825 mansuete
525 794 574 825 ac
602 780 871 823 familiariter
901 793 978 823 nos
1011 779 1308 823 adiuvantibus
1341 782 1382 822 et
1412 778 1454 821 in
1488 778 1623 821 omni-

52 858 131 903 bus
161 871 207 904 se
235 857 358 903 nobis
389 861 620 916 oportunos
652 857 959 902 exhibentibus.

175 936 242 980 15.
289 935 455 981 Interea
478 950 577 980 vero
610 936 832 993 episcopus
865 933 1175 992 pontificalibus
1206 934 1392 990 indutus,
1426 937 1623 978 monente

51 1013 239 1059 Paulicio
270 1017 313 1059 et
343 1013 610 1072 primatibuS,
642 1013 693 1057 de
723 1013 815 1056 loco
848 1012 1014 1056 editiori
1047 1012 1251 1070 populum
1283 1012 1521 1069 cupientem
1552 1025 1624 1055 ore

53 1091 281 1150 alloquitur
310 1091 568 1150 interpretis,
601 1092 661 1135 ita
692 1091 857 1135 dicens:
891 1091 1135 1134 Benedictio
1167 1091 1350 1134 Domini
1378 1105 1505 1147 super
1533 1105 1620 1144 vos,

53 1168 259 1215 benedicti
286 1186 358 1215 vos
390 1187 416 1214 a
437 1170 638 1214 Domino.
686 1170 982 1212 Benedicimus
1014 1177 1051 1211 et
1077 1171 1243 1226 qratiae
1264 1169 1380 1212 vobis
1402 1169 1623 1225 referimus

52 1251 99 1292 in
129 1251 297 1293 nomine
315 1249 510 1302 Domini,
544 1250 646 1305 quia
675 1256 801 1304 qrata
834 1255 870 1289 et
900 1247 1083 1289 iocunda
1106 1255 1143 1290 et
1164 1247 1344 1303 beni-qna
1366 1248 1625 1304 susceptione

53 1342 128 1371 noe
158 1327 382 1384 rffovistie.
432 1326 490 1369 Et
520 1341 648 1368 eausa
681 1326 850 1382 quidem
882 1326 1082 1367 adventus
1113 1326 1250 1367 nostri
1279 1325 1337 1366 ad
1357 1339 1429 1367 voe
1452 1339 1532 1381 que
1553 1326 1621 1377 eit,

40 1404 163 1462 forte
198 1407 286 1448 iam
323 1405 526 1457 audistis,
569 1412 606 1446 et
635 1406 805 1455 iterum,
847 1404 887 1444 si
922 1403 1180 1458 diqnamini,
1222 1403 1373 1444 audire
1404 1402 1556 1445 debetis
1589 1411 1626 1445 et

53 1482 296 1543 diligentius
329 1482 549 1526 attendere.
598 1481 667 1523 De
697 1482 767 1523 via
790 1481 916 1537 lonqa
937 1482 1138 1522 venimus.
1189 1479 1318 1523 Salus
1341 1488 1492 1533 vestra,
1526 1480 1623 1522 bea-

54 1561 187 1606 titudo
218 1563 370 1613 vestra,
400 1560 607 1617 qaudium
628 1567 810 1602 veetrum
841 1567 954 1602 tante
973 1558 1094 1601 nobis
1115 1560 1180 1600 vie
1202 1572 1330 1600 cauea
1350 1557 1458 1613 fuit.
1508 1557 1624 1600 Nam

52 1639 164 1682 salvi
175 1640 178 1646 ’
207 1638 283 1682 leti
323 1646 447 1695 atque
485 1638 596 1681 beati
631 1638 746 1679 eritie
786 1636 1042 1689 eternaliter,
1088 1638 1128 1678 ei
1172 1644 1398 1678 creatorem
1443 1643 1624 1678 vestrum

52 1731 277 1774 aynoacere
307 1724 346 1760 et
373 1715 444 1759 illi
468 1715 554 1758 >soli
578 1716 733 1757 servire
753 1714 890 1757 vultis.
938 1713 1026 1757 Hec
1048 1712 1175 1756 ethis
1198 1712 1367 1767 similia,
1401 1726 1481 1768 que
1510 1712 1623 1756 inse-

52 1807 147 1839 rere
182 1793 321 1838 studio
352 1792 572 1837 brevitatis
604 1792 775 1846 omitto,
814 1791 970 1848 populo
1002 1790 1097 1834 rudi
1129 1790 1380 1847 simpliciter
1410 1790 1623 1845 euangeli-

53 1875 176 1916 zante
215 1869 434 1929 pontifice,
477 1869 613 1914 omnis
653 1869 727 1912 illa
765 1868 991 1912 multitudo
1034 1868 1153 1924 quasi
1195 1881 1301 1910 unus
1341 1867 1486 1923 homo,
1525 1867 1624 1911 fidei

54 1953 198 1994 sancte
218 1947 534 2003 concordantes,
566 1947 680 1990 illius
701 1947 890 1990 doctrine
912 1960 956 1990 se
979 1946 1292 1990 commiserunt.
1333 1945 1392 1988 At
1412 1945 1497 2001 ille,
1529 1958 1623 1989 cum

54 2027 218 2072 clericis
249 2030 292 2071 et
321 2025 608 2070 sacerdotibus
641 2028 802 2081 septem
835 2024 982 2068 diebus
1014 2037 1084 2067 eos
1106 2023 1374 2066 cathezizans
1397 2025 1439 2066 et
1461 2022 1512 2066 de
1534 2036 1623 2066 om-

53 2104 199 2161 nibus,
239 2117 319 2161 que
357 2103 583 2148 christiane
616 2102 808 2158 religioni
841 2101 1165 2156 conveniebant,
1208 2100 1528 2155 diligentissime
1559 2100 1623 2143 in-

55 2187 241 2238 struenS,
281 2181 438 2226 indicto
476 2181 604 2225 trium
645 2180 808 2224 dierum
848 2180 1025 2235 ieiunio,
1064 2178 1206 2222 iussit:
1247 2181 1293 2221 ut
1331 2191 1510 2234 corpora
1548 2192 1624 2222 sua

55 2260 215 2306 balneis
235 2259 488 2304 mundarent
509 2262 564 2314 et,
595 2258 693 2302 lotis
717 2258 905 2313 albisque
926 2256 1063 2300 induti
1086 2255 1286 2311 vestibus,
1320 2255 1477 2298 mundo
1499 2255 1624 2299 corde

55 2343 98 2383 et
127 2351 302 2396 corpore
333 2337 571 2393 mundoque
602 2336 749 2380 habitu
776 2335 833 2397 ad
866 2338 1057 2378 sanctum
1081 2333 1293 2390 baptisma
1313 2338 1621 2377 concurrerent.

177 2417 246 2459 16.
292 2415 466 2459 Interim
487 2428 586 2458 vero
607 2414 743 2457 tribus
768 2413 970 2456 extructis
1002 2411 1277 2469 baptisteriis,
1308 2412 1369 2454 ita
1390 2411 1621 2454 ordinavit:

55 2497 103 2539 ut
131 2494 223 2551 ipse
255 2493 366 2537 solos
397 2506 535 2536 mares
567 2505 719 2549 pueros
751 2491 795 2533 in
818 2503 899 2533 uno
927 2490 1177 2546 baptizaret,
1210 2489 1282 2532 alii
1314 2492 1454 2532 autem
1486 2501 1623 2532 sacer-

56 2572 175 2616 dotes
205 2571 250 2615 in
282 2570 376 2614 aliis
407 2570 585 2614 feminas
618 2581 807 2612 seorsum
840 2570 881 2611 et
903 2567 1015 2610 viros
1047 2579 1250 2610 seorsum.
1291 2565 1427 2609 Tanta
1459 2559 1624 2622 quoque

56 2648 287 2704 diligentia,
319 2650 439 2691 tanta
461 2646 670 2690 munditia
701 2649 742 2689 et
772 2645 989 2688 honestate
1021 2647 1142 2701 pater
1164 2643 1347 2700 optimus
1372 2643 1623 2687 sacramenti

57 2726 343 2784 operationem
366 2724 457 2769 fieri
479 2724 658 2778 edocuit,
690 2726 736 2766 ut
766 2722 894 2765 nichil
916 2721 1175 2776 indecorum,
1207 2720 1335 2764 nichil
1366 2720 1622 2777 pudendum,

56 2803 185 2847 nichil
216 2816 415 2859 unquam,
449 2801 560 2858 quod
593 2800 716 2844 alicui
748 2799 967 2854 gentilium
999 2798 1138 2841 minus
1170 2798 1336 2855 placere
1368 2801 1525 2854 posset,
1564 2797 1624 2841 ibi

58 2884 263 2936 ageretur.
386 2879 578 2935 Namque
614 2878 726 2921 dolia
763 2877 941 2932 grandia
971 2876 1092 2920 valde
1128 2880 1240 2920 terre
1279 2875 1405 2918 altius
1443 2875 1623 2930 inmergi

58 2957 260 3015 precepit,
292 2957 353 3001 ita
383 2960 431 3000 ut
461 2969 536 2999 ora
557 2955 764 2999 doliorum
795 2968 927 3010 usque
959 2954 1012 2997 ad
1043 2967 1153 3009 genu
1183 2953 1365 2997 hominis
1386 2952 1453 2996 vel
1483 2952 1623 2996 minus

60 3035 112 3079 de
142 3038 256 3079 terra
286 3034 588 3091 prominerent,
621 3032 771 3088 quibus
803 3045 912 3088 aqua
942 3030 1142 3088 impletis,
1173 3030 1309 3074 facilis
1341 3032 1432 3074 erat
1462 3029 1507 3073 in
1530 3042 1624 3073 eam
