2028 3438
424 269 509 312 828
772 281 1011 313 nnnnonm
1041 281 1281 313 DIALOGUs.
1327 281 1414 312 mn.
1437 281 1488 311 111
1518 278 1574 312 34.
1591 279 1637 313 35

421 387 590 431 faceret.
630 387 786 431 Videns
817 387 946 442 igitur
972 387 1050 431 hoc
1070 387 1235 444 placere
1255 386 1515 443 imperatori,
1545 385 1736 443 psalmos
1751 389 1794 430 et
1811 384 1974 444 ymnos,

422 464 606 521 capitula
647 467 688 508 et
727 464 935 508 orationes
972 477 1050 520 per
1080 466 1215 507 totum
1246 477 1421 519 annum,
1459 466 1507 506 ut
1536 462 1779 507 memoriter
1807 475 1974 507 cursum

423 541 560 584 dicere
591 545 768 598 posset⁰,
802 540 1010 584 affirmare
1042 541 1216 584 clericus
1238 539 1490 583 elaborabat.
1536 539 1727 596 Aliisque
1747 536 1975 597 capellanis

422 617 526 661 alias
563 618 757 672 intentis,
798 618 866 661 hic
904 631 1070 674 semper
1101 620 1240 673 presto
1273 620 1382 671 erat3
1424 620 1465 660 et
1494 616 1762 673 psalterium,
1801 613 1890 672 quo
1913 617 1975 661 uti

421 694 582 738 solebat
610 683 853 751 imperator,
886 708 911 737 a
941 694 1044 738 sella
1074 707 1150 736 sua
1169 693 1322 746 iugiter
1343 693 1579 750 dependens
1590 693 1620 748 ὓ,
1653 689 1848 749 quociens
1869 703 1974 750 opus

421 774 523 826 erat,
555 771 783 827 requirenti
816 771 967 814 obtulit
996 770 1255 827 imperatori.
1303 769 1442 813 Nichil
1469 770 1578 813 enim
1602 767 1769 814 Ottonis
1789 769 1975 814 sollertia

419 848 715 903 negligendum
746 848 934 904 putabat,
968 861 1048 903 quo
1071 847 1150 890 sibi
1171 847 1348 901 gratiam
1374 847 1532 890 domini
1553 847 1774 891 conciliare
1793 847 1972 902 valeret3

420 925 529 967 unde
558 938 682 967 mane
703 938 876 980 vespere
909 927 950 967 et
981 925 1094 967 omni
1124 928 1314 980 tempore
1345 937 1438 966 cum
1469 923 1668 980 psalterio
1698 938 1774 968 suo
1800 921 1972 968 adma-

419 1015 518 1044 num
550 1002 816 1057 imperatoris
854 1004 994 1057 presto
1034 1015 1078 1044 se
1117 1000 1317 1044 exhibuit.
1372 1001 1514 1057 Ipsum
1547 1001 1675 1044 etiam
1712 996 1972 1058 psalterium,

419 1092 498 1122 usu
530 1082 571 1122 et
592 1081 798 1122 vetustate
828 1078 873 1121 in
905 1078 1149 1121 extrinsecis
1177 1077 1376 1133 lacerum,
1408 1077 1628 1133 diligenter
1647 1078 1823 1133 ligatum
1852 1079 1991 1136 novis,

419 1155 543 1199 rebus
575 1156 722 1198 induit.
770 1155 829 1198 At
859 1156 1053 1211 princeps
1085 1168 1179 1197 cum
1212 1169 1263 1198 ex
1294 1168 1410 1198 more
1439 1155 1593 1198 librum
1623 1158 1834 1211 posceret,
1874 1155 1972 1199 Otto

418 1236 559 1289 presto
592 1236 701 1288 erat,
740 1231 916 1275 offerens
948 1233 985 1275 ei
1016 1235 1276 1276 renovatum.
1324 1232 1383 1275 At
1412 1231 1502 1275 ille:
1544 1232 1644 1275 Non
1675 1233 1783 1276 huno
1813 1232 1873 1276 ait
1896 1235 1974 1277 aed

416 1311 662 1367 psalterium
701 1325 835 1353 meum
871 1312 1053 1366 requiro.
1113 1309 1148 1352 E
1189 1312 1334 1352 contra
1369 1308 1565 1352 clericus:
1612 1307 1707 1353 H'oc¹
1743 1318 1802 1354 est
1836 1309 1974 1365 inquit

419 1389 585 1430 domine
609 1388 859 1445 psalterium
887 1396 1078 1430 vestrum.
1124 1385 1241 1438 Quod
1272 1385 1422 1429 tollens
1452 1385 1523 1429 ille
1545 1386 1669 1429 vertit
1700 1397 1748 1430 ac
1775 1387 1970 1442 revertit3

419 1465 604 1519 visoque,
636 1464 741 1508 bene
771 1464 926 1507 factum
959 1477 1049 1507 esse
1081 1463 1239 1517 aiebat3
1272 1463 1395 1506 corde
1426 1463 1559 1517 magis
1585 1476 1710 1518 quam
1731 1464 1856 1508 verbo
1878 1463 1972 1508 dili-

419 1542 602 1596 gentiam
634 1541 828 1597 probans.
951 1541 1027 1583 His
1060 1554 1156 1594 ergo
1190 1544 1313 1595 atque
1344 1540 1498 1583 talibus
1519 1540 1667 1596 modis,
1700 1554 1802 1596 quos
1827 1541 1971 1596 singil-

417 1618 538 1661 latim
569 1618 851 1675 perstringere
881 1617 1052 1672 longum
1085 1621 1161 1672 est,
1194 1631 1289 1660 suos
1321 1617 1658 1674 concapellanos⁶
1680 1618 1815 1672 gratia
1843 1621 1885 1662 et
1904 1631 1972 1662 ca·-

418 1695 544 1738 ritate
583 1695 706 1749 longe
747 1695 999 1738 antevadens
1018 1728 1030 1750 ,
1062 1695 1254 1737 omnibus
1292 1694 1490 1736 humilior
1528 1694 1628 1748 fuit3
1673 1694 1801 1738 nichil
1839 1695 1890 1738 de
1927 1709 1971 1738 se

419 1786 631 1827 magnum,
661 1771 789 1814 nichil
820 1772 1140 1814 immoderatum
1174 1771 1369 1814 sentiens.

539 1849 608 1891 35.
656 1848 785 1891 Porro
816 1848 901 1891 illis
933 1849 1076 1892 diebus
1107 1848 1377 1892 investituras
1408 1847 1673 1891 ecclesiarum
1697 1847 1970 1904 imperatores

419 1926 519 1969 dare
550 1924 782 1978 solebant¹3
821 1929 862 1968 et
894 1926 1083 1981 quotiens
1115 1926 1333 1982 episcopus
1365 1924 1603 1980 decedebat,
1633 1924 1678 1967 id
1705 1925 1835 1968 moris
1866 1929 1969 1981 erat,

418 2006 465 2045 ut
497 2003 671 2046 ecclesia
700 2002 786 2058 illa,
817 2002 1008 2045 baculum
1043 2006 1083 2045 et
1111 2003 1280 2045 anulum
1312 2002 1556 2058 imperatori
1585 1997 1887 2057 transmittens,
1919 2002 1969 2046 de

418 2080 534 2123 curia
572 2080 652 2122 sibi
688 2080 920 2136 postularet
958 2080 1210 2137 episcopum.
1265 2079 1387 2123 Multi
1426 2092 1524 2133 ergo
1563 2078 1724 2122 nobiles
1756 2082 1798 2122 et
1827 2079 1969 2134 magni

418 2157 520 2211 viri,
561 2157 726 2211 cognati
762 2170 810 2200 ac
840 2156 915 2199 filii
946 2158 1204 2214 principum,
1243 2157 1287 2199 in
1318 2156 1434 2199 curia
1464 2155 1669 2210 degebant
1698 2169 1772 2211 spe
1803 2169 1968 2212 promo-

417 2234 556 2288 tionis,
588 2234 678 2277 vice
709 2234 1017 2290 capellanorum
1050 2234 1293 2290 imperatori
1323 2232 1609 2288 obsequentes.
1731 2232 1844 2275 Inter
1865 2245 1967 2288 quos

418 2324 561 2354 omnes
593 2314 679 2353 tam
711 2310 913 2366 equaliter
945 2314 986 2354 et
1016 2311 1244 2367 composite
1268 2310 1365 2353 Otto
1397 2323 1440 2352 se
1471 2309 1652 2364 gerebat,
1683 2312 1731 2352 ut
1758 2322 1892 2364 neque
1915 2322 1967 2353 ex

418 2387 595 2431 elatione
626 2387 826 2430 invidiam
858 2401 992 2442 neque
1022 2401 1074 2430 ex
1096 2387 1256 2430 vilitate
1281 2387 1521 2443 despectum
1551 2386 1792 2429 incurreret.
1839 2385 1967 2429 Deni-

418 2478 497 2519 que
528 2464 707 2519 quodam
740 2478 903 2519 eorum,
943 2464 1015 2520 qui
1045 2463 1316 2507 cancellarius
1347 2463 1446 2518 fuit,
1483 2463 1536 2506 ad
1567 2463 1808 2519 episcopum
1839 2462 1966 2506 subli-

417 2547 544 2595 mato,
577 2541 674 2583 Otto
706 2541 889 2595 sigillum
919 2541 1185 2597 imperatoris
1217 2543 1258 2583 et
1278 2539 1459 2583 officium
1480 2539 1725 2583 cancellarie
1746 2536 1963 2596 suscepit?

419 2618 634 2672 Tantaque
664 2618 872 2660 industria
903 2621 944 2660 et
973 2617 1159 2660 bonitate
1191 2631 1234 2660 se
1265 2617 1309 2659 in
1339 2616 1413 2659 illa
1442 2617 1583 2670 gessit,
1615 2619 1662 2659 ut
1692 2616 1743 2659 ab
1773 2616 1965 2659 omnibus

419 2694 643 2737 curialibus
675 2697 886 2736 amaretur
917 2696 959 2736 et
990 2707 1014 2736 a
1045 2694 1203 2736 cunctis
1236 2694 1271 2736 ei
1304 2693 1435 2736 honor
1465 2693 1707 2736 deferretur.

511 2796 537 2816 a.
570 2787 676 2825 possEt
698 2788 738 2817 N.
861 2787 890 2816 b.
923 2787 959 2817 In
982 2788 1018 2817 Ν
1034 2787 1109 2817 haec
1131 2787 1290 2827 leyzmtur:
1319 2787 1373 2816 sub
1395 2787 1505 2816 ascella
1526 2795 1580 2816 sua
1600 2787 1709 2824 iugiter
1730 2786 1777 2816 vel
1800 2786 1838 2816 ad
1859 2786 1963 2816 sellam

419 2848 501 2869 suam
525 2839 709 2877 dependens.
748 2840 813 2870 Nec
835 2839 959 2870 dubium
980 2845 1040 2876 est,
1070 2840 1144 2879 quin
1170 2840 1204 2870 in
1225 2839 1381 2879 deperdito
1402 2838 1503 2869 codice
1524 2839 1699 2878 antiquiore
1722 2838 1842 2869 vitiosis
1862 2838 1964 2869 verbis

418 2891 482 2921 his.-
505 2892 559 2921 sub
584 2892 693 2921 ascella
715 2902 768 2922 sua
789 2902 809 2922 a
824 2898 998 2923 correctore
1018 2892 1231 2932 superscripta
1252 2892 1326 2922 haec
1348 2892 1410 2922 sint
1429 2885 1444 2919 l
1467 2891 1498 2929 (i.
1513 2902 1536 2922 e.
1554 2892 1618 2930 lege
1641 2892 1702 2922 sive
1717 2891 1776 2929 vel)
1800 2891 1838 2922 ad
1859 2891 1962 2922 sellam

420 2953 515 2980 suam,
538 2948 593 2974 aut
615 2943 690 2973 adeo
713 2954 730 2973 a
750 2945 824 2974 sella
846 2954 909 2975 sua.
1034 2954 1059 2975 c.
1093 2945 1321 2983 concapellanos
1342 2944 1457 2984 scripsi
1479 2954 1541 2984 pro
1562 2945 1732 2984 capellanos
1755 2944 1794 2974 N.

514 3008 544 3042 1.
571 3005 625 3042 Of.
646 3006 723 3042 Ebo
741 3007 757 3042 I
775 3008 807 3043 7.
1091 3009 1123 3043 2.
1151 3006 1204 3044 Cf.
1222 3006 1301 3043 Ebo
1317 3007 1334 3041 I
1353 3008 1387 3043 3.
