2028 3438
662 233 884 266 nnsnnior
913 233 1084 265 connx.
1131 230 1177 265 37
1649 218 1707 262 75

135 343 260 388 iusti
268 342 488 398 fulgebant
516 342 627 386 sicut
644 341 845 399 splendor
864 340 1135 396 firmamenti,
1168 339 1335 396 quando
1363 339 1601 383 sacerdotes
1621 338 1844 384 Do-1071

135 417 259 465 mini·
265 420 403 465 vm‘oa
422 420 666 478 sapientiae
696 419 812 464 velut
831 419 970 463 nubes
994 418 1198 476 pluebant
1228 420 1272 461 et
1291 417 1418 461 corda
1449 417 1708 461 audientium
1731 398 1777 430 ‘⁵⁸¹¹
1758 399 1835 436 ΜΕ
1819 398 1858 428 ¹⁷

132 498 253 596 velut
278 495 445 542 terram
465 498 732 542 fructiferam
765 497 818 541 ad
848 496 1171 553 germinandum
1201 494 1491 539 infundebant.

218 575 333 620 His
373 574 473 631 'crgo
510 576 574 619 ita
612 575 829 633 dispositis
868 577 911 618 et
947 574 1079 630 digito
1110 573 1192 617 Dei
1230 573 1452 616 ordinante
1483 572 1707 627 distinctis,

135 597 304 710 utrique
335 653 616 697 admittuntur
648 653 702 696 ad
733 652 1016 696 audientiam.
1049 651 1291 708 praedictus
1313 651 1473 695 scilicet
1492 650 1708 704 K(arolus)

128 734 192 776 ct:
202 731 266 787 ahi,
278 734 286 762 '1
297 730 370 788 qui
401 731 738 775 accusationibus
769 730 997 787 pulsabant
1012 748 1013 779 ς
1026 742 1264 787 personam.

222 822 226 826 ·
253 807 400 853 Prima
434 812 599 853 autem·
638 808 802 852 actione
847 807 1054 863 regularis
1093 805 1332 864 praelatus*
1373 805 1708 849 Constantiensis

135 885 339 931 ecclesiae
362 886 545 944 protulit
563 885 753 930 libellum
774 886 1067 941 accusationis,
1099 885 1144 928 in
1166 897 1248 940 qno
1269 883 1591 928 continebantur
1611 897 1709 928 cau-

132 977 228 1021 sae,
269 963 421 1021 quibus
456 964 657 1020 indignus
689 963 915 1011 haberetur
946 966 988 1007 et
1017 962 1276 1007 iudicaretur
1307 966 1570 1005 sacramento
1608 975 1709 1019 apo·-

132 1041 309 1087 stolicae
333 1042 663 1086 benedictionis.
721 1041 909 1093 Quarum
954 1041 1094 1099 prima
1131 1043 1174 1084 et
1212 1040 1402 1084 maxima
1438 1043 1550 1095 erat,
1597 1039 1709 1096 qnod

136 1119 334 1178 exemplo
361 1120 556 1176 magistri
586 1118 871 1177 suiSymonis
901 1119 1093 1176 pestiferi
1124 1132 1200 1175 per
1230 1118 1453 1175 pecuniam
1483 1118 1711 1162 invasisset

135 1198 304 1253 sedem,
336 1198 656 1254 ceteraomnia,
689 1211 797 1254 quae
826 1197 887 1241 ibi
915 1197 1177 1252 legebantur,
1209 1195 1530 1253 proclamabant
1550 1195 1709 1239 violen-

135 1274 199 1320 tia
217 1275 629 1320 eiusdem'ecclesiae
651 1275 996 1319 devastationem.
1043 1274 1118 1318 Ille
1148 1274 1262 1318 idem
1293 1274 1532 1332 praelatus⁰
1555 1277 1598 1318 et
1622 1274 1709 1318 fra-

135 1353 230 1398 tres*
253 1353 358 1410 eius,
391 1354 464 1411 qui
496 1353 684 1409 aderant,
715 1354 818 1398 item
849 1352 1031 1397 offerunt
1061 1366 1162 1396 suae
1192 1351 1499 1396 testificationis
1529 1351 1708 1408 libellos,

136 1432 182 1476 in
203 1431 369 1488 quibus,
401 1431 558 1488 singuli
586 1445 741 1475 nomen
773 1436 815 1475 et
845 1430 1029 1475 officium
1051 1444 1174 1474 suum
1197 1430 1479 1485 designantes,
1512 1429 1711 1486 quicquid

136 1509 372 1554 accusando
410 1509 478 1554 vel
515 1508 779 1554 testificando
820 1512 1151 1567 proposuerant,
1199 1513 1392 1552 asserunt
1428 1521 1473 1551 se
1512 1508 1710 1551 canonice

135 1587 401 1645 probaturos.

217 1689 222 1692 ·
254 1665 436 1710 Kar-olus
468 1679 491 1709 e
512 1668 660 1710 contra
690 1665 840 1709 nititur
870 1665 1112 1723 improbare
1143 1677 1368 1722 personas3
1401 1665 1565 1709 dicens:
1597 1663 1710 1720 quod

136 1744 228 1788 cius
256 1743 458 1793 infamiae
477 1747 591 1787 nota
621 1746 761 1788 essent
789 1743 988 1800 respersi,
1022 1743 1134 1799 quod
1163 1755 1241 1787 nec
1273 1756 1318 1787 se
1347 1756 1425 1787 nec
1455 1756 1709 1800 quemquam

139 1821 269 1866 alium
309 1825 482 1880 possent
519 1822 718 1866 canonice
756 1835 967 1866 accusare.
1022 1821 1230 1877 Adiungit
1261 1834 1444 1877 quoque,
1484 1834 1529 1865 se
1567 1821 1710 1864 omnia

138 1899 303 1944 obiecta
322 1900 516 1957 synodali
534 1900 690 1944 iudicio
722 1903 1021 1957 purgaturum3
1054 1903 1097 1943 et
1126 1900 1170 1943 in
1196 1899 1404 1955 omnibus,
1437 1899 1588 1956 quibus
1613 1912 1708 1943 eum

135 1977 397 2035 inpetebant,
428 1992 475 2022 se
505 1991 597 2022 esse
625 1978 860 2022 innoxium.

237 2055 404 2112 ‘Longa
441 2056 571 2112 igitur
610 2055 883 2100 altercatione
919 2054 1017 2099 hinc
1055 2055 1153 2100 inde
1192 2055 1471 2113 disceptatum
1514 2058 1590 2099 est.
1652 2055 1710 2099 Et

137 2134 284 2180 multis
320 2136 411 2179 tota
450 2133 519 2178 dic
555 2134 601 2178 in
639 2134 861 2178 adversum
900 2133 1152 2189 nitentibus,
1198 2147 1331 2190 usque
1370 2134 1414 2176 in
1454 2133 1710 2190 profundam

136 2215 305 2257 noctem
336 2212 557 2256 concilium
597 2216 860 2270 protractum
892 2215 975 2265 cst3
1013 2211 1113 2255 dum
1151 2212 1263 2255 inter
1293 2211 1448 2255 multos
1482 2211 1709 2267 ambigitur

139 2291 190 2335 de
228 2304 404 2334 numero
444 2294 734 2335 accusatorum
774 2294 816 2334 et
854 2290 1047 2343 testium3
1096 2289 1194 2333 dum
1242 2289 1369 2345 longa
1407 2289 1709 2333 deliberatione

135 2369 358 2425 quaeritur
385 2368 610 2412 iudicium:
642 2374 785 2412 utrum
814 2368 886 2411 isti
906 2367 1032 2411 liccat
1053 2381 1098 2411 se
1119 2380 1321 2411 excusare
1354 2367 1555 2411 adversus
1587 2380 1708 2411 accu-

139 2446 345 2491 sationem
374 2447 566 2491 istorum.
615 2447 728 2490 Dum
759 2460 826 2490 res
856 2447 969 2491 inter
997 2446 1150 2489 fratres
1181 2445 1418 2489 diutissime
1449 2445 1707 2501 disseriturd,

81 2544 95 2557 ·
139 2524 362 2569 concilium
393 2527 567 2582 propter
595 2524 895 2582 intempestam
927 2529 1093 2569 noctem
1125 2523 1260 2567 adhuc
1291 2523 1382 2567 sine
1408 2537 1534 2581 opere
1565 2524 1707 2581 precio

137 2603 364 2647 dirimitur.

259 2680 368 2733 Quid
399 2683 540 2724 autem
571 2680 664 2736 ipse
694 2679 907 2734 K(arolus)
940 2693 1081 2723 secum
1112 2678 1188 2723 illa
1217 2684 1339 2724 nocte
1370 2680 1522 2736 egerit,
1556 2680 1707 2736 quibus

138 2759 485 2803 retractationum
502 2757 745 2802 verberibus
766 2771 881 2802 ream
904 2757 1203 2801 conscientiam
1221 2757 1511 2814 flagellaverit,
1529 2771 1707 2814 sequens

139 2838 284 2894 utique
314 2837 403 2880 dies
435 2836 675 2880 declaravit.
722 2835 845 2890 Nam,
878 2838 926 2878 ut
956 2849 1008 2879 ex
1038 2835 1132 2892 ipso
1164 2834 1313 2880 effectu
1343 2840 1486 2891 gestae
1516 2837 1579 2880 rei
1609 2850 1708 2893 pro-

233 2945 259 2986 s:
292 2965 348 2986 om.
361 2954 426 2987 Bc.
511 2955 540 2986 b.
571 2956 749 2995 procurator
769 2954 906 2985 secunda
920 2963 1032 2985 manus
1046 2955 1270 2996 superscripsit
1290 2960 1320 2987 et
1336 2955 1394 2987 sub
1415 2956 1569 2995 praelatus
1586 2961 1707 2996 puncta

135 3008 244 3049 posuit
263 3008 298 3040 in
315 3009 347 3040 V.
440 3018 466 3040 c.
497 3010 676 3049 procurator
697 3007 834 3040 secunda
855 3018 966 3040 πιαηω
987 3008 1210 3050 superscripsit
1231 3009 1265 3040 in
1283 3010 1314 3041 V.
1406 3010 1435 3040 d.
1467 3010 1611 3041 discritur
1629 3010 1686 3041 VZ.
