2028 3438
638 238 859 271 UDALRIGI
888 239 1058 271 conux.
1105 237 1152 270 86
1596 228 1680 271 169

176 344 347 391 *Siout
377 345 685 391 ecclesiasticae
715 346 834 403 pacis
865 349 1021 402 status,
1063 346 1169 390 bene
1201 360 1249 390 ac
1280 346 1508 391 salubriter
1532 347 1682 405 dispo-
1704 357 1908 394 1093-1096

41 453 52 461 -
111 424 469 480 situsffvmagnum
509 425 630 469 nobis
667 425 824 479 ingerit
860 424 1083 480 gaudium3
1123 425 1185 468 ita
1222 429 1387 469 merore
1423 438 1508 468 non
1549 439 1681 482 parvo

111 501 354 558 amemur&
383 503 427 549 sci
455 503 626 559 quando
657 502 791 546 hostis
823 502 987 558 antiqui
1015 502 1178 546 invidia
1208 502 1432 546 concordia
1463 503 1681 559 scinditur,

109 579 193 625 ins<
205 579 334 638 perit,
347 603 350 606 ·
362 580 511 636 fasque
540 581 742 637 nefasque
773 580 1055 624 confunditur.

229 657 423 702 Litteras
450 658 783 702 reverentissimi
821 658 1045 702 confratris
1076 645 1212 701 nostri
1243 658 1514 702 Treverensis
1546 658 1684 702 archi-

59 758 67 762 ·
111 733 322 793 episeopi¹
339 735 508 792 ιπερὶ,
541 749 719 792 quarum
751 736 880 780 series
912 736 1018 779 mihi
1047 735 1300 780 notificavit:
1339 750 1420 792 que
1452 740 1495 780 et
1526 739 1685 792 quanta

111 813 321 871 episcopi,
344 811 515 858 Urbano
547 813 810 870 adherentes,
841 814 1155 868 machinentur3
1188 814 1356 870 quantis
1387 814 1515 857 minis
1537 818 1579 858 et
1599 818 1683 858 ter-

109 890 278 935 roribus
315 893 359 936 et
393 891 656 935 diversarum
694 892 1007 948 oppositionum
1044 891 1372 935 obiectionibus*
1405 905 1450 935 se
1481 906 1684 947 suamque

111 968 254 1013 sedem
284 968 520 1026 inquietare
542 982 628 1012 non
650 969 863 1024 desinant3
896 974 1061 1026 utque0,
1093 969 1223 1013 nichil
1242 969 1433 1025 languidi
1453 971 1683 1027 pacientes,

111 1047 331 1091 conventu·
349 1047 592 1103 frequenter
622 1050 765 1104 partes
796 1048 1015 1102 roborent,
1048 1048 1115 1092 die
1146 1051 1356 1103 noctuque
1378 1047 1508 1092 sacris
1531 1047 1684 1091 litteris

112 1126 198 1168 non
227 1138 380 1182 partun
409 1125 622 1181 insudent,
654 1129 703 1168 ut
731 1125 928 1182 habeant,
960 1125 1072 1170 unde
1105 1140 1199 1170 eum
1230 1140 1391 1182 nosque
1415 1140 1511 1170 cum
1533 1140 1581 1170 eo
1602 1127 1684 1170 im-

110 1202 353 1260 pugnent‘,
378 1204 606 1260 praecipue
635 1201 860 1247 Metensis²
890 1201 1123 1248 Tullensis³
1154 1218 1232 1248 nec
1264 1218 1347 1247 non
1367 1202 1681 1248 virdunensisfl

112 1280 192 1325 Hi·
219 1282 393 1339 quippe,
425 1294 509 1325 non
530 1282 788 1338 ignorantes,
820 1286 1002 1339 quantae
1023 1282 1097 1326 sit‘
1123 1283 1397 1326 temeritatis:
1430 1286 1578 1326 contra
1596 1297 1686 1327 me-

112 1359 395 1416 tropolitanae
442 1360 552 1404 sedis
591 1360 656 1404 ius
696 1364 738 1404 et
777 1361 1070 1404 auctoritatem
1109 1361 1154 1404 in
1192 1361 1442 1418 provinciali
1479 1361 1687 1405 kathedra

94 1448 368 1495 ‘quemquam
391 1438 472 1482 sibi
493 1438 746 1496 episcopalis
769 1438 896 1482 officii
919 1439 1167 1494 dignitatem
1186 1437 1428 1495 usurpare⁵,
1452 1453 1548 1482 cum
1564 1453 1686 1496 prae-

115 1515 347 1591 sumptioni
384 1529 485 1560 suae
523 1520 763 1560 sanctorum
804 1520 973 1574 patrum
1013 1517 1182 1560 decreta
1218 1518 1405 1561 sentiant
1434 1531 1685 1574 repugnare,

113 1583 277 1638 reatum
315 1608 436 1638 suum
467 1608 578 1638 nova
609 1595 791 1651 quadam
823 1607 872 1639 ac
903 1595 1102 1639 simulata
1131 1594 1334 1650 religione
1366 1599 1566 1651 satagunt
1596 1596 1687 1653 pal-

112 1672 235 1717 liare.'
279 1671 531 1716 Asserentes
563 1673 676 1716 enim
708 1687 753 1717 se
783 1672 896 1716 solos
927 1674 1060 1716 iustos
1087 1673 1280 1730 solosque
1302 1686 1396 1716 cum
1419 1687 1494 1717 suo
1516 1674 1686 1718 Urbano

113 1750 341 1795 catholicos
365 1751 600 1808 episcopos,
631 1755 806 1807 ceteros,
837 1765 974 1808 papae
996 1751 1203 1795 Clementi
1225 1751 1488 1807 adherentes,
1520 1766 1688 1796 excom-

114 1829 351 1873 municatos
370 1847 373 1854 ¹
390 1829 592 1873 habentes
633 1833 934 1887 aspernantur;
983 1843 1211 1886 eorumque
1251 1830 1413 1887 polluto
1452 1830 1687 1874 ministerio

114 1907 321 1965 templum
359 1907 441 1951 Dei
479 1907 716 1965 profanari,
764 1908 1115 1951 christianitatem
1157 1907 1405 1951 multimode
1443 1909 1688 1965 periclitari,

110 1983 348 2041 divulgant.
395 1985 465 2029 Ad
494 1986 611 2041 haec,
645 1986 896 2042 quibusdam
928 1986 1093 2030 blandis
1126 1989 1169 2029 et
1198 1986 1509 2043 supersticiosis
1531 2001 1688 2031 sermo-

116 2063 242 2108 nibus
273 2063 524 2107 secularium
557 2077 679 2107 aures
711 2063 1041 2121 permulcentes,
1077 2064 1122 2107 in
1154 2065 1296 2107 odium
1330 2068 1372 2108 et
1401 2068 1690 2122 contemptum

114 2142 305 2187 omnium
326 2146 518 2186 nostrum
535 2156 680 2186 eorum
698 2142 861 2185 animos
878 2142 1089 2186 concitare
1110 2155 1194 2185 non
1210 2146 1389 2186 cessant.
1481 2141 1691 2200 Respectu

116 2223 259 2264 tamen
289 2220 501 2264 fraternae
532 2220 704 2277 pietatis
737 2221 878 2263 aiunt:
911 2220 1261 2277 metropolitanae
1293 2215 1492 2264 ecclesiae
1515 2219 1690 2278 praesu—

116 2295 226 2342 lem⁶
256 2299 301 2342 in
332 2299 668 2342 communionem
701 2298 808 2342 velle
836 2299 1049 2355 suscipere
1071 2298 1216 2354 eique⁸
1237 2299 1468 2355 primatum
1488 2311 1690 2354 recogno-

119 2390 248 2433 scere,
281 2376 319 2420 si
350 2389 494 2420 eorum
528 2376 713 2420 consiliis
745 2376 918 2420 tandem
949 2376 1051 2419 velit
1082 2376 1359 2432 acquiescere.

238 2454 397 2507 Quibus
429 2454 622 2498 omnibus
654 2468 738 2497 non
771 2468 921 2512 parum
954 2454 1178 2510 sollicitus,
1211 2457 1352 2509 rogat:
1384 2457 1432 2498 ut
1462 2455 1689 2499 constituto

211 2631 239 2652 a.
273 2621 421 2652 efficimur
446 2620 477 2651 C.
602 2621 632 2652 b.
665 2621 850 2652 dictionibus
872 2622 911 2652 Β.
1026 2631 1052 2651 c.
1085 2622 1118 2651 ut
1140 2630 1237 2660 neque
1260 2621 1299 2651 B.
1416 2621 1445 2651 d.
1478 2622 1635 2661 impugnet
1660 2622 1690 2653 C‘.

120 2685 146 2707 e.
179 2675 231 2707 Hii
250 2676 282 2707 V.
406 2675 427 2706 f.
461 2676 522 2706 sint
540 2674 625 2706 VZC'.
751 2684 780 2713 g.
813 2675 901 2714 eique
923 2691 954 2695 —-
973 2683 1189 2713 recognoscere
1211 2684 1268 2705 om.
1283 2675 1322 2705 B.

216 2771 249 2805 1.
276 2768 465 2814 Egilberti.
587 2770 620 2804 2.
647 2769 784 2815 Poppo.
906 2770 939 2804 3.
967 2767 1068 2804 Pibo.
1180 2769 1215 2804 4.
1240 2767 1428 2805 Richerus.
1537 2771 1571 2806 5.
1599 2771 1691 2806 Nam

120 2829 246 2875 Poppo
272 2839 328 2874 ep.
348 2828 539 2864 Mettensis
564 2839 597 2864 a.
618 2830 710 2864 1092
743 2831 781 2864 et
811 2828 987 2863 Richerus
1020 2837 1076 2873 ep.
1095 2827 1337 2864 virdunensis
1362 2841 1394 2864 a.
1415 2829 1507 2864 1093
1541 2840 1613 2865 non
1646 2829 1692 2865 ab

120 2887 308 2934 Egilberto
341 2888 407 2924 sed
440 2888 486 2924 ab
513 2889 669 2935 Hugone
695 2888 970 2934 archiepiscopo
996 2887 1234 2933 Lugdunensi
1265 2889 1467 2924 consecrati
1493 2892 1608 2925 erant.
1646 2890 1691 2926 V.

112 2947 288 2993 >Hugonis
313 2948 416 2983 Flav.
442 2948 564 2984 chron.
593 2949 709 2991 (Mon.
733 2947 855 2984 Germ.
875 2947 939 2983 SS.
953 2947 1040 2983 VIII
1065 2948 1156 2991 473)
1192 2950 1230 2983 et
1253 2948 1441 2984 Laurentii
1471 2951 1578 2994 gesta
1609 2959 1691 2994 epp.

120 3007 274 3043 Virdun.
300 3006 399 3051 (ibid.
420 3007 453 3042 X
474 3008 572 3052 497).
670 3009 702 3043 6.
731 3007 970 3053 Egilbertum.
