2028 3438
355 246 413 288 90
865 247 867 249 ’
884 258 1104 290 nmmum
1131 258 1300 291 oonnx.
1347 257 1394 290 42

239 372 330 408 1075
474 362 592 415 Quod
633 365 772 408 autem
804 365 849 407 in
880 365 1196 409 commonitorio
1227 367 1367 408 vestro
1398 364 1621 421 posuistiS,
1649 369 1910 416 me--vestme

253 422 314 452 Μ’
354 440 622 496 paternitati⁰
664 444 918 484 secretorum
957 442 1084 485 immo
1133 441 1278 485 salutis
1324 454 1440 485 meae
1478 441 1746 487 commisisse·
1770 444 1910 491 consi·-

354 517 459 560 lium
472 513 495 572 ¹,
528 520 570 560 et
599 516 683 560 alia
714 518 918 573 quaedam
956 519 1076 574 quasi
1115 519 1385 563 correctionis
1422 518 1567 562 limam
1606 519 1825 565 addidistis
1856 521 1910 565 ad

355 594 674 648 castigationem
720 594 830 638 vitae
877 598 918 638 et
962 609 1147 649 morum3
1200 595 1278 638 hoc
1325 609 1490 652 semper
1533 596 1613 639 feci
1657 600 1700 640 et
1743 610 1910 655 semper

354 670 527 725 faciam,
569 684 645 714 nec
684 671 736 714 ab
772 671 850 715 1100
888 685 1013 728 opere
1048 685 1247 728 umquam
1279 673 1368 716 vita
1404 673 1557 716 comite
1587 673 1800 719 desistam.
1852 674 1910 719 Et

355 747 467 803 quod
503 747 565 792 ibi
600 751 768 791 cautum
807 751 891 804 est,
930 749 1169 792 cautissime
1215 749 1390 802 caveb03
1438 753 1479 792 01
1529 749 1639 805 quod
1683 749 1744 794 ibi
1785 763 1908 808 prac-

355 827 520 881 ceptum
553 827 629 879 est,
662 828 787 881 prout
817 825 927 869 vires
959 825 1121 868 dederit
1149 825 1277 880 Deus,
1309 826 1489 882 pleniter
1520 825 1768 883 adimplebo.

474 901 530 944 Et
561 902 596 944 si
629 901 749 945 aliter
780 902 830 945 de
860 916 928 945 me
969 902 1142 946 alicuius
1175 902 1434 946 adversantis
1469 903 1588 946 vobis
1619 907 1815 959 suggeret
1842 917 1908 949 re-

353 978 454 1022 latio
465 976 493 1032 ²,
526 979 691 1022 noverit
720 979 919 1023 sanctitas
951 983 1104 1035 vestra,
1136 980 1245 1035 quod
1275 980 1480 1023 unitatem
1510 979 1699 1024 scindere
1729 984 1771 1024 et
1799 981 1909 1026 cari·

353 1058 483 1099 tatem
521 1069 787 1112 corrumpere
825 1070 898 1099 suo
930 1057 1142 1100 mendatio
1178 1060 1362 1100 conetur.
1414 1056 1506 1099 Nisi
1544 1057 1651 1100 forte
1681 1057 1808 1102 haeob
1839 1071 1907 1102 ac-

354 1136 490 1187 cuset,
539 1133 648 1188 quod
687 1133 908 1188 aliquando
946 1133 1070 1188 illud,
1118 1147 1197 1189 quo
1243 1147 1310 1176 me
1348 1133 1528 1188 castigo,
1573 1133 1737 1178 frenum
1783 1133 1907 1180 disci-

353 1209 492 1266 plinae
521 1210 779 1266 aliquantum
810 1207 979 1254 laxare⁸
1010 1210 1181 1254 consilio
1211 1210 1389 1254 fratrum
1411 1210 1636 1266 compellor
1665 1224 1792 1255 causa
1819 1223 1907 1257 me-

353 1287 529 1330 dicinae.

470 1363 599 1407 Porro
638 1364 748 1419 quod
793 1364 845 1407 de
885 1364 1174 1408 examinandis
1214 1364 1441 1421 episcopis,
1488 1378 1590 1420 quos
1633 1365 1736 1409 mihi
1772 1366 1906 1411 nomi-

351 1441 484 1484 nastis
495 1438 523 1496 ⁴,
554 1443 596 1484 et
625 1441 844 1484 introitum
876 1454 1018 1484 eorum
1052 1445 1093 1485 et
1114 1442 1474 1485 conversationem
1497 1442 1814 1497 diligentissime
1841 1443 1906 1487 in-

353 1518 517 1573 quirere
559 1522 601 1561 et
630 1532 706 1574 per
736 1519 908 1562 nuncios
939 1522 1104 1562 nostros
1134 1518 1253 1561 vobis
1283 1518 1488 1562 insinuari
1523 1519 1776 1575 mandastis,
1810 1533 1906 1576 per-

350 1594 507 1651 pendat
537 1595 714 1649 vigilans
745 1595 815 1639 ille
848 1596 990 1639 oculus
1022 1595 1253 1652 sapientiae
1286 1598 1468 1639 vestrae:
1502 1596 1611 1651 quod
1636 1610 1660 1640 a
1679 1596 1906 1641 1011111110-

350 1675 540 1726 gatorum
588 1675 827 1716 nostrorum
872 1686 1003 1728 usque
1051 1672 1105 1715 ad
1148 1672 1255 1716 hanc
1293 1673 1487 1716 iteratam
1525 1673 1775 1728 legationem
1820 1686 1906 1718 non

351 1751 513 1791 tantum
546 1753 658 1792 eratc
690 1750 891 1806 temporis
922 1749 1219 1803 intersticium,
1260 1753 1307 1792 ut
1337 1749 1403 1793 vel
1431 1750 1582 1793 fratres
1614 1740 1809 1805 colligere
1840 1751 1906 1795 vel

352 1826 672 1869 examinationis
711 1827 806 1870 inde
844 1840 1011 1882 possem
1053 1826 1206 1870 habere
1243 1826 1454 1870 iudicium.
1502 1827 1589 1870 Nec
1626 1827 1739 1871 aliud
1778 1841 1906 1885 super

350 1903 429 1946 hac
465 1916 511 1946 re
551 1903 685 1946 adhuc
723 1903 841 1946 vobis
883 1903 933 1946 de
971 1903 1036 1946 his
1067 1903 1263 1947 intimare
1294 1903 1434 1959 valeo,
1473 1904 1557 1947 nisi
1594 1904 1704 1960 quod
1733 1904 1802 1948 vel
1830 1918 1904 1948 vos

351 1980 467 2023 scitis
497 1979 563 2023 vel
599 1980 830 2024 communis
865 1980 990 2024 habet
1020 1981 1172 2036 opinio.
1219 1980 1518 2025 Verumtamen
1548 1981 1710 2025 litteras
1742 1985 1903 2026 vestras

350 2057 433 2101 illis
455 2057 700 2113 quantocius
721 2057 876 2111 direxi3
902 2061 944 2101 et
964 2057 1032 2100 utd
1054 2057 1298 2101 mandatum
1320 2061 1507 2101 vestrum
1526 2058 1744 2115 impleant,
1776 2059 1903 2103 etiam

350 2134 505 2178 nostris
534 2134 684 2177 litteris
716 2134 936 2189 diligenter
967 2135 1187 2178 submonui
1197 2141 1223 2177 θ.

468 2211 532 2254 De
571 2211 804 2267 penitentia
841 2215 980 2255 autem
1022 2211 1361 2266 Strazburgensis
1412 2212 1597 2269 episcopi
1633 2212 1763 2256 nichil
1800 2213 1904 2256 certi

352 2287 542 2345 possumr
571 2288 690 2332 vobis
719 2288 984 2345 respondere.
1032 2288 1137 2339 Quia
1166 2301 1255 2343 nec,
1289 2289 1325 2331 si
1355 2289 1393 2331 ei
1420 2288 1608 2332 iniuncta
1631 2292 1753 2345 esset,
1786 2292 1902 2334 ante-

444 2451 470 2471 a.
502 2442 692 2479 paternitatis
711 2442 740 2471 V.
823 2441 852 2471 b.
884 2441 942 2471 hoc
957 2442 995 2471 Β.
1079 2450 1104 2470 0.
1136 2450 1191 2470 om.
1204 2441 1242 2470 B.
1326 2440 1354 2470 d.
1388 2442 1421 2470 ut
1443 2442 1473 2470 et
1494 2442 1531 2471 B.
1616 2451 1642 2471 e.
1676 2442 1845 2472 summonui
1862 2442 1902 2472 B.

351 2494 372 2524 f.
404 2502 564 2533 possumus
582 2495 613 2524 V.

447 2575 478 2609 1.
508 2576 571 2619 „et
595 2575 776 2619 quomodo
808 2577 1027 2610 secretorum
1061 2577 1204 2609 tuorum
1229 2573 1333 2609 nobis
1364 2574 1562 2619 paucisque
1588 2574 1666 2610 aliis
1691 2574 1901 2610 commisisti

352 2633 576 2678 consilium“‚
603 2633 767 2677 Gregorii
783 2634 848 2670 V11
866 2634 1020 2679 Registr.
1035 2633 1068 2668 II
1085 2633 1130 2668 29
1147 2633 1169 2667 1.
1186 2633 1208 2668 1.
1306 2633 1339 2668 2.
1368 2633 1524 2678 „Verum
1549 2633 1651 2668 iuxta
1675 2633 1900 2678 quorundam

350 2691 579 2736 relationem,
614 2692 716 2727 aliter
746 2702 854 2736 quam
887 2691 1123 2738 sperabamus
1155 2694 1191 2727 te
1224 2691 1361 2737 egisse,
1393 2691 1670 2737 comperimus“,
1702 2691 1811 2737 Greg.
1836 2692 1859 2728 1.
1876 2692 1899 2727 l.

351 2752 384 2786 3.
414 2760 481 2795 „ex
505 2760 548 2785 eo
572 2753 713 2795 tamen,
746 2751 843 2795 quod
870 2751 1094 2786 cluniacensi
1127 2750 1344 2786 monasterio
1375 2750 1550 2795 reliquum
1576 2751 1672 2786 vitae
1703 2754 1788 2787 tuae
1815 2761 1899 2787 con-

351 2808 445 2844 ferre
475 2809 640 2853 voluisti,
678 2809 849 2844 maiorem
884 2820 929 2845 ex
960 2810 1132 2855 religione
1163 2812 1228 2844 tua
1259 2808 1366 2844 fidem
1397 2809 1622 2854 suscepimus
1634 2809 1663 2854 “‚
1701 2809 1809 2855 Greg.
1833 2810 1857 2845 1.
1875 2810 1897 2844 l.

350 2868 385 2903 4.
411 2867 578 2903 Ottonem
596 2868 613 2902 I
632 2867 956 2913 Constantiensem,
983 2868 1219 2904 Guarnerium
1239 2867 1570 2913 strazburgensem,
1595 2867 1802 2903 Heinricum
1820 2867 1898 2913 Spi-

350 2936 504 2972 rensem,
528 2926 820 2970 Herimannumtl
844 2926 1196 2972 Babenbergensem,
1221 2925 1457 2962 Imbriconem
1483 2925 1764 2972 Augustensem,
1789 2926 1898 2963 Adel-

352 2984 523 3021 beronem
541 2984 877 3031 Wirzburgensem3
903 2996 938 3020 v.
960 2984 1068 3030 Greg.
1085 2986 1108 3021 1.
1125 2986 1148 3021 1.
