2028 3438
398 260 639 293 maeotim
668 259 912 292 manoeus.
961 260 1049 291 Lm.
1071 260 1123 290 111
1152 258 1294 292 36—38
1549 248 1635 291 829

0 415 4 434 ι
66 398 78 401 ⁷,
179 367 256 412 36.
302 365 537 425 Imperator
557 380 657 412 vero
687 367 895 412 famosum
926 365 1032 410 illud
1063 379 1112 410 ac
1132 365 1388 410 laboriosum
1411 379 1517 424 opus
1540 366 1636 424 Spi-

0 435 6 509 {1
60 443 476 492 meh>1monasterii
506 444 688 489 habebat
717 445 762 488 in
794 442 1025 489 manibus¹.
1075 443 1231 487 Omnes
1263 444 1476 500 sapientes
1509 448 1551 488 et
1570 444 1635 487 in-

62 521 246 566 dustrios
278 521 529 567 architectos
559 522 702 566 fabros
734 524 776 566 et
797 522 1075 566 cementarios
1105 521 1295 578 aliosque
1316 521 1485 579 opifices
1515 522 1635 577 regni

0 633 1 636 η
62 596 230 645 sui-vel·
263 600 392 644 etiam
429 600 483 644 de
522 600 616 644 aliis
649 600 789 655 regnis
828 600 873 643 in
905 613 1032 657 opere
1062 599 1156 656 ipso
1188 599 1370 655 habens,
1412 613 1561 642 aurum
1594 602 1636 643 et

62 679 283 733 argentum
323 680 366 722 et
401 678 627 735 pecuniam
657 677 836 721 multam
867 679 1145 734 sumptusque
1175 676 1363 720 infinitos
1395 677 1516 720 annis
1549 676 1634 720 sin-

0 816 3 821 ,
61 754 171 810 gulis
201 740 478 812 expendebat.
525 755 589 800 At
613 756 808 811 magistri
829 755 983 812 operis,
1015 755 1172 812 partim
1194 754 1454 810 negligentes
1476 754 1633 812 partim

0 823 5 851 ἴ
62 832 194 877 etiam·
210 846 290 877 sua
308 833 530 877 commoda
548 834 711 889 sectati,
731 848 822 877 rem
843 833 964 877 tarde
985 832 1302 890 promovebant.
1343 832 1634 876 Commonitus

0 936 3 942 v
62 922 162 966 ergo
181 910 380 968 princeps
401 925 430 955 a
445 910 640 955 fidelibus
662 912 750 955 suis
772 912 824 955 de
844 911 1009 955 iactura
1032 900 1319 968 impensarum
1330 917 1358 966 ¹²,
1391 910 1633 965 diligentius

61 991 246 1034 tractare
275 989 400 1049 cepit.
452 989 517 1033 Ac
547 1002 718 1033 securus
750 989 802 1033 de
833 989 1000 1033 Ottonis
1032 989 1098 1032 sui
1128 987 1210 1032 fide
1241 987 1461 1044 diligentia
1492 991 1535 1032 et
1567 1001 1634 1032 sa-

0 1109 1 1115 ,
61 1066 265 1123 gacitate,
302 1080 428 1111 omne
465 1080 572 1124 opus
611 1067 650 1110 ei
689 1066 919 1120 commisit3
959 1067 1218 1124 precipiens,
1258 1069 1307 1110 ut
1342 1070 1430 1110 tam
1463 1065 1634 1123 opifices

57 1131 191 1201 ’quam
220 1145 415 1200 magistr-i
434 1158 580 1189 eorum
610 1144 672 1188 illi
702 1144 782 1188 soli
813 1148 1023 1201 parerent,
1057 1158 1224 1188 omnem
1245 1144 1467 1201 pecuniam
1490 1157 1634 1201 sump-

61 1225 133 1267 tus
161 1226 209 1268 et
229 1223 448 1280 ‘impensas
480 1222 532 1267 ab
564 1236 613 1266 eo
646 1225 893 1280 expeterent
921 1222 1067 1278 illique
1094 1225 1351 1267 retaxarent.
1401 1221 1483 1266 Sed
1506 1221 1634 1278 quid?

61 1299 158 1345 Non
192 1301 318 1346 facile
356 1301 440 1346 dici
479 1303 639 1359 potest,
678 1303 836 1357 quanta
874 1301 1137 1344 conservatio
1178 1314 1318 1344 rerum
1357 1300 1470 1344 sacta
1506 1300 1562 1343 sit
1593 1303 1636 1344 et

64 1372 222 1434 quanta
258 1382 468 1423 structure
503 1379 728 1436 promotio.
776 1378 840 1422 Ita
871 1392 969 1434 ergo
1000 1379 1045 1422 in
1077 1378 1271 1422 omnibus
1304 1378 1386 1422 sibi
1416 1378 1507 1422 Deo
1537 1391 1636 1435 pro-

62 1455 168 1514 pitio
205 1456 479 1514 prestabilem
517 1471 564 1501 se
600 1460 643 1501 et
671 1443 830 1501 carum>
848 1457 1024 1500 summis
1057 1459 1099 1500 et
1129 1456 1410 1500 mediocribus
1443 1456 1541 1499 Otto
1573 1456 1636 1500 fa-

63 1533 214 1591 ciebat,
234 1534 281 1578 in
302 1534 400 1579 aula
418 1535 531 1590 regis
553 1535 674 1591 quasi
696 1534 803 1578 alter
817 1534 968 1591 Ioseph
990 1548 1134 1578 curam
1155 1548 1306 1589 gerens
1328 1534 1634 1578 universorum.

183 1613 255 1656 37.
301 1612 468 1657 Interea
503 1612 716 1670 Rupertus
754 1612 1117 1667 Babenbergensis
1160 1612 1382 1669 episcopus
1423 1611 1636 1655 hominem
1662 1618 1755 1654 1102

63 1686 235 1735 exivit'.
281 1689 428 1747 Itaque
459 1704 511 1734 ex
539 1703 656 1734 more
677 1690 882 1747 temporis
902 1690 1087 1745 insignia
1108 1690 1376 1747 episcopatus
1399 1690 1453 1733 ad
1474 1689 1636 1733 curiam

0 1765 2 1767 ’
64 1766 195 1812 allata
222 1771 324 1812 sunt
353 1771 396 1812 et
427 1769 575 1826 petitio
607 1768 781 1812 ecclesie
812 1782 890 1825 pro
921 1771 1105 1825 pastore.
1154 1767 1389 1824 Imperator
1421 1781 1494 1811 sex
1517 1781 1636 1811 men-

63 1845 175 1890 sium
204 1846 380 1890 consilio
411 1847 533 1903 ponit
561 1846 767 1890 inducias.
816 1846 1006 1890 Ecclesia
1028 1859 1127 1890 vero
1148 1845 1512 1901 Babenbergensis
1541 1859 1637 1888 cum

64 1922 177 1968 clero
222 1927 265 1967 et
309 1924 467 1981 populo
506 1924 596 1968 Deo
644 1924 815 1968 interim
856 1924 1128 1968 devotissime
1166 1937 1244 1981 pro
1284 1924 1436 1967 idoneo
1473 1926 1637 1967 rectore

65 1998 366 2059 supplicabat³.
413 2001 584 2059 Elapsis
617 2015 715 2057 ergo
747 2002 1012 2045 induciarum
1045 2001 1207 2057 diebus,
1240 2014 1336 2044 cum
1360 2001 1445 2044 iam
1468 2004 1636 2058 tempus

65 2082 177 2124 esset
205 2079 402 2124 mittendi
432 2080 487 2123 ad
516 2080 676 2123 curiam
705 2093 780 2136 pro
803 2080 999 2136 episcopo
1022 2082 1064 2123 et
1083 2080 1329 2136 imperator,
1361 2078 1636 2134 benignitatis

66 2161 110 2202 et
142 2157 279 2213 gratie
307 2157 462 2202 litteris
494 2158 671 2201 nuncios
704 2171 881 2201 evocans
892 2155 920 2213 ⁴,
958 2157 1156 2201 idoneum
1187 2156 1251 2200 illi
1283 2156 1458 2200 ecclesie
1488 2156 1637 2200 inven-

65 2238 155 2279 tum
186 2235 408 2280 nunciaret
437 2235 696 2293 episcopum,
728 2235 838 2279 inter
869 2248 989 2292 spem
1021 2238 1063 2278 et
1090 2238 1249 2278 metum
1271 2234 1401 2290 anxii,
1435 2234 1636 2278 attentius

65 2326 156 2358 rem
186 2313 371 2357 Domino
400 2312 771 2369 Babenbergenses
801 2312 1164 2356 commendabant.

186 2391 258 2434 38.
304 2390 570 2435 Abeuntibus
601 2405 700 2446 ergo
731 2391 911 2446 nunciis,
943 2390 1118 2434 summis
1150 2393 1193 2434 et
1223 2389 1436 2446 precipuis
1469 2389 1520 2432 de
1540 2389 1636 2445 ipsa
1658 2398 1732 2429 Dec.

68 2467 245 2512 ecclesia
274 2469 391 2524 viris,
422 2473 510 2513 tam
541 2469 704 2512 clericis
737 2482 863 2524 quam
893 2468 1026 2523 laicis,
1058 2467 1210 2524 reliqui
1241 2481 1386 2510 omnes
1415 2481 1440 2510 a
1460 2467 1636 2510 minimo

67 2558 201 2602 usque
231 2546 286 2590 ad
315 2547 547 2590 maximum
580 2547 625 2589 in
655 2546 852 2603 proxima
882 2546 1093 2589 dominica
1124 2548 1222 2588 ante
1252 2544 1520 2588 nativitatem
1550 2544 1638 2588 Do·
1660 2551 1787 2583 Dec-21

68 2623 188 2680 mini,
219 2623 340 2668 elatis
371 2624 578 2679 crucibus,
610 2637 704 2667 cum
737 2624 1005 2680 processione
1027 2626 1213 2666 montem
1235 2622 1371 2666 sancti
1390 2621 1637 2666 Michahelis

70 2698 336 2757 ascendunt‘,
375 2701 565 2757 angelica
604 2700 806 2756 suffragia
844 2701 1070 2757 quesituri3
1110 2700 1270 2743 scilicet
1304 2702 1352 2743 ut
1383 2699 1528 2743 beatus
1559 2699 1638 2743 Mi-

70 2777 219 2822 chahel
250 2779 540 2835 archangelus,
571 2778 738 2822 celestis
768 2778 918 2822 militie
949 2778 1136 2833 signifer,
1167 2777 1339 2832 negocio
1371 2777 1469 2821 huic
1499 2791 1544 2821 se
1574 2778 1639 2820 in-

70 2859 255 2912 gereret,
290 2859 339 2900 ut
369 2857 458 2901 eius
490 2860 690 2900 strennuo
722 2856 963 2900 interventu
994 2859 1242 2898 strennuum
1273 2854 1431 2898 bonum
1464 2859 1506 2898 et
1537 2867 1639 2910 gna-

168 2949 196 2970 a.
227 2939 433 2978 impensorum
455 2940 495 2970 N.

168 2991 201 3026 1.
227 2989 283 3027 Cf.
300 2991 380 3027 Ebo
398 2992 415 3026 I
432 2991 467 3027 4.
588 2992 621 3026 2.
648 2989 703 3027 Cf.
721 2989 802 3026 Ebo
819 2990 835 3025 I
854 2991 886 3025 7.
1007 2990 1041 3025 3.
1068 2987 1123 3025 Cf.
1140 2987 1222 3025 Ebo
1240 2989 1258 3024 I
1274 2990 1308 3025 8.
1422 2989 1457 3024 4.
1485 2987 1540 3025 Cf.
1559 2987 1639 3025 Ebo

73 3037 89 3073 1
108 3039 140 3073 7.
284 3038 318 3074 5.
344 3037 399 3074 Of.
417 3037 498 3075 Ebo
515 3038 532 3074 1
554 3039 589 3074 8.
