2028 3438
681 227 903 260 unarum
933 227 1104 260 consx.
1153 226 1175 261 7
1655 219 1712 262 29

179 366 183 370 .
259 333 303 377 -1-
330 332 636 388 Bcrenwardus
686 333 1099 379 Hildinisheimensis
1153 336 1376 394 episcopus
1435 336 1608 381 interfui
1671 340 1713 381 et
1744 348 1836 384 1007

139 409 384 468 subscripsi.
1734 397 1811 427 Nm·
1823 398 1840 428 ¹

258 487 303 534 ’ὶ-
330 487 583 534 Lambertus
605 489 941 534 Constantiensis
963 490 1186 548 episcopus
1206 491 1380 535 interfui
1402 494 1445 535 et
1465 491 1709 550 subscripsi.

257 565 302 611 ÷
329 566 534 611 Arnolfus
565 567 924 612 Halberstatensis
955 567 1129 612 interfui
1160 572 1202 612 et
1233 569 1478 627 subscripsi.

256 643 301 688 ÷
330 630 553 689 &dab-icus
585 645 800 689 Curiensis
832 646 1055 703 episcopus
1086 646 1260 690 interfui
1291 650 1334 691 et
1363 648 1609 706 subscripsi.

256 720 301 766 ÷
329 721 598 767 Burchardus
614 723 941 767 Wormaciensis
963 724 1186 781 episcopus
1201 724 1380 772 interfui
1402 728 1444 769 et
1465 726 1708 784 subscripsi.

255 799 301 844 ἦ*
328 799 620 846 Werinharius
636 801 960 857 Argentinensis
978 802 1200 860 episcopus
1216 802 1390 847 interfui
1407 808 1449 848 et
1465 804 1708 862 subscripsi.

255 876 300 921 ÷
328 876 556 923 Walterius
589 878 806 936 Spirensis
834 880 1058 937 episcopus
1088 880 1263 924 interfui
1295 885 1338 925 et
1368 881 1612 939 subscripsi.

255 954 299 1000 -Ι-
327 954 445 1012 Brun
475 956 756 1013 Augustensis
797 957 1020 1015 episcopus
1059 958 1231 1002 interfui
1272 958 1507 1003 collaudavi
1539 964 1581 1004 et
1611 961 1710 1005 sub-

137 1032 303 1091 scripsi.

253 1111 298 1156 ÷
326 1111 548 1157 Liudolfus
564 1113 834 1157 Treverensis
856 1113 1196 1171 archiepiscopus
1212 1114 1386 1158 interfui
1406 1118 1449 1159 et
1465 1116 1706 1174 subscripsi.

253 1189 298 1235 Ἰ-
326 1189 606 1235 Berahtoldus
637 1191 843 1235 Tollensis
876 1192 1099 1248 episcopus
1131 1178 1305 1235 interfui
1337 1196 1380 1236 et
1410 1193 1653 1251 subscripsi.

253 1267 297 1312 ÷
325 1267 477 1313 Heimo
508 1268 801 1313 wirdunensis
833 1269 1072 1326 episcopus
1088 1269 1261 1313 interfui
1293 1274 1336 1314 et
1366 1271 1610 1332 subscripsi.

231 1377 234 1379 ,
253 1344 297 1390 ÷
325 1345 570 1402 Hartwigus
586 1347 829 1391 Iuvavensis
847 1347 1187 1404 archiepiscopus
1207 1347 1380 1392 interfui
1403 1352 1445 1393 et
1460 1350 1704 1407 subscripsi.

252 1423 296 1468 -Ι-
326 1423 591 1469 Christianus
622 1424 886 1469 Pataviensis
919 1425 1140 1482 episcopus
1179 1426 1353 1470 interfui
1384 1431 1427 1471 et
1458 1427 1702 1485 subscripsi.

251 1500 296 1546 ’1-
324 1500 596 1547 Gebehardus
610 1499 620 1521 ¹
634 1502 972 1560 Radesponensis
986 1504 1207 1560 episcopus
1223 1503 1395 1548 interfui
1408 1509 1450 1548 et
1461 1506 1703 1563 subscripsi.

251 1579 298 1624 -b
323 1579 566 1636 Egilbertus
597 1580 904 1637 Frisingensis·
937 1582 1160 1638 episcopus
1191 1581 1364 1625 interfui
1396 1586 1439 1626 et
1459 1582 1702 1641 subscripsi.

251 1657 295 1701 -Ι-
322 1657 536 1703 Adalbero
566 1658 824 1703 Bricxiensis
857 1659 1078 1716 episcopus
1111 1659 1285 1703 interfui
1317 1663 1358 1703 et
1389 1660 1635 1718 subscripsi.

249 1734 294 1779 ÷
322 1735 571 1781 Heribertus
610 1736 950 1794 archiepiscopus
988 1736 1250 1781 Coloniensis
1287 1738 1459 1782 interfui
1498 1739 1551 1783 ad
1580 1739 1703 1784 votab

132 1812 271 1858 sinodi
301 1817 344 1858 ct
374 1814 618 1872 subscripsi.

249 1891 295 1936 ÷
325 1891 555 1948 Suidgerus
586 1892 1033 1948 Mimigardvordensis
1066 1893 1288 1951 episcopus
1319 1894 1492 1939 interfui
1529 1899 1573 1940 et
1604 1896 1702 1941 sub-

131 1969 296 2028 scripsi.

207 2087 212 2091 .
249 2047 294 2092 ÷
321 2047 549 2093 Ansfridus
580 2049 860 2093 Traiectensis
893 2049 1115 2107 episcopus
1146 2050 1320 2095 interfui
1352 2054 1394 2095 et
1424 2051 1669 2110 subscripsi.

249 2125 294 2170 ’ὶ-
323 2124 575 2171 Teodricus¹
605 2127 837 2172 Mindensis
870 2127 1092 2184 episcopus
1121 2128 1295 2172 interfui
1327 2132 1369 2173 et
1399 2129 1643 2188 subscripsi.

249 2203 293 2248 *i*
323 2204 589 2249 Thietmarus
634 2205 856 2263 episcopus
896 2205 1253 2261 Osneburcgensis
1298 2207 1471 2251 interfui
1520 2211 1562 2251 et
1603 2207 1701 2251 sub-

130 2281 297 2339 scripsi.

248 2359 292 2404 ÷
321 2359 487 2417 Dagino
513 2361 853 2419 archiepiscopus
874 2361 1293 2417 Magedeburcgensis
1325 2363 1497 2406 interfui
1529 2366 1572 2407 et
1602 2363 1700 2407 sub-

130 2437 295 2496 scripsi.

248 2516 292 2560 -1-
310 2515 606 2560 Hildiwardus
637 2517 859 2561 Citicensis
891 2518 1113 2574 episcopus
1143 2517 1317 2561 interfui
1348 2521 1391 2562 et
1421 2518 1664 2576 subscripsi.

248 2594 290 2637 -Ι-
319 2591 610 2638 Burchardus⁸
632 2595 972 2652 archiepiscopus
993 2592 1312 2639 Laudunensis⁴
1341 2596 1515 2641 interfui
1537 2601 1580 2641 et
1601 2597 1698 2641 sub-

130 2671 295 2728 scripsi.

248 2748 291 2793 ·i-
320 2748 536 2793 Baldolfus
567 2750 908 2807 archiepiscopus
941 2750 1275 2794 Tarcntasiensis
1314 2751 1488 2795 interfui
1527 2754 1570 2795 et
1600 2752 1698 2796 sub-

130 2825 293 2883 scripsi.

223 2936 250 2957 a.
281 2927 487 2966 Frigingensis
510 2928 604 2969 Heyb.
729 2928 759 2958 b.
791 2928 907 2958 advoca
928 2928 1032 2968 Heyb„
1056 2929 1095 2960 ad
1116 2931 1219 2960 votum
1245 2929 1329 2961 VZC.

226 2991 258 3026 1.
284 2991 312 3026 1.
409 2992 443 3027 2.
469 2991 515 3027 11.
612 2992 647 3027 3.
673 2992 719 3027 ΙΙ.
816 2992 850 3027 4.
876 2991 1146 3037 Lugdunensis.
