<?xml version="1.0" encoding="UTF-8"?>
<!DOCTYPE html PUBLIC "-//W3C//DTD XHTML 1.0 Transitional//EN"
    "http://www.w3.org/TR/xhtml1/DTD/xhtml1-transitional.dtd">
<html xmlns="http://www.w3.org/1999/xhtml" xml:lang="en" lang="en">
 <head>
  <title>
</title>
<meta http-equiv="Content-Type" content="text/html;charset=utf-8" />
  <meta name='ocr-system' content='tesseract 3.04.00' />
  <meta name='ocr-capabilities' content='ocr_page ocr_carea ocr_par ocr_line ocrx_word'/>
</head>
<body>
  <div class='ocr_page' id='page_1' title='image "bibliothecarerum05wattuoft_0803.png"; bbox 0 0 2028 3438; ppageno 0'>
   <div class='ocr_carea' id='block_1_1' title="bbox 447 246 1671 310">
    <p class='ocr_par' dir='ltr' id='par_1_1' title="bbox 447 246 1671 310">
     <span class='ocr_line' id='line_1_1' title="bbox 447 246 1671 310; baseline -0.001 -20"><span class='ocrx_word' id='word_1_1' title='bbox 447 258 686 291; x_wconf 67' lang='lat' dir='ltr'><strong>nauscam</strong></span> <span class='ocrx_word' id='word_1_2' title='bbox 717 258 960 291; x_wconf 60' lang='lat' dir='ltr'><strong>numerus.</strong></span> <span class='ocrx_word' id='word_1_3' title='bbox 1009 259 1095 290; x_wconf 80' lang='lat' dir='ltr'><strong>Lm.</strong></span> <span class='ocrx_word' id='word_1_4' title='bbox 1118 259 1153 290; x_wconf 86' lang='lat'><strong>11</strong></span> <span class='ocrx_word' id='word_1_5' title='bbox 1183 256 1321 291; x_wconf 81' lang='lat'>39-41</span> <span class='ocrx_word' id='word_1_6' title='bbox 1355 308 1357 310; x_wconf 10' lang='lat' dir='ltr'><strong>q</strong></span> <span class='ocrx_word' id='word_1_7' title='bbox 1587 246 1671 289; x_wconf 84' lang='lat'><strong>787</strong></span> 
     </span>
    </p>
   </div>
   <div class='ocr_carea' id='block_1_2' title="bbox 62 362 1676 2902">
    <p class='ocr_par' dir='ltr' id='par_1_2' title="bbox 100 362 1674 500">
     <span class='ocr_line' id='line_1_2' title="bbox 101 362 1674 423; baseline -0.001 -14"><span class='ocrx_word' id='word_1_8' title='bbox 101 362 315 421; x_wconf 38' lang='lat' dir='ltr'><strong>marum&amp;</strong></span> <span class='ocrx_word' id='word_1_9' title='bbox 336 365 446 410; x_wconf 86' lang='lat' dir='ltr'><strong>sicut</strong></span> <span class='ocrx_word' id='word_1_10' title='bbox 471 365 752 423; x_wconf 78' lang='lat' dir='ltr'>disposuerat,</span> <span class='ocrx_word' id='word_1_11' title='bbox 782 365 921 410; x_wconf 86' lang='lat' dir='ltr'><strong>redire</strong></span> <span class='ocrx_word' id='word_1_12' title='bbox 945 365 998 409; x_wconf 85' lang='lat' dir='ltr'><strong>ad</strong></span> <span class='ocrx_word' id='word_1_13' title='bbox 1021 378 1141 409; x_wconf 87' lang='lat' dir='ltr'><strong>suam</strong></span> <span class='ocrx_word' id='word_1_14' title='bbox 1162 364 1319 421; x_wconf 88' lang='lat' dir='ltr'><strong>sedem,</strong></span> <span class='ocrx_word' id='word_1_15' title='bbox 1353 368 1674 409; x_wconf 76' lang='lat' dir='ltr'><strong>consecraturus</strong></span> 
     </span>
     <span class='ocr_line' id='line_1_3' title="bbox 100 439 750 500; baseline -0.003 -11"><span class='ocrx_word' id='word_1_16' title='bbox 100 439 297 499; x_wconf 50' lang='lat' dir='ltr'><strong>etiamst</strong></span> <span class='ocrx_word' id='word_1_17' title='bbox 324 443 500 488; x_wconf 83' lang='lat' dir='ltr'><strong>minime</strong></span> <span class='ocrx_word' id='word_1_18' title='bbox 531 443 750 500; x_wconf 82' lang='lat' dir='ltr'><strong>potuisset.</strong></span> 
     </span>
    </p>

    <p class='ocr_par' dir='ltr' id='par_1_3' title="bbox 62 517 1676 2592">
     <span class='ocr_line' id='line_1_4' title="bbox 221 517 1673 579; baseline -0.001 -13"><span class='ocrx_word' id='word_1_19' title='bbox 221 517 295 565; x_wconf 85' lang='lat'><strong>40.</strong></span> <span class='ocrx_word' id='word_1_20' title='bbox 349 520 568 566; x_wconf 86' lang='lat' dir='ltr'><strong>Diseretus</strong></span> <span class='ocrx_word' id='word_1_21' title='bbox 615 535 714 576; x_wconf 90' lang='lat' dir='ltr'><strong>ergo</strong></span> <span class='ocrx_word' id='word_1_22' title='bbox 759 521 950 578; x_wconf 79' lang='lat' dir='ltr'><strong>pontifex</strong></span> <span class='ocrx_word' id='word_1_23' title='bbox 997 521 1109 579; x_wconf 89' lang='lat' dir='ltr'><strong>apud</strong></span> <span class='ocrx_word' id='word_1_24' title='bbox 1145 520 1397 576; x_wconf 79' lang='lat' dir='ltr'><strong>Belgradam</strong></span> <span class='ocrx_word' id='word_1_25' title='bbox 1445 520 1673 564; x_wconf 87' lang='lat' dir='ltr'><strong>terminum</strong></span> 
     </span>
     <span class='ocr_line' id='line_1_5' title="bbox 102 598 1671 656; baseline -0.002 -11"><span class='ocrx_word' id='word_1_26' title='bbox 102 610 264 656; x_wconf 78' lang='lat' dir='ltr'><strong>ponens</strong></span> <span class='ocrx_word' id='word_1_27' title='bbox 301 598 535 654; x_wconf 81' lang='lat' dir='ltr'><strong>euangelii,</strong></span> <span class='ocrx_word' id='word_1_28' title='bbox 574 599 716 642; x_wconf 87' lang='lat' dir='ltr'><strong>omnia</strong></span> <span class='ocrx_word' id='word_1_29' title='bbox 754 598 848 642; x_wconf 91' lang='lat' dir='ltr'><strong>loca</strong></span> <span class='ocrx_word' id='word_1_30' title='bbox 887 602 930 643; x_wconf 90' lang='lat' dir='ltr'><strong>et</strong></span> <span class='ocrx_word' id='word_1_31' title='bbox 967 599 1159 642; x_wconf 86' lang='lat' dir='ltr'><strong>civitates</strong></span> <span class='ocrx_word' id='word_1_32' title='bbox 1192 598 1386 655; x_wconf 88' lang='lat' dir='ltr'><strong>superius</strong></span> <span class='ocrx_word' id='word_1_33' title='bbox 1418 598 1671 654; x_wconf 82' lang='lat' dir='ltr'><strong>nominatas⁷</strong></span> 
     </span>
     <span class='ocr_line' id='line_1_6' title="bbox 100 674 1675 733; baseline -0.001 -13"><span class='ocrx_word' id='word_1_34' title='bbox 100 674 153 720; x_wconf 59' lang='lat' dir='ltr'><strong>in,</strong></span> <span class='ocrx_word' id='word_1_35' title='bbox 178 675 330 733; x_wconf 82' lang='lat' dir='ltr'><strong>quibus</strong></span> <span class='ocrx_word' id='word_1_36' title='bbox 361 676 525 721; x_wconf 86' lang='lat' dir='ltr'><strong>semina</strong></span> <span class='ocrx_word' id='word_1_37' title='bbox 555 675 652 720; x_wconf 90' lang='lat' dir='ltr'><strong>fidei</strong></span> <span class='ocrx_word' id='word_1_38' title='bbox 684 680 913 733; x_wconf 79' lang='lat' dir='ltr'>sparserat,</span> <span class='ocrx_word' id='word_1_39' title='bbox 945 676 1052 721; x_wconf 88' lang='lat' dir='ltr'><strong>fidus</strong></span> <span class='ocrx_word' id='word_1_40' title='bbox 1079 675 1264 732; x_wconf 84' lang='lat' dir='ltr'><strong>agricola</strong></span> <span class='ocrx_word' id='word_1_41' title='bbox 1286 675 1422 719; x_wconf 91' lang='lat' dir='ltr'><strong>denuo</strong></span> <span class='ocrx_word' id='word_1_42' title='bbox 1443 675 1675 732; x_wconf 89' lang='lat' dir='ltr'><strong>perlustra-</strong></span> 
     </span>
     <span class='ocr_line' id='line_1_7' title="bbox 101 753 1675 810; baseline 0 -13"><span class='ocrx_word' id='word_1_43' title='bbox 101 753 182 808; x_wconf 81' lang='lat' dir='ltr'><strong>vit;</strong></span> <span class='ocrx_word' id='word_1_44' title='bbox 213 754 472 810; x_wconf 78' lang='lat' dir='ltr'><strong>cogniturus,</strong></span> <span class='ocrx_word' id='word_1_45' title='bbox 505 754 714 810; x_wconf 88' lang='lat' dir='ltr'><strong>quomodo</strong></span> <span class='ocrx_word' id='word_1_46' title='bbox 737 768 783 798; x_wconf 89' lang='lat' dir='ltr'><strong>se</strong></span> <span class='ocrx_word' id='word_1_47' title='bbox 806 755 1010 799; x_wconf 85' lang='lat' dir='ltr'><strong>haberent</strong></span> <span class='ocrx_word' id='word_1_48' title='bbox 1030 758 1134 799; x_wconf 88' lang='lat' dir='ltr'><strong>sata.</strong></span> <span class='ocrx_word' id='word_1_49' title='bbox 1183 754 1241 798; x_wconf 90' lang='lat' dir='ltr'><strong>Et</strong></span> <span class='ocrx_word' id='word_1_50' title='bbox 1262 767 1356 798; x_wconf 87' lang='lat' dir='ltr'><strong>ecce</strong></span> <span class='ocrx_word' id='word_1_51' title='bbox 1377 768 1537 810; x_wconf 79' lang='lat' dir='ltr'><strong>omnes,</strong></span> <span class='ocrx_word' id='word_1_52' title='bbox 1571 768 1675 810; x_wconf 89' lang='lat' dir='ltr'><strong>quas</strong></span> 
     </span>
     <span class='ocr_line' id='line_1_8' title="bbox 99 830 1671 889; baseline -0.003 -10"><span class='ocrx_word' id='word_1_53' title='bbox 99 830 370 889; x_wconf 75' lang='lat' dir='ltr'><strong>imperfectas</strong></span> <span class='ocrx_word' id='word_1_54' title='bbox 406 831 656 889; x_wconf 79' lang='lat' dir='ltr'><strong>reliquerat,</strong></span> <span class='ocrx_word' id='word_1_55' title='bbox 697 832 890 876; x_wconf 86' lang='lat' dir='ltr'><strong>basilicas</strong></span> <span class='ocrx_word' id='word_1_56' title='bbox 931 836 973 877; x_wconf 87' lang='lat' dir='ltr'><strong>et</strong></span> <span class='ocrx_word' id='word_1_57' title='bbox 1012 832 1209 877; x_wconf 89' lang='lat' dir='ltr'><strong>ecclesias</strong></span> <span class='ocrx_word' id='word_1_58' title='bbox 1248 832 1456 889; x_wconf 88' lang='lat' dir='ltr'><strong>perfectas</strong></span> <span class='ocrx_word' id='word_1_59' title='bbox 1497 832 1671 876; x_wconf 89' lang='lat' dir='ltr'><strong>invenit.</strong></span> 
     </span>
     <span class='ocr_line' id='line_1_9' title="bbox 100 907 1674 969; baseline -0.001 -13"><span class='ocrx_word' id='word_1_60' title='bbox 100 908 170 956; x_wconf 82' lang='lat' dir='ltr'><strong>Ad</strong></span> <span class='ocrx_word' id='word_1_61' title='bbox 206 922 312 969; x_wconf 77' lang='lat' dir='ltr'><strong>opus</strong></span> <span class='ocrx_word' id='word_1_62' title='bbox 352 923 451 966; x_wconf 85' lang='lat' dir='ltr'><strong>ergo</strong></span> <span class='ocrx_word' id='word_1_63' title='bbox 487 907 787 954; x_wconf 85' lang='lat' dir='ltr'><strong>dedicationis³</strong></span> <span class='ocrx_word' id='word_1_64' title='bbox 820 911 995 955; x_wconf 88' lang='lat' dir='ltr'><strong>devotus</strong></span> <span class='ocrx_word' id='word_1_65' title='bbox 1027 914 1070 955; x_wconf 87' lang='lat' dir='ltr'><strong>et</strong></span> <span class='ocrx_word' id='word_1_66' title='bbox 1098 911 1207 955; x_wconf 89' lang='lat' dir='ltr'><strong>letus</strong></span> <span class='ocrx_word' id='word_1_67' title='bbox 1239 910 1484 966; x_wconf 86' lang='lat' dir='ltr'><strong>accingitur.</strong></span> <span class='ocrx_word' id='word_1_68' title='bbox 1532 910 1674 967; x_wconf 90' lang='lat' dir='ltr'><strong>Atque</strong></span> 
     </span>
     <span class='ocr_line' id='line_1_10' title="bbox 99 984 1672 1046; baseline -0.001 -13"><span class='ocrx_word' id='word_1_69' title='bbox 99 987 212 1033; x_wconf 84' lang='lat' dir='ltr'><strong>inter</strong></span> <span class='ocrx_word' id='word_1_70' title='bbox 231 987 511 1042; x_wconf 80' lang='lat' dir='ltr'><strong>dedicandum</strong></span> <span class='ocrx_word' id='word_1_71' title='bbox 531 988 751 1045; x_wconf 86' lang='lat' dir='ltr'><strong>crismatis</strong></span> <span class='ocrx_word' id='word_1_72' title='bbox 764 989 962 1033; x_wconf 88' lang='lat' dir='ltr'><strong>unctione</strong></span> <span class='ocrx_word' id='word_1_73' title='bbox 993 988 1197 1046; x_wconf 88' lang='lat' dir='ltr'><strong>populum</strong></span> <span class='ocrx_word' id='word_1_74' title='bbox 1219 987 1471 1032; x_wconf 87' lang='lat' dir='ltr'><strong>confirmans</strong></span> <span class='ocrx_word' id='word_1_75' title='bbox 1481 984 1508 1044; x_wconf 83' lang='lat'><strong>⁴,</strong></span> <span class='ocrx_word' id='word_1_76' title='bbox 1543 988 1672 1032; x_wconf 88' lang='lat' dir='ltr'><strong>etiam</strong></span> 
     </span>
     <span class='ocr_line' id='line_1_11' title="bbox 100 1066 1673 1128; baseline -0.001 -18"><span class='ocrx_word' id='word_1_77' title='bbox 100 1079 228 1128; x_wconf 75' lang='lat' dir='ltr'><strong>quam</strong></span> <span class='ocrx_word' id='word_1_78' title='bbox 259 1066 464 1124; x_wconf 83' lang='lat' dir='ltr'><strong>plurimos</strong></span> <span class='ocrx_word' id='word_1_79' title='bbox 494 1066 658 1110; x_wconf 90' lang='lat' dir='ltr'><strong>invenit</strong></span> <span class='ocrx_word' id='word_1_80' title='bbox 688 1067 980 1123; x_wconf 86' lang='lat' dir='ltr'><strong>baptizandos,</strong></span> <span class='ocrx_word' id='word_1_81' title='bbox 1014 1067 1086 1123; x_wconf 90' lang='lat' dir='ltr'><strong>qui</strong></span> <span class='ocrx_word' id='word_1_82' title='bbox 1111 1066 1299 1122; x_wconf 86' lang='lat' dir='ltr'><strong>generali</strong></span> <span class='ocrx_word' id='word_1_83' title='bbox 1321 1066 1532 1124; x_wconf 88' lang='lat' dir='ltr'><strong>baptismo</strong></span> <span class='ocrx_word' id='word_1_84' title='bbox 1554 1067 1673 1123; x_wconf 89' lang='lat' dir='ltr'><strong>prius</strong></span> 
     </span>
     <span class='ocr_line' id='line_1_12' title="bbox 62 1144 1675 1202; baseline 0.001 -16"><span class='ocrx_word' id='word_1_85' title='bbox 62 1183 64 1186; x_wconf 90' lang='lat'>.</span> <span class='ocrx_word' id='word_1_86' title='bbox 99 1144 305 1190; x_wconf 84' lang='lat' dir='ltr'><strong>interesse</strong></span> <span class='ocrx_word' id='word_1_87' title='bbox 333 1157 419 1188; x_wconf 88' lang='lat' dir='ltr'><strong>non</strong></span> <span class='ocrx_word' id='word_1_88' title='bbox 450 1147 665 1202; x_wconf 84' lang='lat' dir='ltr'><strong>poterant3</strong></span> <span class='ocrx_word' id='word_1_89' title='bbox 698 1158 746 1188; x_wconf 91' lang='lat' dir='ltr'><strong>eo</strong></span> <span class='ocrx_word' id='word_1_90' title='bbox 780 1145 891 1201; x_wconf 93' lang='lat' dir='ltr'><strong>quod</strong></span> <span class='ocrx_word' id='word_1_91' title='bbox 921 1145 965 1188; x_wconf 90' lang='lat' dir='ltr'><strong>in</strong></span> <span class='ocrx_word' id='word_1_92' title='bbox 997 1145 1154 1188; x_wconf 85' lang='lat' dir='ltr'><strong>exteris</strong></span> <span class='ocrx_word' id='word_1_93' title='bbox 1186 1144 1377 1202; x_wconf 87' lang='lat' dir='ltr'><strong>partibus</strong></span> <span class='ocrx_word' id='word_1_94' title='bbox 1417 1144 1675 1202; x_wconf 88' lang='lat' dir='ltr'><strong>peregrinati</strong></span> 
     </span>
     <span class='ocr_line' id='line_1_13' title="bbox 99 1221 1675 1280; baseline -0.001 -13"><span class='ocrx_word' id='word_1_95' title='bbox 99 1222 276 1278; x_wconf 84' lang='lat' dir='ltr'><strong>negocia</strong></span> <span class='ocrx_word' id='word_1_96' title='bbox 303 1236 383 1266; x_wconf 86' lang='lat' dir='ltr'><strong>sua</strong></span> <span class='ocrx_word' id='word_1_97' title='bbox 412 1226 669 1270; x_wconf 80' lang='lat' dir='ltr'><strong>exercerent.</strong></span> <span class='ocrx_word' id='word_1_98' title='bbox 718 1222 902 1274; x_wconf 82' lang='lat' dir='ltr'><strong>Quorum</strong></span> <span class='ocrx_word' id='word_1_99' title='bbox 936 1223 1124 1280; x_wconf 87' lang='lat' dir='ltr'><strong>profecto</strong></span> <span class='ocrx_word' id='word_1_100' title='bbox 1156 1222 1355 1278; x_wconf 80' lang='lat' dir='ltr'><strong>Clodone‚</strong></span> <span class='ocrx_word' id='word_1_101' title='bbox 1394 1222 1541 1278; x_wconf 82' lang='lat' dir='ltr'><strong>Iuline‚</strong></span> <span class='ocrx_word' id='word_1_102' title='bbox 1583 1221 1675 1267; x_wconf 88' lang='lat' dir='ltr'><strong>Ste-</strong></span> 
     </span>
     <span class='ocr_line' id='line_1_14' title="bbox 99 1299 1675 1358; baseline -0.001 -13"><span class='ocrx_word' id='word_1_103' title='bbox 99 1300 188 1345; x_wconf 85' lang='lat' dir='ltr'><strong>tine</strong></span> <span class='ocrx_word' id='word_1_104' title='bbox 225 1300 414 1346; x_wconf 82' lang='lat' dir='ltr'><strong>maxima</strong></span> <span class='ocrx_word' id='word_1_105' title='bbox 450 1304 543 1345; x_wconf 85' lang='lat' dir='ltr'><strong>erat</strong></span> <span class='ocrx_word' id='word_1_106' title='bbox 581 1300 715 1357; x_wconf 88' lang='lat' dir='ltr'><strong>eopia.</strong></span> <span class='ocrx_word' id='word_1_107' title='bbox 764 1299 874 1344; x_wconf 88' lang='lat' dir='ltr'><strong>Mira</strong></span> <span class='ocrx_word' id='word_1_108' title='bbox 906 1301 1062 1358; x_wconf 91' lang='lat' dir='ltr'><strong>quippe</strong></span> <span class='ocrx_word' id='word_1_109' title='bbox 1094 1300 1318 1355; x_wconf 82' lang='lat' dir='ltr'><strong>aviditate,</strong></span> <span class='ocrx_word' id='word_1_110' title='bbox 1357 1300 1522 1356; x_wconf 88' lang='lat' dir='ltr'><strong>audito,</strong></span> <span class='ocrx_word' id='word_1_111' title='bbox 1564 1300 1675 1357; x_wconf 90' lang='lat' dir='ltr'><strong>quod</strong></span> 
     </span>
     <span class='ocr_line' id='line_1_15' title="bbox 101 1377 1674 1436; baseline -0.001 -13"><span class='ocrx_word' id='word_1_112' title='bbox 101 1378 324 1436; x_wconf 85' lang='lat' dir='ltr'><strong>episcopus</strong></span> <span class='ocrx_word' id='word_1_113' title='bbox 354 1377 409 1422; x_wconf 89' lang='lat' dir='ltr'><strong>ab</strong></span> <span class='ocrx_word' id='word_1_114' title='bbox 441 1379 502 1422; x_wconf 92' lang='lat' dir='ltr'><strong>eis</strong></span> <span class='ocrx_word' id='word_1_115' title='bbox 533 1378 749 1422; x_wconf 85' lang='lat' dir='ltr'><strong>discedere</strong></span> <span class='ocrx_word' id='word_1_116' title='bbox 772 1378 910 1435; x_wconf 80' lang='lat' dir='ltr'><strong>vellet,</strong></span> <span class='ocrx_word' id='word_1_117' title='bbox 944 1379 998 1422; x_wconf 90' lang='lat' dir='ltr'><strong>ad</strong></span> <span class='ocrx_word' id='word_1_118' title='bbox 1020 1392 1112 1422; x_wconf 92' lang='lat' dir='ltr'><strong>eum</strong></span> <span class='ocrx_word' id='word_1_119' title='bbox 1137 1377 1451 1432; x_wconf 83' lang='lat' dir='ltr'><strong>confluxerunt3</strong></span> <span class='ocrx_word' id='word_1_120' title='bbox 1484 1378 1674 1422; x_wconf 83' lang='lat' dir='ltr'><strong>infelices</strong></span> 
     </span>
     <span class='ocr_line' id='line_1_16' title="bbox 90 1456 1676 1514; baseline -0.002 -12"><span class='ocrx_word' id='word_1_121' title='bbox 90 1469 147 1503; x_wconf 70' lang='lat' dir='ltr'><strong>ee</strong></span> <span class='ocrx_word' id='word_1_122' title='bbox 176 1459 448 1514; x_wconf 81' lang='lat' dir='ltr'><strong>reputantes,</strong></span> <span class='ocrx_word' id='word_1_123' title='bbox 487 1456 639 1513; x_wconf 89' lang='lat' dir='ltr'><strong>quibus</strong></span> <span class='ocrx_word' id='word_1_124' title='bbox 671 1457 762 1500; x_wconf 90' lang='lat' dir='ltr'><strong>sine</strong></span> <span class='ocrx_word' id='word_1_125' title='bbox 793 1456 908 1500; x_wconf 91' lang='lat' dir='ltr'><strong>illius</strong></span> <span class='ocrx_word' id='word_1_126' title='bbox 939 1457 1230 1500; x_wconf 89' lang='lat' dir='ltr'><strong>benedictione</strong></span> <span class='ocrx_word' id='word_1_127' title='bbox 1261 1470 1481 1500; x_wconf 87' lang='lat' dir='ltr'><strong>remanere</strong></span> <span class='ocrx_word' id='word_1_128' title='bbox 1512 1456 1676 1500; x_wconf 88' lang='lat' dir='ltr'><strong>contin-</strong></span> 
     </span>
     <span class='ocr_line' id='line_1_17' title="bbox 99 1533 1675 1591; baseline -0.001 -12"><span class='ocrx_word' id='word_1_129' title='bbox 99 1537 231 1590; x_wconf 83' lang='lat' dir='ltr'><strong>geret.</strong></span> <span class='ocrx_word' id='word_1_130' title='bbox 290 1533 380 1587; x_wconf 82' lang='lat' dir='ltr'><strong>Que</strong></span> <span class='ocrx_word' id='word_1_131' title='bbox 415 1548 490 1588; x_wconf 81' lang='lat' dir='ltr'><strong>,res</strong></span> <span class='ocrx_word' id='word_1_132' title='bbox 527 1535 572 1577; x_wconf 88' lang='lat' dir='ltr'><strong>in</strong></span> <span class='ocrx_word' id='word_1_133' title='bbox 611 1534 787 1589; x_wconf 88' lang='lat' dir='ltr'><strong>singulis</strong></span> <span class='ocrx_word' id='word_1_134' title='bbox 826 1534 931 1578; x_wconf 86' lang='lat' dir='ltr'><strong>locis</strong></span> <span class='ocrx_word' id='word_1_135' title='bbox 971 1534 1232 1591; x_wconf 83' lang='lat' dir='ltr'><strong>aliquamdiu</strong></span> <span class='ocrx_word' id='word_1_136' title='bbox 1271 1534 1392 1578; x_wconf 89' lang='lat' dir='ltr'><strong>nobis</strong></span> <span class='ocrx_word' id='word_1_137' title='bbox 1433 1534 1675 1578; x_wconf 87' lang='lat' dir='ltr'><strong>remorandi</strong></span> 
     </span>
     <span class='ocr_line' id='line_1_18' title="bbox 100 1612 1676 1669; baseline -0.001 -13"><span class='ocrx_word' id='word_1_138' title='bbox 100 1625 230 1658; x_wconf 82' lang='lat' dir='ltr'><strong>eausa</strong></span> <span class='ocrx_word' id='word_1_139' title='bbox 257 1612 351 1657; x_wconf 85' lang='lat' dir='ltr'><strong>fuit.</strong></span> <span class='ocrx_word' id='word_1_140' title='bbox 398 1612 569 1656; x_wconf 88' lang='lat' dir='ltr'><strong>Nullam</strong></span> <span class='ocrx_word' id='word_1_141' title='bbox 602 1616 742 1656; x_wconf 86' lang='lat' dir='ltr'><strong>autem</strong></span> <span class='ocrx_word' id='word_1_142' title='bbox 775 1612 992 1656; x_wconf 82' lang='lat' dir='ltr'><strong>civitatem</strong></span> <span class='ocrx_word' id='word_1_143' title='bbox 1025 1615 1098 1656; x_wconf 90' lang='lat' dir='ltr'><strong>aut</strong></span> <span class='ocrx_word' id='word_1_144' title='bbox 1128 1612 1266 1656; x_wconf 88' lang='lat' dir='ltr'><strong>locum</strong></span> <span class='ocrx_word' id='word_1_145' title='bbox 1299 1612 1575 1669; x_wconf 81' lang='lat' dir='ltr'><strong>plantationis</strong></span> <span class='ocrx_word' id='word_1_146' title='bbox 1601 1626 1676 1656; x_wconf 88' lang='lat' dir='ltr'><strong>sue</strong></span> 
     </span>
     <span class='ocr_line' id='line_1_19' title="bbox 99 1689 1676 1748; baseline -0.001 -13"><span class='ocrx_word' id='word_1_147' title='bbox 99 1689 338 1748; x_wconf 84' lang='lat' dir='ltr'><strong>relinquere</strong></span> <span class='ocrx_word' id='word_1_148' title='bbox 375 1689 528 1746; x_wconf 85' lang='lat' dir='ltr'><strong>voluit,</strong></span> <span class='ocrx_word' id='word_1_149' title='bbox 569 1703 694 1746; x_wconf 84' lang='lat' dir='ltr'><strong>quam</strong></span> <span class='ocrx_word' id='word_1_150' title='bbox 734 1704 818 1734; x_wconf 90' lang='lat' dir='ltr'><strong>non</strong></span> <span class='ocrx_word' id='word_1_151' title='bbox 860 1691 991 1734; x_wconf 90' lang='lat' dir='ltr'><strong>semel</strong></span> <span class='ocrx_word' id='word_1_152' title='bbox 1029 1694 1102 1734; x_wconf 88' lang='lat' dir='ltr'><strong>aut</strong></span> <span class='ocrx_word' id='word_1_153' title='bbox 1140 1691 1282 1747; x_wconf 88' lang='lat' dir='ltr'><strong>sepius</strong></span> <span class='ocrx_word' id='word_1_154' title='bbox 1322 1693 1420 1734; x_wconf 88' lang='lat' dir='ltr'><strong>ante</strong></span> <span class='ocrx_word' id='word_1_155' title='bbox 1459 1691 1619 1734; x_wconf 86' lang='lat' dir='ltr'><strong>exitum</strong></span> <span class='ocrx_word' id='word_1_156' title='bbox 1652 1704 1676 1734; x_wconf 91' lang='lat' dir='ltr'><strong>a</strong></span> 
     </span>
     <span class='ocr_line' id='line_1_20' title="bbox 99 1767 1675 1816; baseline -0.002 -2"><span class='ocrx_word' id='word_1_157' title='bbox 99 1771 216 1816; x_wconf 72' lang='lat' dir='ltr'><strong>terra</strong></span> <span class='ocrx_word' id='word_1_158' title='bbox 258 1767 578 1812; x_wconf 82' lang='lat' dir='ltr'><strong>confortationis</strong></span> <span class='ocrx_word' id='word_1_159' title='bbox 626 1771 677 1811; x_wconf 90' lang='lat' dir='ltr'><strong>et.</strong></span> <span class='ocrx_word' id='word_1_160' title='bbox 717 1768 1015 1812; x_wconf 89' lang='lat' dir='ltr'><strong>consolationis</strong></span> <span class='ocrx_word' id='word_1_161' title='bbox 1063 1782 1190 1812; x_wconf 88' lang='lat' dir='ltr'><strong>causa</strong></span> <span class='ocrx_word' id='word_1_162' title='bbox 1226 1769 1441 1812; x_wconf 85' lang='lat' dir='ltr'><strong>reviseret.</strong></span> <span class='ocrx_word' id='word_1_163' title='bbox 1503 1768 1675 1812; x_wconf 88' lang='lat' dir='ltr'><strong>Talibus</strong></span> 
     </span>
     <span class='ocr_line' id='line_1_21' title="bbox 100 1846 1675 1903; baseline -0.001 -12"><span class='ocrx_word' id='word_1_164' title='bbox 100 1859 200 1902; x_wconf 81' lang='lat' dir='ltr'><strong>ergo</strong></span> <span class='ocrx_word' id='word_1_165' title='bbox 242 1846 554 1890; x_wconf 80' lang='lat' dir='ltr'><strong>visitationibus</strong></span> <span class='ocrx_word' id='word_1_166' title='bbox 594 1846 765 1901; x_wconf 85' lang='lat' dir='ltr'><strong>regione</strong></span> <span class='ocrx_word' id='word_1_167' title='bbox 803 1850 1049 1903; x_wconf 77' lang='lat' dir='ltr'><strong>peragrata,</strong></span> <span class='ocrx_word' id='word_1_168' title='bbox 1096 1847 1349 1891; x_wconf 85' lang='lat' dir='ltr'><strong>consolando</strong></span> <span class='ocrx_word' id='word_1_169' title='bbox 1389 1846 1675 1890; x_wconf 88' lang='lat' dir='ltr'><strong>confirmando</strong></span> 
     </span>
     <span class='ocr_line' id='line_1_22' title="bbox 99 1923 1674 1982; baseline 0 -14"><span class='ocrx_word' id='word_1_170' title='bbox 99 1929 227 1981; x_wconf 83' lang='lat' dir='ltr'><strong>atque</strong></span> <span class='ocrx_word' id='word_1_171' title='bbox 273 1923 495 1968; x_wconf 79' lang='lat' dir='ltr'><strong>salutando</strong></span> <span class='ocrx_word' id='word_1_172' title='bbox 541 1924 698 1967; x_wconf 88' lang='lat' dir='ltr'><strong>amicos</strong></span> <span class='ocrx_word' id='word_1_173' title='bbox 737 1925 927 1981; x_wconf 84' lang='lat' dir='ltr'><strong>patrinos</strong></span> <span class='ocrx_word' id='word_1_174' title='bbox 968 1929 1010 1968; x_wconf 90' lang='lat' dir='ltr'><strong>et</strong></span> <span class='ocrx_word' id='word_1_175' title='bbox 1047 1924 1198 1968; x_wconf 82' lang='lat' dir='ltr'><strong>filiolos</strong></span> <span class='ocrx_word' id='word_1_176' title='bbox 1236 1928 1424 1980; x_wconf 83' lang='lat' dir='ltr'><strong>nostros,</strong></span> <span class='ocrx_word' id='word_1_177' title='bbox 1475 1925 1519 1968; x_wconf 93' lang='lat' dir='ltr'><strong>in</strong></span> <span class='ocrx_word' id='word_1_178' title='bbox 1557 1925 1674 1982; x_wconf 82' lang='lat' dir='ltr'><strong>pacis</strong></span> 
     </span>
     <span class='ocr_line' id='line_1_23' title="bbox 99 2001 1674 2058; baseline -0.001 -11"><span class='ocrx_word' id='word_1_179' title='bbox 99 2001 242 2047; x_wconf 87' lang='lat' dir='ltr'><strong>osculo</strong></span> <span class='ocrx_word' id='word_1_180' title='bbox 263 2002 501 2046; x_wconf 88' lang='lat' dir='ltr'><strong>dimisimus</strong></span> <span class='ocrx_word' id='word_1_181' title='bbox 535 2015 604 2046; x_wconf 92' lang='lat' dir='ltr'><strong>eos</strong></span> <span class='ocrx_word' id='word_1_182' title='bbox 637 2005 680 2046; x_wconf 91' lang='lat' dir='ltr'><strong>et</strong></span> <span class='ocrx_word' id='word_1_183' title='bbox 700 2002 864 2046; x_wconf 88' lang='lat' dir='ltr'><strong>dimissi</strong></span> <span class='ocrx_word' id='word_1_184' title='bbox 895 2016 1054 2058; x_wconf 85' lang='lat' dir='ltr'><strong>sumus,</strong></span> <span class='ocrx_word' id='word_1_185' title='bbox 1086 2002 1271 2046; x_wconf 85' lang='lat' dir='ltr'><strong>lacrimis</strong></span> <span class='ocrx_word' id='word_1_186' title='bbox 1297 2006 1339 2046; x_wconf 90' lang='lat' dir='ltr'><strong>et</strong></span> <span class='ocrx_word' id='word_1_187' title='bbox 1362 2002 1588 2057; x_wconf 87' lang='lat' dir='ltr'><strong>gemitibus</strong></span> <span class='ocrx_word' id='word_1_188' title='bbox 1611 2003 1674 2046; x_wconf 92' lang='lat' dir='ltr'><strong>di-</strong></span> 
     </span>
     <span class='ocr_line' id='line_1_24' title="bbox 99 2079 1673 2137; baseline -0.001 -12"><span class='ocrx_word' id='word_1_189' title='bbox 99 2079 303 2125; x_wconf 87' lang='lat' dir='ltr'><strong>vulsionis</strong></span> <span class='ocrx_word' id='word_1_190' title='bbox 335 2079 523 2124; x_wconf 89' lang='lat' dir='ltr'><strong>dolorem</strong></span> <span class='ocrx_word' id='word_1_191' title='bbox 555 2083 782 2136; x_wconf 91' lang='lat' dir='ltr'><strong>utrumque</strong></span> <span class='ocrx_word' id='word_1_192' title='bbox 812 2083 1110 2137; x_wconf 83' lang='lat' dir='ltr'><strong>temperantes.</strong></span> <span class='ocrx_word' id='word_1_193' title='bbox 1152 2079 1396 2124; x_wconf 87' lang='lat' dir='ltr'><strong>Multotiens</strong></span> <span class='ocrx_word' id='word_1_194' title='bbox 1428 2081 1557 2124; x_wconf 87' lang='lat' dir='ltr'><strong>etiam</strong></span> <span class='ocrx_word' id='word_1_195' title='bbox 1584 2084 1673 2124; x_wconf 89' lang='lat' dir='ltr'><strong>toto</strong></span> 
     </span>
     <span class='ocr_line' id='line_1_25' title="bbox 99 2158 1672 2215; baseline -0.001 -12"><span class='ocrx_word' id='word_1_196' title='bbox 99 2158 320 2203; x_wconf 78' lang='lat' dir='ltr'><strong>conamine</strong></span> <span class='ocrx_word' id='word_1_197' title='bbox 350 2171 428 2202; x_wconf 89' lang='lat' dir='ltr'><strong>nos</strong></span> <span class='ocrx_word' id='word_1_198' title='bbox 459 2158 615 2213; x_wconf 88' lang='lat' dir='ltr'><strong>iugiter</strong></span> <span class='ocrx_word' id='word_1_199' title='bbox 647 2158 760 2214; x_wconf 88' lang='lat' dir='ltr'><strong>apud</strong></span> <span class='ocrx_word' id='word_1_200' title='bbox 792 2172 837 2202; x_wconf 88' lang='lat' dir='ltr'><strong>se</strong></span> <span class='ocrx_word' id='word_1_201' title='bbox 868 2159 1051 2203; x_wconf 88' lang='lat' dir='ltr'><strong>retinere</strong></span> <span class='ocrx_word' id='word_1_202' title='bbox 1082 2158 1231 2214; x_wconf 79' lang='lat' dir='ltr'><strong>moliti,</strong></span> <span class='ocrx_word' id='word_1_203' title='bbox 1267 2158 1485 2203; x_wconf 89' lang='lat' dir='ltr'><strong>dominum</strong></span> <span class='ocrx_word' id='word_1_204' title='bbox 1517 2172 1672 2215; x_wconf 86' lang='lat' dir='ltr'><strong>meum,</strong></span> 
     </span>
     <span class='ocr_line' id='line_1_26' title="bbox 98 2235 1673 2293; baseline -0.001 -13"><span class='ocrx_word' id='word_1_205' title='bbox 98 2239 148 2280; x_wconf 89' lang='lat' dir='ltr'><strong>ut</strong></span> <span class='ocrx_word' id='word_1_206' title='bbox 177 2236 466 2293; x_wconf 70' lang='lat' dir='ltr'><strong>episcopatum</strong></span> <span class='ocrx_word' id='word_1_207' title='bbox 498 2237 556 2281; x_wconf 91' lang='lat' dir='ltr'><strong>ibi</strong></span> <span class='ocrx_word' id='word_1_208' title='bbox 589 2236 866 2292; x_wconf 83' lang='lat' dir='ltr'><strong>gubernaret,</strong></span> <span class='ocrx_word' id='word_1_209' title='bbox 900 2236 1196 2280; x_wconf 88' lang='lat' dir='ltr'><strong>ardentissime</strong></span> <span class='ocrx_word' id='word_1_210' title='bbox 1227 2235 1447 2292; x_wconf 84' lang='lat' dir='ltr'><strong>rogabant,</strong></span> <span class='ocrx_word' id='word_1_211' title='bbox 1481 2250 1526 2280; x_wconf 91' lang='lat' dir='ltr'><strong>se</strong></span> <span class='ocrx_word' id='word_1_212' title='bbox 1557 2237 1673 2293; x_wconf 86' lang='lat' dir='ltr'><strong>ipsos</strong></span> 
     </span>
     <span class='ocr_line' id='line_1_27' title="bbox 99 2313 1672 2371; baseline 0 -14"><span class='ocrx_word' id='word_1_213' title='bbox 99 2316 143 2357; x_wconf 86' lang='lat' dir='ltr'><strong>et</strong></span> <span class='ocrx_word' id='word_1_214' title='bbox 179 2327 257 2358; x_wconf 78' lang='lat' dir='ltr'><strong>sua</strong></span> <span class='ocrx_word' id='word_1_215' title='bbox 292 2313 406 2364; x_wconf 84' lang='lat' dir='ltr'><strong>illius</strong></span> <span class='ocrx_word' id='word_1_216' title='bbox 447 2315 598 2358; x_wconf 88' lang='lat' dir='ltr'><strong>ditioni</strong></span> <span class='ocrx_word' id='word_1_217' title='bbox 639 2314 800 2358; x_wconf 89' lang='lat' dir='ltr'><strong>servire</strong></span> <span class='ocrx_word' id='word_1_218' title='bbox 838 2313 1097 2371; x_wconf 86' lang='lat' dir='ltr'><strong>pollicentes.</strong></span> <span class='ocrx_word' id='word_1_219' title='bbox 1161 2314 1218 2358; x_wconf 91' lang='lat' dir='ltr'><strong>Et</strong></span> <span class='ocrx_word' id='word_1_220' title='bbox 1258 2317 1306 2357; x_wconf 82' lang='lat' dir='ltr'><strong>ut</strong></span> <span class='ocrx_word' id='word_1_221' title='bbox 1336 2327 1483 2357; x_wconf 90' lang='lat' dir='ltr'><strong>verum</strong></span> <span class='ocrx_word' id='word_1_222' title='bbox 1521 2314 1672 2370; x_wconf 82' lang='lat' dir='ltr'><strong>fatear,</strong></span> 
     </span>
     <span class='ocr_line' id='line_1_28' title="bbox 98 2391 1674 2450; baseline 0.001 -15"><span class='ocrx_word' id='word_1_223' title='bbox 98 2394 218 2436; x_wconf 84' lang='lat' dir='ltr'><strong>tanto</strong></span> <span class='ocrx_word' id='word_1_224' title='bbox 249 2405 393 2437; x_wconf 85' lang='lat' dir='ltr'><strong>amore</strong></span> <span class='ocrx_word' id='word_1_225' title='bbox 424 2406 498 2437; x_wconf 89' lang='lat' dir='ltr'><strong>sue</strong></span> <span class='ocrx_word' id='word_1_226' title='bbox 530 2392 806 2450; x_wconf 87' lang='lat' dir='ltr'><strong>plantationis</strong></span> <span class='ocrx_word' id='word_1_227' title='bbox 835 2391 1043 2447; x_wconf 87' lang='lat' dir='ltr'><strong>flagrabat</strong></span> <span class='ocrx_word' id='word_1_228' title='bbox 1075 2393 1311 2449; x_wconf 83' lang='lat' dir='ltr'><strong>episcopus,</strong></span> <span class='ocrx_word' id='word_1_229' title='bbox 1345 2391 1456 2447; x_wconf 91' lang='lat' dir='ltr'><strong>quod</strong></span> <span class='ocrx_word' id='word_1_230' title='bbox 1480 2391 1674 2436; x_wconf 83' lang='lat' dir='ltr'><strong>volunta-</strong></span> 
     </span>
     <span class='ocr_line' id='line_1_29' title="bbox 99 2469 1673 2528; baseline -0.001 -14"><span class='ocrx_word' id='word_1_231' title='bbox 99 2472 184 2514; x_wconf 83' lang='lat' dir='ltr'><strong>tem</strong></span> <span class='ocrx_word' id='word_1_232' title='bbox 215 2469 452 2527; x_wconf 83' lang='lat' dir='ltr'><strong>plenariam</strong></span> <span class='ocrx_word' id='word_1_233' title='bbox 483 2470 597 2528; x_wconf 90' lang='lat' dir='ltr'><strong>apud</strong></span> <span class='ocrx_word' id='word_1_234' title='bbox 629 2484 700 2514; x_wconf 89' lang='lat' dir='ltr'><strong>eos</strong></span> <span class='ocrx_word' id='word_1_235' title='bbox 732 2470 977 2514; x_wconf 90' lang='lat' dir='ltr'><strong>remanendi</strong></span> <span class='ocrx_word' id='word_1_236' title='bbox 1009 2470 1204 2524; x_wconf 85' lang='lat' dir='ltr'><strong>haberet3</strong></span> <span class='ocrx_word' id='word_1_237' title='bbox 1237 2469 1311 2513; x_wconf 87' lang='lat' dir='ltr'><strong>sed</strong></span> <span class='ocrx_word' id='word_1_238' title='bbox 1344 2482 1368 2512; x_wconf 86' lang='lat' dir='ltr'><strong>a</strong></span> <span class='ocrx_word' id='word_1_239' title='bbox 1391 2469 1553 2513; x_wconf 89' lang='lat' dir='ltr'><strong>clericis</strong></span> <span class='ocrx_word' id='word_1_240' title='bbox 1586 2470 1673 2513; x_wconf 89' lang='lat' dir='ltr'><strong>suis</strong></span> 
     </span>
     <span class='ocr_line' id='line_1_30' title="bbox 99 2546 424 2592; baseline 0 -1"><span class='ocrx_word' id='word_1_241' title='bbox 99 2546 316 2591; x_wconf 83' lang='lat' dir='ltr'><strong>dissuasus</strong></span> <span class='ocrx_word' id='word_1_242' title='bbox 347 2551 424 2592; x_wconf 88' lang='lat' dir='ltr'><strong>est.</strong></span> 
     </span>
    </p>

    <p class='ocr_par' dir='ltr' id='par_1_4' title="bbox 99 2624 1673 2902">
     <span class='ocr_line' id='line_1_31' title="bbox 218 2624 1671 2682; baseline -0.001 -14"><span class='ocrx_word' id='word_1_243' title='bbox 218 2626 290 2669; x_wconf 91' lang='lat'><strong>41.</strong></span> <span class='ocrx_word' id='word_1_244' title='bbox 339 2625 536 2670; x_wconf 87' lang='lat' dir='ltr'><strong>Tiemo:</strong></span> <span class='ocrx_word' id='word_1_245' title='bbox 569 2626 626 2669; x_wconf 91' lang='lat' dir='ltr'><strong>Ut</strong></span> <span class='ocrx_word' id='word_1_246' title='bbox 646 2625 768 2669; x_wconf 91' lang='lat' dir='ltr'><strong>video</strong></span> <span class='ocrx_word' id='word_1_247' title='bbox 799 2626 977 2682; x_wconf 88' lang='lat' dir='ltr'><strong>inquit</strong></span> <span class='ocrx_word' id='word_1_248' title='bbox 1001 2628 1074 2668; x_wconf 88' lang='lat' dir='ltr'><strong>tua</strong></span> <span class='ocrx_word' id='word_1_249' title='bbox 1094 2624 1283 2667; x_wconf 85' lang='lat' dir='ltr'><strong>narratio</strong></span> <span class='ocrx_word' id='word_1_250' title='bbox 1313 2624 1366 2668; x_wconf 86' lang='lat' dir='ltr'><strong>ad</strong></span> <span class='ocrx_word' id='word_1_251' title='bbox 1387 2624 1531 2668; x_wconf 90' lang='lat' dir='ltr'><strong>sedem</strong></span> <span class='ocrx_word' id='word_1_252' title='bbox 1553 2637 1671 2668; x_wconf 85' lang='lat' dir='ltr'><strong>suam</strong></span> 
     </span>
     <span class='ocr_line' id='line_1_32' title="bbox 99 2702 1673 2759; baseline -0.001 -12"><span class='ocrx_word' id='word_1_253' title='bbox 99 2702 298 2747; x_wconf 86' lang='lat' dir='ltr'><strong>reducere</strong></span> <span class='ocrx_word' id='word_1_254' title='bbox 329 2703 419 2747; x_wconf 86' lang='lat' dir='ltr'><strong>vult</strong></span> <span class='ocrx_word' id='word_1_255' title='bbox 440 2703 637 2747; x_wconf 87' lang='lat' dir='ltr'><strong>Ottonem</strong></span> <span class='ocrx_word' id='word_1_256' title='bbox 668 2706 872 2746; x_wconf 91' lang='lat' dir='ltr'><strong>nostrum.</strong></span> <span class='ocrx_word' id='word_1_257' title='bbox 924 2702 1008 2746; x_wconf 91' lang='lat' dir='ltr'><strong>Sed</strong></span> <span class='ocrx_word' id='word_1_258' title='bbox 1039 2702 1091 2745; x_wconf 91' lang='lat' dir='ltr'><strong>de</strong></span> <span class='ocrx_word' id='word_1_259' title='bbox 1122 2702 1256 2759; x_wconf 88' lang='lat' dir='ltr'><strong>ipsius</strong></span> <span class='ocrx_word' id='word_1_260' title='bbox 1286 2706 1412 2758; x_wconf 82' lang='lat' dir='ltr'><strong>terre,</strong></span> <span class='ocrx_word' id='word_1_261' title='bbox 1446 2716 1571 2758; x_wconf 87' lang='lat' dir='ltr'><strong>quam</strong></span> <span class='ocrx_word' id='word_1_262' title='bbox 1602 2702 1673 2746; x_wconf 90' lang='lat' dir='ltr'><strong>de-</strong></span> 
     </span>
     <span class='ocr_line' id='line_1_33' title="bbox 99 2779 1672 2838; baseline -0.001 -14"><span class='ocrx_word' id='word_1_263' title='bbox 99 2781 228 2836; x_wconf 86' lang='lat' dir='ltr'><strong>seris,</strong></span> <span class='ocrx_word' id='word_1_264' title='bbox 267 2781 554 2838; x_wconf 85' lang='lat' dir='ltr'><strong>oportunitate</strong></span> <span class='ocrx_word' id='word_1_265' title='bbox 586 2780 651 2824; x_wconf 88' lang='lat' dir='ltr'><strong>vel</strong></span> <span class='ocrx_word' id='word_1_266' title='bbox 680 2780 938 2824; x_wconf 88' lang='lat' dir='ltr'><strong>fecunditate</strong></span> <span class='ocrx_word' id='word_1_267' title='bbox 971 2779 1117 2823; x_wconf 91' lang='lat' dir='ltr'><strong>vellem</strong></span> <span class='ocrx_word' id='word_1_268' title='bbox 1152 2779 1312 2836; x_wconf 90' lang='lat' dir='ltr'><strong>aliquid</strong></span> <span class='ocrx_word' id='word_1_269' title='bbox 1344 2779 1518 2824; x_wconf 88' lang='lat' dir='ltr'><strong>diceres.</strong></span> <span class='ocrx_word' id='word_1_270' title='bbox 1569 2779 1672 2823; x_wconf 91' lang='lat' dir='ltr'><strong>Pos-</strong></span> 
     </span>
     <span class='ocr_line' id='line_1_34' title="bbox 100 2858 722 2902; baseline -0.003 0"><span class='ocrx_word' id='word_1_271' title='bbox 100 2862 248 2902; x_wconf 90' lang='lat' dir='ltr'><strong>sentne</strong></span> <span class='ocrx_word' id='word_1_272' title='bbox 279 2858 366 2902; x_wconf 90' lang='lat' dir='ltr'><strong>illic</strong></span> <span class='ocrx_word' id='word_1_273' title='bbox 398 2872 489 2902; x_wconf 90' lang='lat' dir='ltr'><strong>esse</strong></span> <span class='ocrx_word' id='word_1_274' title='bbox 521 2858 722 2902; x_wconf 83' lang='lat' dir='ltr'><strong>cenobia?</strong></span> 
     </span>
    </p>
   </div>
   <div class='ocr_carea' id='block_1_3' title="bbox 99 2963 1669 3060">
    <p class='ocr_par' dir='ltr' id='par_1_5' title="bbox 99 2963 1669 3060">
     <span class='ocr_line' id='line_1_35' title="bbox 196 2963 1669 3008; baseline -0.001 -9"><span class='ocrx_word' id='word_1_275' title='bbox 196 2964 229 2999; x_wconf 93' lang='lat'><strong>1.</strong></span> <span class='ocrx_word' id='word_1_276' title='bbox 255 2966 340 3000; x_wconf 80' lang='lat' dir='ltr'><strong>ante</strong></span> <span class='ocrx_word' id='word_1_277' title='bbox 365 2963 401 2999; x_wconf 92' lang='lat' dir='ltr'><strong>d.</strong></span> <span class='ocrx_word' id='word_1_278' title='bbox 420 2965 466 3000; x_wconf 89' lang='lat'><strong>22</strong></span> <span class='ocrx_word' id='word_1_279' title='bbox 488 2964 594 3000; x_wconf 89' lang='lat' dir='ltr'><strong>Mart.</strong></span> <span class='ocrx_word' id='word_1_280' title='bbox 614 2963 717 2999; x_wconf 88' lang='lat'>1125.</span> <span class='ocrx_word' id='word_1_281' title='bbox 879 2964 912 2999; x_wconf 88' lang='lat'><strong>2.</strong></span> <span class='ocrx_word' id='word_1_282' title='bbox 943 2963 981 2998; x_wconf 90' lang='lat' dir='ltr'><strong>in</strong></span> <span class='ocrx_word' id='word_1_283' title='bbox 1007 2972 1122 2999; x_wconf 83' lang='lat' dir='ltr'><strong>coena</strong></span> <span class='ocrx_word' id='word_1_284' title='bbox 1146 2963 1292 3000; x_wconf 88' lang='lat' dir='ltr'><strong>Domini</strong></span> <span class='ocrx_word' id='word_1_285' title='bbox 1327 2964 1393 3008; x_wconf 82' lang='lat'><strong>(26</strong></span> <span class='ocrx_word' id='word_1_286' title='bbox 1418 2963 1522 2999; x_wconf 85' lang='lat' dir='ltr'><strong>Mart.</strong></span> <span class='ocrx_word' id='word_1_287' title='bbox 1543 2963 1669 3006; x_wconf 90' lang='lat'>1125).</span> 
     </span>
     <span class='ocr_line' id='line_1_36' title="bbox 99 3021 1534 3060; baseline -0.001 -1"><span class='ocrx_word' id='word_1_288' title='bbox 99 3023 134 3059; x_wconf 87' lang='lat'><strong>3.</strong></span> <span class='ocrx_word' id='word_1_289' title='bbox 159 3023 407 3060; x_wconf 85' lang='lat' dir='ltr'><strong>ecelesiarum.</strong></span> <span class='ocrx_word' id='word_1_290' title='bbox 551 3023 586 3059; x_wconf 86' lang='lat'><strong>4.</strong></span> <span class='ocrx_word' id='word_1_291' title='bbox 620 3021 675 3059; x_wconf 82' lang='lat' dir='ltr'><strong>Of.</strong></span> <span class='ocrx_word' id='word_1_292' title='bbox 697 3022 910 3059; x_wconf 83' lang='lat' dir='ltr'><strong>Pontificale</strong></span> <span class='ocrx_word' id='word_1_293' title='bbox 934 3023 1158 3060; x_wconf 85' lang='lat' dir='ltr'><strong>Romanum:</strong></span> <span class='ocrx_word' id='word_1_294' title='bbox 1183 3024 1240 3060; x_wconf 86' lang='lat' dir='ltr'><strong>De</strong></span> <span class='ocrx_word' id='word_1_295' title='bbox 1265 3022 1534 3060; x_wconf 82' lang='lat' dir='ltr'><strong>confirmandis.</strong></span> 
     </span>
    </p>
   </div>
   <div class='ocr_carea' id='block_1_4' title="bbox 1306 3089 1386 3125">
    <p class='ocr_par' dir='ltr' id='par_1_6' title="bbox 1306 3089 1386 3125">
     <span class='ocr_line' id='line_1_37' title="bbox 1306 3089 1386 3125; baseline -0.013 0"><span class='ocrx_word' id='word_1_296' title='bbox 1306 3089 1386 3125; x_wconf 69' lang='lat'><strong>50*</strong></span> 
     </span>
    </p>
   </div>
   <div class='ocr_carea' id='block_1_5' title="bbox 1702 376 1793 412">
    <p class='ocr_par' dir='ltr' id='par_1_7' title="bbox 1702 376 1793 412">
     <span class='ocr_line' id='line_1_38' title="bbox 1702 376 1793 412; baseline 0.011 -1"><span class='ocrx_word' id='word_1_297' title='bbox 1702 376 1793 412; x_wconf 87' lang='lat'>1125</span> 
     </span>
    </p>
   </div>
   <div class='ocr_carea' id='block_1_6' title="bbox 1698 2015 1859 2046">
    <p class='ocr_par' dir='ltr' id='par_1_8' title="bbox 1698 2015 1859 2046">
     <span class='ocr_line' id='line_1_39' title="bbox 1698 2015 1859 2046; baseline 0.006 -1"><span class='ocrx_word' id='word_1_298' title='bbox 1698 2024 1723 2045; x_wconf 87' lang='lat' dir='ltr'><strong>c.</strong></span> <span class='ocrx_word' id='word_1_299' title='bbox 1739 2015 1826 2046; x_wconf 82' lang='lat' dir='ltr'><strong>Febr.</strong></span> <span class='ocrx_word' id='word_1_300' title='bbox 1841 2018 1859 2046; x_wconf 90' lang='lat'>2</span> 
     </span>
    </p>
   </div>
  </div>
 </body>
</html>
