2028 3438
626 262 691 294 nx
720 260 944 294 namoms
975 261 1114 293 mmo
1573 250 1656 294 541

54 423 59 426 μ
89 368 208 413 Nam
242 369 364 427 ‘ipsos'
389 383 556 426 >paucos
596 370 815 426 scm'ptoris
850 370 981 426 florea
1014 371 1374 426 praetermittens,
1414 370 1662 413 nonnullam

77 445 340 504 foliawram
377 446 728 504 Bamberyenaem
766 447 894 490 simul
929 461 1024 490 cum
1059 446 1279 502 fructibus
1318 446 1584 502 Auyustanz's
1626 456 1663 490 et

89 523 449 581 andmfeneibus
479 526 723 581 promiscue
762 524 940 568 devulsit
978 538 1150 581 eamque
1175 523 1452 580 far-rapinem
1489 525 1563 567 8αό
1596 525 1660 567 hie

89 601 248 645 &mlta-.-
278 601 380 654 „Essc
399 601 740 659 chronoqraphia
760 601 1011 646 Heimoniffl
1036 610 1074 645 et
1094 600 1314 654 „Annales
1336 602 1658 658 Babenberycn-

89 678 183 723 cest
210 678 391 737 protulit
403 675 426 722 ¹.
1179 696 1182 699 ·

209 757 305 800 Hoc
334 757 424 800 loco
445 765 584 800 autem
611 757 660 799 id
680 757 787 800 mihi
805 758 1078 814 spectandum
1099 772 1184 800 8888
1206 758 1375 815 putavi,
1408 765 1467 811 ut,
1494 772 1660 815 propo-

89 835 182 878 aitis
211 834 299 878 illis
331 849 440 892 quae
467 836 662 892 superius
691 836 883 878 recensui
911 835 1013 878 libri
1041 835 1264 892 capitibus,
1299 850 1349 878 ex
1369 837 1581 878 memoriis
1603 836 1661 878 ad

89 912 227 970 cyclos
257 913 468 956 adiunctis
499 926 568 955 cas
601 914 770 956 omnino
801 914 1075 970 impressione
1105 913 1257 969 diqnae
1282 913 1517 970 cleliyerem,
1553 927 1660 969 quae

88 990 206 1044 milti,
238 1004 441 1033 manuum
470 991 712 1034 vam‘etatcm
743 992 986 1048 respicienti
1014 991 1256 1048 codicesque
1285 993 1394 1034 inter
1414 1006 1457 1033 ee
1488 1006 1658 1048 compa-

86 1069 216 1122 ranti,
250 1075 287 1112 et
316 1067 369 1112 ab
400 1069 495 1126 ipso
526 1067 731 1112 Heimone
762 1078 800 1112 et
827 1078 925 1126 post
954 1071 1042 1112 eius
1073 1076 1246 1112 mortem
1277 1085 1304 1112 a
1331 1069 1657 1126 Bamberyensi-

88 1145 164 1189 bue
193 1146 376 1204 ccm'ptae
405 1161 490 1189 esce
517 1147 770 1189 viderentur.

206 1223 406 1268 Berolini
432 1223 489 1268 11
521 1224 620 1267 Kal.
646 1224 894 1268 Decembres
926 1224 1056 1268 1868.

403 1394 721 1440 PRAEFATIO
763 1395 980 1440 PRIORIS
1026 1395 1344 1440 EDITIONIS³.

742 1473 1007 1529 Prologus.

209 1548 519 1607 Meministine⁹
557 1543 690 1595 frater
720 1555 762 1595 et
792 1551 1096 1609 compresbiter
1131 1551 1177 1594 in
1209 1551 1375 1596 Christo
1407 1551 1502 1595 Iesu
1532 1551 1660 1595 dilec-
1686 1561 1780 1597 1135

85 1622 250 1677 tissime
269 1626 548 1685 Burcharde’,
579 1630 928 1686 compotistarum
948 1629 1084 1673 nostri
1105 1630 1308 1687 temporis
1335 1629 1657 1685 studiosissime,

86 1707 259 1749 mutuae
288 1708 332 1750 et
359 1706 592 1763 frequentis
623 1720 700 1751 nec
719 1721 805 1750 non
825 1707 1048 1751 familiaris
1068 1711 1238 1752 nostrae
1259 1708 1524 1752 collationis?
1571 1707 1659 1751 Me-

85 1782 322 1840 ministine,
361 1784 556 1841 inquam,
597 1799 723 1841 quam
765 1799 865 1843 sepe
903 1785 1064 1829 turbati
1103 1799 1248 1829 sumus
1284 1790 1326 1830 et
1356 1787 1575 1842 conquesti
1607 1786 1658 1830 de

85 1861 264 1918 regulis,
301 1876 405 1919 quas
437 1863 630 1918 magistri
660 1863 795 1906 nostri
826 1863 1100 1908 calculatores
1132 1868 1174 1907 et
1204 1864 1343 1908 verbis
1375 1865 1496 1908 nobis
1527 1864 1659 1908 tradi-

86 1938 240 1984 derunt
276 1943 319 1984 et
348 1940 517 1998 scriptis
555 1940 835 1996 reliquerunt3
877 1942 1038 1986 scilicet
1068 1942 1120 1986 de
1155 1943 1419 1986 inveniendis
1452 1943 1574 1985 annis
1606 1942 1659 1985 ab

85 2003 375 2062 incarnatione
405 2017 579 2062 Domini
609 2032 687 2063 nec
716 2032 801 2062 non
834 2019 886 2063 ab
918 2020 1079 2075 origine
1111 2020 1279 2063 mundi:
1321 2021 1433 2076 quod
1463 2020 1660 2063 videlicet

87 2093 174 2139 sint
210 2095 338 2139 nimis
375 2095 604 2154 perplexae
644 2097 697 2140 ad
736 2096 1085 2152 intellegendum3
1133 2102 1175 2142 et
1219 2098 1389 2142 tandem
1433 2101 1657 2155 postquam

86 2171 300 2217 discussae
331 2177 374 2217 et
402 2174 573 2231 perviae
605 2175 690 2218 sint
719 2174 965 2231 intellectui,
998 2175 1237 2219 nullatenus
1262 2179 1406 2219 tamen
1430 2180 1659 2219 consonent

87 2250 354 2306 euangelicae
376 2252 545 2296 veritati
567 2256 609 2296 et
629 2252 859 2297 catholicae
890 2253 988 2298 fidei
1010 2257 1052 2298 et
1072 2253 1379 2309 ecclesiasticae
1408 2253 1657 2298 assertioni?

86 2328 196 2373 sicut
224 2329 303 2373 tibi
332 2329 600 2374 notissimum
641 2334 683 2374 et
720 2331 1063 2388 probatissimum
1098 2336 1162 2376 est
1193 2335 1235 2376 et
1265 2331 1436 2375 cuilibet
1467 2332 1657 2375 animad-

86 2409 250 2451 vertere
280 2406 436 2451 volenti
468 2411 613 2465 patere
644 2409 813 2466 poterit.
1044 2419 1061 2441 ·

185 2498 212 2520 ιι.
244 2499 283 2521 ex
304 2490 334 2520 A
352 2488 416 2530 fol.
432 2492 479 2521 18.

182 2542 214 2578 1.
240 2542 318 2579 Nec
339 2541 435 2578 vidit
458 2543 639 2590 pertzius,
671 2544 885 2580 Heimonem
912 2554 957 2580 ex
983 2544 1139 2580 ecclesia
1165 2544 1201 2581 S.
1220 2544 1344 2581 Iacobi
1375 2554 1418 2581 ac
1444 2555 1516 2581 non
1546 2555 1592 2581 ex
1618 2545 1655 2582 S.

85 2584 271 2638 Michaelis
296 2601 473 2638 coenobio
496 2601 622 2638 fuisse.
743 2605 776 2640 2.
810 2604 894 2640 Fuit
916 2604 1150 2640 Burehardus
1174 2604 1368 2651 presbyter
1393 2608 1430 2640 et
1454 2605 1655 2641 monachus

86 2658 124 2696 S.
150 2660 336 2698 Michaelis
371 2661 654 2708 Bambergensis
700 2664 757 2706 (v.
790 2662 1056 2700 Praefationem
1094 2663 1264 2700 editionis
1307 2665 1520 2710 posterioris
1562 2664 1656 2701 infra

83 2729 121 2765 p.
140 2720 228 2756 543:
263 2720 352 2767 „Ad
383 2719 532 2757 fratrem
563 2725 600 2758 et
631 2723 971 2770 compresbyterum
997 2723 1247 2760 Burchardum
1280 2724 1497 2761 monachum
1528 2724 1565 2761 S.
1590 2725 1655 2760 Mi-

86 2777 250 2815 chaelis“
277 2782 383 2824 cet.).
427 2780 505 2817 Nec
530 2781 681 2818 dubium
707 2786 781 2829 est,
808 2783 895 2829 quin
920 2782 1017 2818 idem
1044 2781 1171 2830 fuerit,
1200 2794 1308 2830 quem
1334 2785 1470 2831 scimus
1496 2784 1655 2830 priorem

86 2836 123 2875 S.
141 2837 326 2875 Michaelis
358 2843 541 2877 mortuum
573 2851 655 2877 esse
680 2841 714 2877 d.
738 2842 782 2878 14
807 2841 906 2888 Sept.
927 2843 1029 2878 1149.
1075 2841 1136 2878 Sic
1169 2843 1263 2879 enim
1297 2847 1354 2880 est
1385 2836 1421 2879 in
1446 2844 1656 2889 necrologio

86 2895 124 2934 S.
147 2897 333 2935 Michaelis
363 2899 511 2936 Bamb.:
546 2901 620 2947 „18
645 2901 691 2937 K.
710 2900 788 2937 Oct.
814 2901 1056 2938 Ellenhardus
1086 2902 1185 2948 prior
1211 2904 1320 2949 1127,
1353 2906 1390 2939 et
1421 2902 1656 2939 Burchardus

85 2956 183 3003 prior
201 2957 292 2994 1149
317 2957 521 3006 presbyteri
548 2963 585 2995 et
611 2971 706 2996 mon.
725 2972 759 2996 n.
778 2971 951 3007 congreg,
997 2961 1071 2997 Hii
1098 2961 1266 2998 multos
1297 2962 1440 2999 libros
1472 2973 1656 3010 compa-

86 3021 307 3054 raverunt
338 3018 441 3055 huic
474 3019 775 3056 aecclesiae“.
