2028 3438
236 374 329 410 1130

199 432 224 453 c.
240 423 309 454 Mai.
322 423 358 452 11

226 763 313 793 Febr.
327 764 367 793 14

228 1990 316 2020 Febr.
328 1991 367 2021 15

229 2226 317 2256 Febr.
330 2227 368 2257 16

386 246 477 290 430
901 257 1121 289 nmmum
1151 257 1320 289 connx.
1367 254 1436 289 248

386 363 630 418 ligiosorum
662 363 849 406 virorum
885 362 1105 407 devotione
1144 362 1314 405 domina
1351 362 1406 405 sit
1442 374 1527 405 non
1551 361 1677 405 'urbis
1715 360 1944 421 sedai-lbi&

387 439 444 483 Et
475 454 524 483 ea
554 441 820 494 consistente,
852 443 1002 483 cuncta
1032 446 1235 495 prospere
1267 438 1522 492 consistunt3
1554 450 1686 493 eaque
1710 436 1946 492 deficiens,

388 519 538 560 cuncta
575 517 848 561 invalescunt.
911 516 968 560 Et
1007 517 1116 559 sicut
1155 515 1280 559 altius
1321 514 1506 569 excellit,
1538 514 1608 558 'sic
1644 516 1867 570 ventorum·
1879 526 1948 574 1189

387 597 686 650 tempestatum
717 593 984 651 tyrannidem
1014 592 1178 636 facilius
1210 606 1235 635 a
1256 605 1300 635 se
1329 591 1518 648 repellit3
1549 593 1592 634 'et
1620 594 1780 647 quanto
1794 600 1947 637 ,retum

388 671 696 715 mundanarum
726 670 894 714 turbine
925 672 1241 725 conquassatur,
1273 671 1391 712 tanto
1421 667 1600 711 lucidius
1630 664 1908 724 purificatum

507 748 662 792 Beatae
678 772 683 776 ·
700 748 830 802 igitur
867 746 1095 790 memoriae
1131 759 1242 802 papa
1274 745 1494 798 H(onorio)
1526 744 1808 805 migrante'fet
1835 742 1948 791 viam

388 809 611 869 univers-ae
641 828 780 868 terrae
811 823 1085 878 ingrediente,
1117 835 1194 864 nos
1226 822 1412 878 episcopi
1443 825 1485 864 et
1515 819 1948 882 cardinalesssssicrego-

389 902 516 956 rium)
549 901 803 945 cardinalem
828 900 1050 944 diaconum
1073 898 1216 942 Sancti
1236 899 1402 954 Angeli,
1433 898 1571 942 virum
1590 898 1828 954 honestum,
1858 911 1948 941 mo-

388 979 505 1023 ribus
537 978 829 1034 compositum,
861 976 951 1020 Deo
973 976 1192 1031 Deumque
1220 976 1464 1036 timentibus
1485 988 1649 1031 carum,
1673 975 1949 1021 in-sumnmm

388 1054 630 1113 pontificem
661 1054 875 1109 elegimus,
907 1053 952 1096 in
984 1053 1202 1096 ecclesiam
1222 1052 1549 1096 Lateranensem
1577 1052 1949 1109 constipatumea-

389 1133 519 1176 tervis
553 1131 741 1176 fidelium
773 1131 1021 1174 deduximus
1054 1133 1116 1185 et,
1154 1130 1199 1172 in
1231 1130 1328 1173 sede
1359 1143 1524 1173 summa
1553 1129 1761 1186 positum,
1795 1131 1950 1177 ,noceat

390 1209 555 1252 infinita
583 1209 875 1263 religiosorum
905 1207 1030 1251 turba
1061 1206 1370 1250 honoravimus.
1429 1206 1531 1250 Post
1560 1205 1639 1249 hoc
1669 1207 1715 1252 in
1742 1205 1949 1263 palatium

391 1286 654 1330 ascendimus
685 1289 740 1340 et,
773 1299 853 1341 que
883 1298 936 1328 ex
967 1297 1083 1327 more
1115 1284 1203 1338 geri
1235 1284 1383 1338 solent,
1415 1283 1716 1339 complevimus
1745 1285 1791 1329 eti
1800 1282 1950 1330 onmia

389 1363 572 1418 insignia
602 1362 860 1420 pontific-alia
879 1361 1089 1414 H(onorii)
1122 1373 1257 1417 papae
1277 1359 1432 1403 Calixti
1453 1373 1601 1417 papae
1608 1359 1795 1412 Pascalis
1814 1368 1950 1465 papae

391 1453 645 1496 suorumque
676 1439 1045 1496 praedecessorum
1076 1437 1114 1480 ei
1145 1437 1380 1482 tribuimus.
1760 1478 1762 1483 ,
1896 1478 1900 1482 ,

509 1517 586 1560 His
617 1530 715 1560 vero
748 1518 859 1560 circa
888 1517 1036 1560 horam
1068 1514 1242 1559 terciam
1273 1514 1353 1557 rite
1385 1514 1587 1570 peractis,
1618 1478 1768 1559 Petrus
1793 1463 1949 1561 Leonis

391 1594 495 1637 hora
525 1596 657 1648 sexta,
697 1607 779 1648 qua
808 1593 935 1637 Iudea
966 1592 1180 1636 Christum
1211 1590 1418 1634 crucifixit
1448 1595 1491 1634 et
1519 1591 1784 1635 tenebrarum
1815 1589 1949 1644 caligo

390 1671 593 1714 mundum
623 1670 816 1725 involvit,
847 1683 941 1713 cum
974 1669 1061 1712 suis
1094 1668 1449 1724 conspiratoribus
1478 1671 1604 1723 atque
1631 1666 1949 1722 consanguineis

392 1748 567 1803 aliisque
598 1747 820 1790 manifesto
853 1747 992 1803 precio
1024 1745 1239 1789 conductis
1264 1744 1479 1788 ecclesiam
1507 1745 1642 1788 sancti
1662 1743 1950 1799 Marci-,tur-

390 1825 507 1868 ribus
537 1824 715 1867 fratrum
747 1824 1043 1880 propinquam,
1075 1822 1323 1866 festinanter
1346 1821 1463 1877 adiit,
1495 1820 1950 1878 cappamrubeamin-

391 1901 586 1945 decenter
619 1901 758 1944 induit
786 1900 1021 1956 ficticiaque
1053 1898 1320 1956 pontificatus
1350 1899 1533 1954 insignia
1563 1898 1754 1955 arripuit.
1876 1896 1950 1946 Se-

392 1972 536 2035 quenti
574 1981 715 2035 autem
744 1978 812 2020 die
851 1977 1068 2021 ecclesiam
1106 1976 1218 2020 beati
1247 1975 1363 2019 Petri
1393 1976 1522 2019 armis
1560 1976 1710 2032 petiit,
1745 1974 1950 2021 machinis

391 2055 677 2109 circumdedit,
708 2058 820 2098 tecta
850 2067 1074 2108 murosque
1105 2053 1243 2107 fregit,
1275 2053 1510 2096 homicidiis
1541 2052 1729 2109 peractis
1754 2055 1798 2096 et
1819 2051 1951 2099 nimia

390 2132 562 2175 humani
600 2132 814 2186 sanguinis
853 2130 1075 2185 effusione,
1115 2130 1176 2173 sic
1215 2130 1386 2173 tandem
1416 2129 1633 2186 improbus
1665 2128 1948 2186 apostolorum

391 2209 594 2266 principis
624 2208 799 2251 intravit
828 2208 990 2251 ianuas.
1113 2206 1261 2249 Altera
1292 2210 1430 2250 autem
1464 2206 1532 2249 die
1563 2201 1879 2249 arma-tamanu
1897 2205 1948 2248 ad

391 2285 717 2329 Lateranensem
748 2285 965 2328 ecclesiam
998 2283 1198 2340 perrexit,
1230 2283 1345 2326 fumo
1375 2283 1473 2338 igne
1504 2283 1707 2337 sanguine
1737 2295 1830 2326 eam
1861 2282 1950 2325 vio-

390 2362 526 2406 lenter
546 2362 714 2417 invasit,
746 2361 955 2418 palacium
979 2360 1233 2415 conscendit,
1265 2363 1408 2416 portas
1429 2359 1645 2415 confregit,
1667 2359 1791 2403 sedes
1811 2359 1950 2415 ponti-

392 2438 517 2482 ficum
547 2439 757 2493 contrivit,
791 2438 1020 2481 sacrarium
1054 2437 1164 2480 beati
1192 2436 1409 2480 Laurentii
1441 2436 1619 2493 aperuit,
1653 2435 1950 2492 quaebptima

393 2515 474 2558 sibi
503 2516 594 2558 visa
632 2519 730 2558 sunt
767 2515 964 2571 diripuit,
1002 2514 1055 2557 ad
1092 2514 1265 2570 propria
1304 2527 1349 2556 se
1383 2513 1609 2568 recollegit.
1731 2512 1834 2556 Post
1871 2511 1950 2557 hoc

392 2591 641 2647 Palladium,
673 2593 719 2635 in
750 2606 830 2648 quo
863 2592 1056 2634 dominus
1086 2594 1230 2634 noster
1260 2604 1372 2647 papa
1401 2590 1666 2633 Innocentius
1692 2601 1787 2633 eum
1807 2588 1948 2632 catho-

391 2667 474 2711 lica
510 2668 685 2712 eeclesia
721 2668 952 2723 residebat,
998 2668 1251 2722 aggreditur.
1306 2667 1463 2710 Verum
1503 2666 1712 2728 equitibus
1751 2668 1794 2709 et
1829 2665 1947 2719 equis

391 2744 586 2801 plurimis
619 2746 798 2800 amissis,
829 2746 874 2788 in
905 2745 1146 2789 confusione
1177 2757 1276 2788 suae
1303 2744 1558 2798 ignominiae
1579 2743 1747 2786 domum
1769 2742 1948 2798 turpiter

391 2821 576 2864 recessit.

510 2897 842 2953 Depredationes
863 2911 961 2941 vero
994 2898 1262 2941 ecclesiarum
1295 2899 1336 2940 et
1361 2896 1559 2952 precipue
1579 2895 1692 2939 beati
1711 2894 1827 2938 Petri
1857 2893 1947 2937 the-

485 2999 512 3021 8.
543 2990 645 3021 Martii
665 2991 722 3022 VZ.
