2028 3438
405 291 490 333 746
769 301 1007 333 HERBORDI
1038 301 1277 333 DrALOGUs.
1324 302 1411 333 Lm.
1434 303 1468 333 11
1502 300 1591 335 1—3

403 407 562 464 poculis
584 410 626 451 et
645 407 835 462 cervisia,
867 406 1128 450 curatissime
1150 407 1351 462 confecta,
1383 407 1481 451 vina
1501 411 1703 465 superant
1720 392 1950 454 Falernica.

404 484 484 527 Sed
522 477 573 527 de
610 483 674 527 his
716 483 818 526 alias
832 480 854 526 ¹.
975 482 1097 525 Nunc
1127 485 1266 526 autem
1300 484 1626 540 expediendum,
1666 485 1777 542 quod
1809 484 1952 529 multis

403 560 689 603 ammiracioni
711 562 794 603 est:
820 573 948 614 quare
969 559 1163 602 videlicet
1181 559 1226 601 hi
1246 559 1447 616 homines,
1470 563 1557 604 tam
1579 561 1723 617 procul
1744 561 1797 606 ab
1817 562 1952 606 orien-

402 637 477 680 tali
497 636 675 680 Francia
706 640 748 679 et
777 649 801 679 a
821 635 1157 689 Babenbergensi
1188 635 1362 679 ecclesia
1392 637 1520 680 immo
1553 651 1577 680 a
1598 640 1686 681 toto
1717 650 1823 694 pene
1853 638 1952 682 orbe

403 714 539 768 divisi,
571 726 654 756 non
686 713 813 755 alium
847 724 1096 766 quemquam
1127 711 1178 755 de
1203 712 1471 756 vicinioribus
1501 714 1640 768 regnis
1671 713 1738 757 vel
1768 713 1952 759 ecclesiis

402 789 629 846 baptistam
668 793 710 832 et
755 788 1080 844 predicatorem*
1123 801 1247 843 quam
1284 788 1672 844 Babenbergensem
1709 790 1951 847 episcopum

401 866 553 909 habere
583 867 821 922 potuerunt.
870 863 953 907 Sed
983 864 1050 907 hic
1077 864 1235 908 fructus
1268 865 1319 908 ad
1349 866 1652 911 incrementum
1683 866 1951 911 beatitudinis

402 943 489 986 eius
522 957 546 986 a
576 942 664 986 Deo
695 942 758 985 illi
790 942 966 984 donatus
999 944 1073 984 est.

519 1020 712 1062 Tiemo:
745 1019 786 1061 A
808 1020 993 1061 Domino
1025 1017 1200 1072 inquit
1223 1018 1393 1074 factum
1425 1027 1482 1062 eet
1510 1020 1636 1073 istud,
1669 1028 1707 1063 et
1736 1028 1794 1063 eet
1822 1021 1952 1063 mira-

401 1097 481 1139 bile
511 1099 556 1139 in
589 1097 717 1139 oculis
747 1092 939 1138 nostris&
986 1094 1118 1148 Unde,
1152 1107 1332 1149 quonam
1362 1094 1406 1137 id
1431 1095 1576 1138 ordine
1598 1095 1753 1139 factum
1776 1095 1844 1151 sit,
1875 1109 1950 1139 nos

400 1172 545 1216 audire
576 1172 766 1216 delectat.

517 1249 583 1292 At
613 1249 725 1291 ille:
757 1247 796 1290 A
818 1261 864 1290 re
895 1247 1067 1302 inquit
1096 1246 1312 1303 paululum
1334 1247 1650 1302 digrediendum
1671 1250 1747 1303 est,
1778 1250 1826 1291 ut
1854 1260 1951 1292 con-

401 1326 657 1368 currentium
689 1337 907 1368 causarum
940 1326 1112 1367 eventus
1144 1327 1185 1366 et
1215 1324 1404 1367 ordinem
1434 1324 1592 1380 possim
1624 1324 1824 1379 digerere.
1907 1327 1912 1333 “

520 1402 559 1444 2.
608 1402 833 1457 Tempore,
874 1414 953 1455 quo
987 1400 1178 1443 dominus
1210 1413 1327 1443 meus
1357 1400 1743 1455 Babenbergensem
1782 1401 1952 1456 regebat

402 1478 632 1533 ecclesiam,
662 1474 916 1531 Bolezlaus³,
949 1478 1014 1519 vir
1035 1480 1258 1520 strennuus
1282 1480 1324 1519 et
1355 1477 1536 1533 prudens
1568 1480 1609 1520 et
1628 1478 1806 1532 ingenue
1827 1481 1951 1534 atque

402 1555 511 1598 avite
541 1554 770 1597 nobilitatis
800 1554 947 1596 decore
977 1553 1165 1607 illustris,
1198 1554 1393 1596 ducatum
1415 1553 1586 1597 Polonie
1617 1554 1948 1610 administrabat.

401 1631 480 1682 Qui
512 1631 610 1674 dum
643 1631 710 1674 seb
741 1631 931 1685 gnaviter
962 1643 1010 1672 ac
1041 1630 1213 1685 provide
1243 1633 1418 1685 gereret,
1451 1643 1592 1674 omnes
1623 1633 1734 1674 terre
1764 1643 1838 1673 sue
1867 1633 1950 1675 ter-

402 1708 550 1763 minos,
584 1708 659 1751 sub
681 1706 1042 1763 predecessoribus
1064 1707 1149 1748 suis
1171 1706 1352 1749 hostium
1373 1706 1571 1750 violentia
1593 1707 1761 1750 invasos
1784 1709 1827 1750 et
1855 1719 1950 1763 per-

402 1785 608 1839 turbatOS,
650 1787 691 1826 et
729 1788 865 1827 castra
905 1784 1109 1839 urbesque
1149 1796 1173 1825 a
1204 1796 1279 1825 sua
1318 1785 1522 1839 potestate
1561 1783 1785 1826 alienatas⁰
1823 1796 1951 1826 manu

401 1861 573 1904 robusta
603 1874 847 1916 recuperare
879 1860 1098 1917 prevaluit.
1148 1859 1334 1914 Cumque
1365 1859 1532 1903 bellicos
1564 1862 1680 1902 actus
1712 1872 1808 1903 suos
1838 1859 1950 1903 felici

404 1938 518 1980 exitu
549 1950 646 1993 sepe
677 1938 916 1993 prosperari
947 1937 1106 1980 videret
1127 1960 1179 1965 -
1205 1950 1304 1990 erga
1324 1935 1461 1979 Deum
1493 1936 1673 1991 quidem,
1706 1950 1731 1978 a
1759 1949 1839 1991 quo
1870 1936 1950 1980 sibi

403 2014 560 2057 sciebat
589 2014 769 2070 prestari
801 2014 1031 2068 victoriam,
1063 2013 1258 2056 humilior
1290 2015 1414 2068 atque
1444 2012 1650 2068 devocior,
1682 2015 1794 2067 erga.
1810 2012 1948 2056 hostes

402 2104 499 2133 vero
533 2091 708 2133 erectior
736 2093 859 2146 atque
890 2090 1115 2133 animosior
1134 2091 1268 2133 factus
1292 2113 1345 2119 —-
1368 2092 1512 2132 mutua
1531 2089 1620 2133 vice
1649 2089 1850 2132 terminos
1881 2102 1948 2133 eo-

402 2181 493 2210 rum
525 2167 634 2210 ferro
667 2171 709 2210 et
738 2168 834 2221 igne
866 2170 1116 2223 attemptare
1147 2167 1380 2223 predasque
1411 2169 1452 2209 et
1471 2165 1689 2209 manubias
1710 2166 1949 2221 frequenter

405 2244 644 2287 abstrahere
676 2246 717 2287 et
741 2257 940 2299 personas
962 2243 1175 2299 captivare
1197 2243 1374 2296 solebat3
1408 2255 1635 2297 quousque,
1667 2242 1845 2285 assiduis
1865 2241 1947 2285 cla-

404 2320 523 2363 dibus
555 2333 603 2362 ac
625 2324 783 2363 terrore
804 2320 1017 2374 confracti,
1050 2319 1191 2362 multis
1214 2319 1422 2374 obsequiis
1453 2322 1495 2362 et
1515 2319 1717 2362 donorum
1746 2318 1948 2375 impensis

405 2397 589 2438 animum
620 2397 708 2439 eius
741 2396 975 2450 delinirent,
1009 2396 1198 2451 datisque
1230 2399 1271 2438 et
1301 2395 1480 2451 acceptis
1501 2395 1672 2450 dextris,
1702 2394 1844 2438 federa
1874 2408 1948 2450 pa-

403 2473 462 2515 cis
493 2472 731 2516 firmissime
762 2476 993 2528 pangerent
1023 2475 1064 2515 et
1095 2475 1217 2528 pacta
1246 2472 1489 2527 reciperent.

523 2550 563 2591 3.
609 2549 743 2592 Erant
782 2552 941 2603 autem,
980 2562 1073 2591 eum
1106 2548 1254 2603 quibus
1285 2548 1450 2591 divisim
1482 2547 1656 2591 diversis
1691 2546 1947 2603 temporibus

405 2628 615 2668 certamen
645 2625 846 2680 habebat,
879 2639 901 2668 e
931 2628 1050 2681 parte
1082 2638 1165 2667 una
1184 2624 1384 2668 'Poloniez
1422 2624 1615 2678 Bohemi,
1651 2623 1831 2678 Moravi,
1861 2623 1947 2666 Un-

404 2701 516 2755 gari3
556 2715 607 2743 ex
639 2701 739 2744 alia:
771 2701 964 2755 Rutheni,
996 2714 1096 2754 gens
1128 2700 1306 2744 crudelis
1337 2704 1379 2744 et
1408 2713 1577 2757 aspera;
1609 2700 1693 2755 qui,
1723 2699 1945 2743 Flavorum

404 2776 655 2819 Pruscorum
687 2780 728 2820 et
757 2777 1080 2820 Pomeranorum
1111 2777 1207 2820 freti
1238 2777 1417 2832 auxiliis,
1454 2777 1588 2820 acrius
1619 2776 1854 2832 diutiusque
1884 2775 1947 2818 illi

503 2937 529 2957 a.
564 2928 751 2966 predicatore
774 2929 813 2958 N.
938 2928 966 2957 b.
999 2937 1030 2957 se
1053 2938 1108 2958 om.
1124 2929 1159 2958 N
1162 2941 1172 2964 ,·
1193 2933 1237 2959 est
1257 2928 1290 2959 in
1311 2929 1380 2958 BR.
1504 2936 1530 2957 c.
1560 2927 1705 2957 alienatos
1727 2927 1767 2957 N.

504 3014 537 3049 1.
562 3014 606 3050 V.
632 3011 725 3049 infra
749 3023 827 3059 cap.
844 3014 902 3049 41.
1044 3015 1077 3049 2.
1102 3014 1160 3049 Ps.
1181 3014 1259 3059 117,
1284 3014 1341 3049 23.
1480 3014 1514 3048 3.
1539 3013 1602 3049 III.
