2028 3438
639 249 862 281 unAnmcr
891 249 1062 281 connx.
1111 247 1158 282 90
1598 236 1683 280 175

113 353 211 401 90..
220 353 411 404 Glemona
432 355 516 399 III
539 358 748 414 ant-upupa
780 357 963 414 Rupertz
1001 358 1191 414 episcopi
1219 357 1544 414 Ba-mherqensie
1582 371 1683 413 crya

121 432 167 468 ἲ
225 441 270 477 80
298 435 484 478 mdimn
514 434 673 478 laudat.
721 435 880 488 Monet,
913 436 1052 478 mittat
1082 449 1144 487 ea,
1180 449 1288 491 quae
1319 435 1403 478 eibi
1432 434 1484 477 ab
1507 434 1679 476 ecclesia

133 511 146 514 ’
227 509 315 555 etue
354 512 594 556 debeantur
659 513 930 556 Rutkardum
976 512 1340 569 archiepiscopum
1379 512 1681 568 Moqzmtinum

226 597 438 635 evocatmn
476 605 574 633 eece.
631 590 700 633 Ne
733 590 902 634 Iudaeis
943 591 1216 643 concedatur,
1257 598 1304 632 ut
1334 598 1528 647 suscepta
1558 605 1682 632 sacra

164 671 168 673 ‘
226 666 458 712 christiana
487 669 681 712 deserant
691 674 717 711 ¹.
1503 666 1554 721 (E
1580 667 1682 721 170)

144 740 161 750 ,
227 755 456 812 Ossemcns)
497 757 720 815 episcopus
762 771 908 801 servus
948 770 1165 801 servorum
1203 756 1284 800 Dei
1322 756 1545 813 R(upert0)
1583 770 1682 800 con·
1705 765 1908 801 1097-1098

105 832 228 878 fiatri
260 837 303 878 et
328 833 578 893 'coepiscopo
600 834 941 890 Babenbergensi
973 834 1153 879 salutem
1183 837 1226 879 et
1257 834 1531 892 apostolicam
1555 834 1682 879 bene-

105 902 346 956 dictionem.

227 988 348 1042 Quod
377 993 524 1035 contra
555 991 755 1035 ecclesiae
795 990 1063 1034 demolitores
1102 994 1145 1034 et
1180 994 1347 1034 nostros
1380 990 1540 1034 emulos
1571 991 1681 1034 iuste

106 1065 363 1124 &sputando
391 1068 559 1113 fortiter
591 1067 748 1125 stabas,
780 1068 1019 1112 audivimus
1051 1071 1094 1112 et
1123 1068 1258 1124 gavisi
1289 1083 1447 1112 sumus.
1500 1069 1681 1126 Ideoque

106 1143 186 1188 tibi
215 1145 375 1201 gratias
406 1146 641 1191 referimus.

225 1221 347 1274 Quod
364 1226 533 1280 autem,
566 1238 648 1281 que
678 1224 730 1268 de
761 1223 938 1268 ecclesia
967 1227 1042 1268 tua
1071 1224 1286 1269 Romanae
1318 1224 1443 1268 debes
1466 1224 1679 1281 ecclesiae,

106 1300 243 1345 todia
262 1301 420 1346 iniuste
439 1302 684 1358 detinuisse,
707 1301 803 1345 diu‘
823 1302 1039 1360 pacienter
1055 1304 1385 1360 expectavimus,
1407 1316 1489 1346 non
1507 1306 1681 1360 propter

105 1378 389 1434 ignorantiam
425 1380 623 1435 fecimus3
664 1379 739 1424 sed
776 1380 1003 1435 gratuitam
1044 1380 1307 1424 obedientiae
1352 1385 1451 1425 tuae
1490 1385 1680 1438 praesto-

104 1455 182 1501 lati
211 1469 359 1501 sumus
396 1457 735 1502 benivolentiam.
789 1458 837 1502 In
874 1459 953 1502 hoc
984 1458 1182 1514 quoniam
1217 1472 1370 1516 parum
1410 1459 1678 1515 profecimus,

105 1545 325 1580 monemus
355 1539 399 1580 te
429 1539 473 1580 et
500 1535 680 1580 firmiter
699 1537 1002 1594 praecipimus:
1035 1540 1095 1592 ut,
1129 1536 1240 1591 quod
1262 1536 1402 1592 debeS,
1436 1536 1573 1580 solvas
1606 1537 1679 1580 ab·

104 1611 321 1670 latumque
358 1616 519 1658 temere
557 1615 779 1659 restituere
817 1627 903 1658 non
944 1613 1126 1658 differas.
1189 1613 1235 1657 Si
1275 1614 1354 1658 hoc
1391 1627 1477 1657 non
1514 1615 1677 1670 feceris,

104 1684 214 1735 inde
243 1691 447 1736 advocato
484 1695 630 1736 nostro
668 1692 916 1750 imperatori
957 1694 1000 1736 et
1039 1692 1234 1736 omnibus
1278 1692 1482 1736 fratribus
1521 1693 1678 1736 nostris

105 1768 272 1826 publice
303 1773 346 1814 et
374 1783 452 1827 per
480 1769 642 1826 legatos
673 1774 839 1814 nostros
871 1770 1179 1827 querimoniam
1209 1770 1426 1814 faciemus.

223 1846 471 1903 Moguntino
493 1848 690 1906 episcopo
704 1845 726 1904 ¹,
761 1862 884 1904 quem
916 1848 1037 1892 nobis
1068 1848 1264 1905 pessimis
1286 1848 1533 1892 criminibus
1556 1862 1678 1892 accu-

105 1925 237 1969 sando
275 1925 507 1981 detulistis,
546 1926 601 1970 ad
638 1926 978 1983 respondendum
1015 1926 1137 1970 nobis
1176 1926 1367 1970 inducias
1399 1926 1591 1970 dedimus
1624 1927 1678 1970 ad

104 2003 259 2048 festum
299 2004 434 2047 sancti
464 2001 744 2048 Michaelis⁰².
799 2004 909 2047 Huic
947 2004 1010 2048 rei
1047 2008 1089 2048 te
1134 2018 1229 2048 cum
1276 2004 1426 2048 ceteris
1473 2004 1676 2048 fratribus

104 2081 262 2125 nostris
291 2081 484 2125 volumus
522 2082 747 2135 interesse3
788 2084 854 2137 ut,
895 2082 1004 2125 sicut
1043 2096 1136 2125 eum
1178 2083 1405 2126 accusastis
1444 2082 1674 2138 absentem,

104 2159 166 2203 ita
201 2158 324 2203 illum
361 2159 473 2204 veris
512 2160 766 2204 testimoniis
817 2159 894 2203 sub
933 2162 1080 2203 nostra
1119 2160 1370 2204 auctoritate
1409 2163 1676 2217 praesentem

103 2237 374 2282 convincatis.

222 2314 415 2360 Relatum
458 2319 523 2359 est
558 2314 679 2359 nobis
721 2329 745 2358 a
787 2314 1059 2371 quibusdam,
1109 2315 1220 2371 quod
1267 2314 1406 2358 Iudeis
1447 2315 1675 2372 baptizatis

103 2393 245 2438 nescio
290 2407 373 2450 qua
415 2393 579 2436 ratione
627 2393 882 2450 permissum
930 2393 986 2436 sit
1033 2392 1297 2449 apostatare‘¹
1351 2392 1564 2448 ritumque
1608 2392 1674 2436 Iu-

104 2471 258 2515 daismi
288 2470 490 2515 excolere.
538 2470 656 2522 Quod
690 2471 788 2526 quia
818 2470 1054 2514 inauditum
1080 2474 1144 2514 est
1175 2474 1217 2514 et
1247 2484 1419 2527 prorsus
1450 2471 1674 2526 nefarium,

103 2551 146 2593 te
177 2542 230 2593 ‘et
259 2562 404 2593 omnes
434 2549 586 2592 fratres
618 2552 783 2592 nostros
815 2549 942 2592 verbo
974 2548 1055 2592 Dei
1085 2548 1432 2603 constringimus:
1476 2549 1674 2605 quatinus

103 2616 148 2670 i'd
185 2626 416 2670 secundum
455 2626 700 2670 canonicam
741 2627 1002 2670 sanctionem
1042 2630 1085 2670 et
1122 2626 1242 2669 iuxta
1272 2629 1443 2683 patrum
1480 2626 1676 2683 exempla

103 2704 313 2759 corrigere
341 2703 571 2757 festinetis3
610 2717 664 2747 ne
698 2707 1008 2747 sacramentum
1042 2703 1243 2760 baptismi
1281 2707 1324 2747 et
1360 2703 1580 2748 salutifera
1610 2705 1674 2747 in-

102 2780 266 2824 vocatio
296 2780 479 2824 nominis
509 2780 684 2824 Domini
712 2781 907 2825 videatur
937 2780 1160 2824 annullari.

198 2867 226 2888 a.
257 2867 295 2888 ex
317 2858 345 2889 V
363 2859 447 2889 760:
474 2858 567 2889 Item
595 2858 706 2888 cuius
735 2867 866 2897 supra;
897 2858 1061 2898 Zp.140.
1145 2857 1175 2888 b.
1203 2858 1307 2889 om.V.
1391 2868 1417 2889 c.
1444 2858 1623 2889 Michahelis
1639 2857 1674 2889 Z.

104 2910 135 2941 d.
166 2912 309 2950 apostare
327 2911 358 2942 V.

198 2962 232 2998 1.
258 2962 457 2999 Ruthardo.
578 2964 611 2999 2.
638 2962 739 3009 Sept.
758 2963 816 2999 29.
