2028 3438
597 236 820 271 nmmum
850 236 1019 270 connx.
1068 234 1144 269 260.
1174 266 1177 270 ,
1565 225 1652 268 447

78 342 275 401 nomine?
296 341 497 389 valwonb
529 342 738 399 dicuntur,
771 344 843 399 qui
866 346 1166 400 persecutores
1196 342 1352 387 Christi
1383 346 1425 387 et
1455 343 1655 388 ecclesiae
1699 352 1792 389 1132

81 432 256 480 maome
277 419 416 481 «fuisse
427 447 430 451 ι
441 427 625 478 semper·
643 420 868 465 manifeste
900 420 953 465 ab
985 420 1178 464 omnibus
1191 424 1532 475 xcognoscuntur.
1677 402 1754 439 Aug·
1765 402 1806 432 ²⁸

82 505 134 543 ,(ἰ
199 497 423 556 Νοιὶρσξ
446 497 572 543 >litem
586 498 775 542 diremit.
825 497 908 542 Sed
938 501 1029 542 tota
1049 502 1171 543 nocte
1192 498 1304 553 regis
1325 499 1535 542 exercitus
1565 512 1655 542 ma-

74 567 232 635 mm
270 575 577 634 eoolessaeiamex
607 576 722 620 omni
753 579 875 633 parte
906 576 1124 620 obsidione
1154 576 1441 620 circumdedit.
1565 575 1656 627 Qua

73 652 144 698 ἀπ
151 655 288 702 snoete
318 667 395 710 ego
425 653 543 741 ipse3
579 653 631 698 de
661 667 756 698 meo
788 653 989 740 expulsus
1020 653 1221 711 hospicio·
1238 654 1518 710 omnibusque
1549 655 1655 698 meis

74 798 187 867 ,tam
201 808 282 867 diu
314 777 427 866 ¹fleus
459 782 593 864 iacui,
628 779 766 854 donec
805 823 831 853 a
860 809 1013 853 domno
1045 809 1287 866 N(orber.to)
1320 786 1655 866 Magdeburgen-

74 885 228 946 bium&
230 886 561 944 archiepiscopo
591 887 636 931 in
667 887 904 943 hospicium
937 888 1026 931 eius
1058 891 1260 944 tanquam
1290 887 1444 944 hospes
1465 901 1514 932 ac
1534 901 1655 945 pere-

81 963 230 1020 grinus
260 978 338 1022 per
367 965 699 1009 misericordiam
735 964 817 1008 Dei
848 965 1046 1008 collectus
1077 965 1151 1008 fui.

136 1080 138 1083 ,
167 1041 335 1099 Μξπρ
350 1045 498 1097 autem
526 1043 653 1099 factm,
686 1056 957 1099 quoscunque
989 1046 1032 1086 et
1066 1042 1292 1099 quotquot‘¹
1321 1042 1468 1098 voluit,
1500 1043 1552 1086 de
1582 1043 1654 1087 ob·
1678 1053 1753 1091 Aug.
1766 1053 1807 1083 29

71 1133 204 1178 ἄειρε-εξ
237 1119 415 1174 eeclesia
454 1134 531 1166 rex
570 1120 779 1164 abstraxit
818 1123 880 1177 et,
920 1124 968 1164 ut
997 1124 1212 1165 taceamus
1244 1120 1296 1164 de
1327 1121 1498 1177 ceteris,
1538 1121 1654 1178 ipsos

78 1197 221 1255 eliam
246 1197 498 1254 vulneratos
531 1202 574 1252 et
605 1198 782 1255 *omnino
823 1198 1069 1256 desperatos
1106 1198 1151 1254 in
1182 1198 1361 1243 vinculis
1399 1212 1542 1243 secum
1580 1199 1653 1243 ab-

81 1263 256 1333 ᾱπέμ,
280 1300 283 1310 2
336 1275 500 1320 Eadem
530 1289 629 1320 vero
667 1276 736 1320 die
774 1280 914 1321 castra
950 1279 1133 1320 metatus
1175 1279 1240 1320 est
1277 1276 1322 1320 in
1353 1290 1503 1334 campo
1534 1277 1654 1346 iuxta

80 1354 310 1411 civitatem.
344 1388 348 1394 »
398 1354 749 1411 Regressusque
787 1355 920 1398 tercia
959 1354 1026 1398 die
1066 1367 1161 1398 cum
1202 1355 1377 1398 armatis
1415 1355 1459 1399 in
1491 1342 1652 1411 urbem,
1675 1364 1752 1402 Aug.
1765 1365 1804 1395 30

78 1419 345 1489 munitiones
365 1432 482 1489 urbis
514 1446 659 1481 omnes
681 1432 813 1477 diruit
843 1435 885 1476 et
910 1433 1128 1488 confregit.
1177 1432 1465 1489 Omnibusque
1495 1434 1655 1490 praeda

81 1513 126 1557 et
159 1510 383 1568 incendio
394 1511 676 1568 consumptis,
717 1513 866 1567 quarto
905 1510 1203 1555 destructionis
1242 1515 1414 1567 nostrae
1453 1515 1495 1555 et
1533 1514 1652 1556 sexto
1676 1521 1801 1559 Aug.31

76 1585 406 1645 >adventusssui¹
435 1588 505 1634 die
533 1588 643 1634 letus
674 1588 792 1637 abiit.

164 1718 165 1721 Ἰ
190 1666 522 1725 ,Archiepiscopi
551 1666 722 1724 quidem
753 1670 796 1711 et
826 1666 1014 1725 episcopi
1053 1670 1096 1711 et
1126 1666 1320 1722 abbateS‚
1360 1667 1432 1723 qui
1463 1667 1653 1723 aderant,

81 1745 187 1789 satis
216 1758 268 1789 ac
297 1745 401 1789 satis
430 1745 589 1800 regiam
623 1745 889 1789 maiestatem
919 1748 1285 1802 praemonuerant,
1319 1745 1517 1801 quatinus
1538 1746 1654 1801 regio

80 1836 200 1879 more
228 1822 531 1879 victis„saltem
571 1826 764 1881 parceret
794 1826 857 1878 et,
896 1823 1102 1875 imitando
1138 1836 1281 1878 regem
1312 1837 1482 1879 regum,
1519 1824 1655 1867 iustos

80 1900 351 1960 σπωὶωρῇε
381 1914 468 1953 non
496 1899 731 1959 perderet².
780 1901 863 1945 Sed
893 1901 1114 1946 iracundia
1139 1901 1293 1956 regalis
1325 1901 1539 1958 potentiae
1569 1915 1654 1946 non

78 1979 202 2038 ¹prius
228 1979 426 2036 mitigata
455 1982 535 2036 est,
565 1979 698 2025 donec
729 1980 866 2023 omnis
897 1980 1046 2024 civitas
1078 1983 1223 2023 nostra
1254 1979 1345 2023 sine
1376 1979 1531 2023 iudicio
1563 1980 1655 2023 sine

80 2056 251 2115 iustieia
279 2057 471 2113 funditus
503 2057 716 2101 destructa
747 2061 789 2102 et
818 2057 1212 2115 inrecuperabiliter
1244 2057 1500 2101 adnichilata
1532 2061 1608 2102 est.

200 2134 434 2193 Propterea
462 2148 539 2179 nos
568 2149 664 2180 cum
686 2135 882 2179 universo
905 2135 1015 2180 clero
1038 2139 1081 2180 et
1100 2135 1258 2193 populo
1280 2135 1464 2179 civitatis
1486 2139 1656 2179 nostrae

81 2226 306 2272 precamur
334 2227 412 2271 per
436 2213 656 2258 Christum
689 2218 731 2257 et
760 2214 805 2256 in
827 2213 994 2257 Christo
1026 2213 1357 2257 misericordiam
1391 2213 1655 2257 venerandae

80 2291 352 2349 paternitatis
383 2294 571 2347 vestrae,
611 2295 659 2335 ut
694 2291 908 2335 doloribus
950 2291 1106 2335 nostris
1138 2291 1366 2335 clementer
1397 2291 1654 2335 condoleatis

80 2372 138 2424 et,
167 2368 484 2414 lamentabilem
517 2369 717 2414 ecclesiae
748 2373 917 2413 nostrae
948 2369 1115 2413 ruinam
1148 2369 1323 2413 consilio
1346 2372 1389 2412 et
1409 2369 1568 2413 auxilio
1590 2369 1655 2412 in-

76 2446 356 2503 fatigabiliter
385 2446 620 2502 fulcientes,
653 2461 823 2491 murum
853 2447 1226 2504 inexpugnabilem
1258 2460 1335 2503 pro
1368 2447 1491 2490 domo
1524 2447 1655 2491 Israel

81 2531 179 2570 vos·
210 2521 388 2582 ponere³
419 2525 543 2570 solito
574 2539 691 2570 more
722 2529 862 2569 vestro
894 2525 1112 2580 satagatis.
1153 2524 1301 2568 Valete
1331 2525 1376 2568 in
1407 2524 1574 2571 Christo
1585 2524 1607 2568 ¹.

118 2641 134 2651 ⁸
175 2653 203 2675 a.
234 2642 399 2683 vulgariter
419 2643 450 2675 V.
566 2644 596 2675 b.
617 2643 762 2675 Valuwen
783 2645 815 2675 V.
931 2654 957 2675 c.
989 2643 1333 2682 Magedeburchensium
1354 2643 1389 2676 Z.
1495 2644 1525 2675 d.
1559 2645 1655 2684 quod-

83 2697 165 2738 quod
183 2698 222 2731 Z.
345 2707 372 2728 e.
403 2707 460 2729 nos
484 2698 515 2728 V.
639 2698 660 2728 f.
681 2698 788 2729 Valete
810 2699 842 2728 in
864 2698 985 2728 Christo
1007 2707 1064 2728 om.
1080 2697 1110 2729 V.

178 2767 212 2804 1.
235 2767 366 2814 ltaque
389 2766 450 2804 die
474 2768 521 2804 26
544 2767 706 2814 Augusti
737 2768 775 2804 in
804 2767 932 2804 urbem
965 2770 1184 2813 pervenerat
1214 2777 1290 2804 rex.
1419 2769 1453 2804 2.
1488 2766 1543 2804 Of.
1562 2767 1654 2804 Gen.

84 2827 142 2873 18,
166 2827 224 2864 25.
345 2827 380 2863 3.
405 2826 540 2863 Ezech.
559 2827 615 2872 13,
641 2828 675 2863 5.
