2028 3438
384 270 470 312 804
768 281 1003 312 nssssssomn
1034 281 1272 312 DIALOGUS-
1320 282 1406 312 Lm.
1429 281 1480 311 111
1513 278 1556 313 10

264 396 354 432 1127
383 387 434 430 de
465 389 590 442 terra,
623 387 694 442 qui
717 400 741 430 a
761 387 864 430 duce
886 386 1056 430 obiectis
1087 386 1339 442 respondere
1367 389 1408 430 et
1429 386 1620 430 omnibus
1640 385 1933 433 controversiis

383 463 621 507 decidendis
650 463 746 507 hinc
766 463 862 507 inde
883 463 1039 507 exortis
1061 466 1233 519 possent
1254 461 1454 506 sufficere.
1504 462 1583 506 Ubi
1603 475 1702 517 ergo
1724 462 1934 508 adcastra

382 541 510 596 venit,
542 554 567 583 a
588 540 691 584 duce
712 540 1012 583 honorabiliter
1033 542 1250 595 susceptus
1272 542 1347 582 est.
1395 538 1630 594 Mirumque
1651 538 1777 594 dictu,
1808 550 1934 595 quam

382 617 517 672 facile,
549 617 701 660 divinis
735 617 908 672 eloquiis
941 616 1070 659 animi
1094 617 1183 659 eius
1203 615 1368 659 feritate
1390 615 1575 670 delinita,
1608 614 1660 659 ad
1682 629 1805 660 omne
1822 615 1933 672 quod

382 694 578 737 volebant
610 694 841 750 principem
873 692 1149 735 inclinaverit.
1206 691 1280 735 Ille
1310 705 1490 747 namque
1520 691 1698 735 multum
1728 694 1934 749 protesta-

383 771 518 825 batur,
551 784 634 813 non
666 785 716 813 ex
750 770 832 812 alia
864 783 989 812 causa
1019 769 1097 812 hoc
1127 772 1314 824 tempore
1346 768 1499 812 bellum
1531 771 1678 812 contra
1704 782 1775 812 eos
1795 781 1934 815 susce·

383 847 496 903 pisse
528 860 650 902 quam
681 846 731 889 ob
752 846 904 888 iniurie
926 845 1004 888 Dei
1026 845 1322 901 omnipotentis
1345 845 1542 888 ultionem
1567 848 1608 888 et
1628 845 1765 890 mutui
1780 845 1933 903 federis

382 924 634 979 ruptionem,
668 923 765 978 quia
796 926 837 965 et
868 922 1165 965 christianismi
1195 921 1287 964 iura
1317 921 1360 963 in
1392 921 1601 978 plerisque
1624 921 1726 965 locis
1747 921 1934 966 rediviva

382 1000 623 1056 paganitate
654 999 880 1042 violassent
919 1002 960 1042 et
996 999 1098 1041 inite
1134 997 1344 1041 societatis
1385 1002 1426 1040 et
1457 997 1774 1054 compositionis
1798 997 1933 1053 legem

382 1077 556 1119 minime
602 1079 848 1119 servassent.
911 1063 1144 1131 Episcopus
1189 1088 1307 1129 erge,
1353 1074 1428 1117 hec
1468 1074 1608 1118 omnia
1645 1074 1934 1133 emendatione

383 1153 630 1207 dignissima
659 1152 795 1195 fassus
826 1151 1067 1206 legatosque
1100 1151 1400 1207 aliquantulum
1430 1164 1506 1207 pro
1527 1151 1592 1194 his
1614 1151 1850 1206 obiurgans,
1882 1150 1935 1194 ad

382 1229 560 1285 pristine
598 1228 912 1285 compositionis
952 1231 1117 1284 pactum
1156 1230 1320 1283 partem
1358 1230 1526 1271 revocat
1562 1231 1805 1283 utramque,
1844 1240 1934 1270 sese

383 1309 482 1348 tunc
512 1306 712 1361 temporis
745 1305 1093 1362 quemadmodum
1126 1307 1168 1347 et
1187 1316 1297 1346 nunc
1317 1305 1433 1360 pacis
1454 1304 1724 1348 mediatorem
1746 1304 1934 1364 extitisse

384 1395 728 1425 commemorans.
775 1382 975 1425 Placabat
1006 1384 1144 1423 autem
1177 1380 1357 1423 maxime
1379 1380 1525 1424 ducem
1545 1380 1716 1425 Polonie
1731 1380 1934 1425 Vratizlai

385 1459 502 1501 ducis
533 1458 636 1502 fides
669 1463 710 1502 et
731 1458 895 1502 devotio
928 1458 979 1501 ab
1003 1458 1196 1514 episcopo
1227 1457 1410 1512 laudata,
1443 1458 1553 1513 quia,
1586 1461 1627 1501 et
1657 1458 1701 1501 in
1732 1457 1863 1514 priori
1892 1460 1936 1501 et

383 1535 427 1578 in
459 1535 641 1578 secunda
671 1535 954 1591 predicatione
986 1548 1089 1590 eque
1119 1534 1253 1577 fidelis
1284 1535 1498 1588 inventus,
1537 1534 1671 1577 multa
1700 1534 1810 1578 bona
1839 1546 1934 1590 pre-

385 1612 638 1655 dicatoribus
670 1612 954 1655 ostendisset⁰.
1002 1611 1099 1654 Dux
1130 1611 1270 1666 itaque
1301 1610 1453 1653 talibus
1485 1610 1620 1654 modis
1651 1624 1676 1653 a
1702 1610 1824 1654 beato
1843 1610 1933 1653 viro

385 1689 614 1743 mitigatus,
645 1688 743 1732 licet
766 1689 891 1731 nimis
913 1691 1243 1731 murmurantem
1266 1688 1508 1741 exercitum,
1539 1690 1684 1743 utpote
1704 1687 1832 1743 prede
1848 1686 1934 1731 avi-

386 1765 499 1820 dum,
531 1766 663 1808 versis
695 1764 846 1820 aquilis
878 1765 930 1807 ad
962 1778 1037 1807 sua
1066 1764 1203 1807 redire
1234 1764 1438 1820 precepit3
1473 1763 1801 1807 Stetinensibusb
1821 1777 1933 1819 vero,

387 1841 497 1897 quod
533 1841 660 1896 aliqui
693 1855 743 1883 ex
776 1841 835 1884 eis
868 1840 919 1883 ad
951 1854 1112 1884 errores
1145 1841 1342 1896 pristinos
1373 1840 1551 1883 revoluti
1582 1839 1756 1895 essent¹,
1796 1841 1934 1884 divine

385 1918 684 1972 indignationis
724 1931 772 1960 ac
810 1931 881 1960 sue
920 1917 1092 1960 mandat
1122 1931 1203 1959 non
1237 1917 1376 1960 defore
1407 1917 1654 1972 vindictam,
1692 1918 1775 1961 nisi
1805 1931 1935 1973 quan·

386 1995 520 2038 tocius
559 1994 769 2051 apostasie
804 1993 1095 2036 immundicias
1128 2006 1309 2048 congrua
1339 1994 1501 2037 diluant
1531 1994 1834 2050 satisfactione,
1870 1994 1935 2038 in-

387 2071 600 2126 dulgentia
631 2071 763 2127 petita
793 2070 986 2112 doctoris.
1109 2070 1237 2113 Porro
1270 2071 1501 2127 episcopus,
1533 2071 1620 2114 voti
1650 2084 1818 2127 compos
1841 2084 1934 2114 cum

387 2147 535 2202 legatis
567 2147 746 2202 rediens,
780 2147 967 2190 attonitis
998 2147 1191 2202 gregibus
1223 2148 1308 2189 suis
1341 2150 1482 2204 optate
1502 2147 1618 2204 pacis
1641 2152 1681 2191 et
1702 2147 1934 2191 securitatis

387 2224 585 2267 nuncium
631 2224 874 2280 reportavit.
935 2223 992 2266 Et
1032 2226 1231 2278 quantum
1271 2224 1356 2266 illi⁰
1397 2224 1557 2280 pridem
1597 2225 1647 2268 de
1685 2228 1800 2268 metu
1835 2223 1934 2268 belli

388 2300 623 2344 mestificati
660 2301 826 2343 fuerant
857 2302 899 2342 et
930 2299 1140 2353 concussi,
1182 2299 1224 2341 in
1256 2303 1418 2343 tantum
1451 2300 1607 2344 alacres
1638 2301 1737 2344 facti
1767 2304 1865 2344 sunt
1894 2303 1936 2343 et
1999 2286 2003 2289 ⁴

388 2377 431 2419 in
470 2376 550 2420 fide
582 2376 811 2419 christiana
848 2375 1029 2430 fundati,
1069 2388 1168 2418 sane
1207 2375 1364 2418 doctori
1404 2390 1476 2419 suo
1508 2377 1762 2420 ascribentes
1799 2376 1935 2433 patrie

388 2453 697 2506 liberationem3
730 2465 956 2507 servusque
975 2451 1055 2494 Dei
1079 2451 1367 2506 magnificatus
1390 2455 1453 2495 est
1473 2453 1738 2496 vehementer
1758 2453 1802 2496 in
1821 2456 1935 2496 terra

388 2528 728 2572 Pomeranorum.
783 2528 856 2571 Ille
887 2541 1004 2583 vero,
1036 2528 1165 2570 nichil
1196 2528 1356 2571 meritis
1389 2528 1474 2571 suis
1505 2528 1710 2584 tribuens,
1742 2532 1859 2572 tanto
1890 2542 1934 2572 se

388 2604 652 2648 humiliorem
683 2605 794 2661 apud
826 2604 961 2647 Deum
993 2607 1034 2647 et
1064 2604 1251 2647 homines
1282 2605 1482 2660 exhibuit,
1518 2608 1671 2660 quanto
1703 2606 1792 2648 sine
1821 2605 1933 2648 illius

391 2680 546 2722 auxilio
578 2695 622 2723 se
642 2681 770 2723 nichil
790 2694 912 2737 posse
935 2681 1102 2724 sciebat.
1225 2681 1533 2736 Dimittensque
1554 2682 1739 2736 nuncios,
1772 2682 1821 2725 de
1843 2681 1933 2736 qui-

389 2755 466 2798 bus
497 2754 647 2812 supra²
678 2757 834 2800 dictum
866 2760 942 2812 est,
973 2757 1203 2800 marchioni
1234 2761 1275 2801 et
1299 2757 1531 2800 Saxonibus
1562 2758 1718 2811 gratias
1743 2758 1828 2812 egit
1858 2770 1932 2814 pro

482 2882 508 2902 a.
542 2874 745 2903 ostendissent
761 2875 831 2911 NB,
855 2875 1038 2904 ostendisset
1053 2875 1091 2904 R.
1182 2875 1211 2904 b.
1241 2874 1460 2904 Stetinensibus
1478 2890 1507 2894 —
1526 2876 1621 2913 petita
1643 2875 1774 2904 doctoris
1795 2884 1856 2904 mm
1876 2883 1932 2904 suo

391 2924 455 2955 loco
475 2924 509 2954 in
530 2924 685 2955 codicibus
708 2925 850 2965 loquutur
871 2931 942 2957 ante
962 2927 1030 2956 Dux
1050 2927 1151 2965 itaque
1171 2942 1201 2946 -
1220 2926 1318 2956 redire
1339 2926 1483 2965 precepit.
1587 2936 1612 2956 c.
1644 2927 1695 2957 ille
1714 2927 1754 2963 N,
1777 2926 1821 2957 illi
1842 2926 1911 2956 BR.

486 2995 516 3028 1.
544 2993 597 3029 Cf.
624 2993 716 3030 infra
739 2995 792 3031 III
817 2995 873 3030 16.
1111 2996 1143 3030 2.
1172 3005 1207 3039 p.
1227 2995 1305 3040 799,
1330 2995 1383 3030 111
1406 2995 1439 3030 8.
1505 3026 1509 3029 .
