2028 3438
456 256 697 288 nsanonm
726 256 969 288 numetis.
1018 257 1106 288 mn.
1128 257 1146 287 1
1176 255 1233 290 37.
1252 256 1298 289 38
1572 246 1659 288 733

3 410 7 414 ,
88 361 325 422 episcopus,
357 362 476 407 cuius
507 363 711 408 memoria
741 377 909 421 semper
928 363 973 407 in
994 363 1283 408 benedictione
1305 363 1361 407 sit
1371 370 1399 418 ⁰,
1433 364 1486 406 ad
1517 377 1660 419 regem
1683 375 1887 412 1131-1139

86 437 325 499 predictum
354 439 515 498 Belam,
547 454 744 497 magnum
779 441 1158 497 elemosinatorem,
1193 454 1289 485 cum
1318 440 1474 484 litteris
1506 454 1555 484 ac
1586 441 1659 485 do-

86 518 220 564 nariis
250 531 347 564 eum
378 517 553 563 direxit:
593 533 745 576 parare
776 520 990 564 amicicias
1024 522 1066 564 et
1096 519 1289 563 notitiam
1331 519 1660 575 societatemque

84 609 142 643 ac*
165 596 422 655 parilitatem
445 596 680 641 studiorum
702 597 746 641 in
770 598 966 655 operibus
991 597 1293 652 misericordie,
1327 597 1554 641 accendere
1584 597 1658 640 ho-

86 673 245 720 minem
265 677 457 719 sanctum
489 674 543 718 ad
567 674 823 719 desiderium
854 675 994 719 future
1020 675 1340 733 expectationis,
1374 675 1427 718 ad
1457 675 1658 730 gaudium

82 755 231 797 eterne
259 753 349 797 vite
378 755 504 809 atque
535 752 820 796 beatitudinis.
871 752 974 797 Bela
1006 767 1118 809 ergo,
1152 755 1322 810 accepto
1353 753 1506 796 nuncio
1539 752 1659 796 audi-

84 830 224 888 tisque
253 829 407 875 litteris
438 830 648 887 episcopi,
688 830 900 888 spirituali
940 831 1077 887 gratia
1118 835 1160 875 et
1190 830 1335 874 divina
1372 830 1659 874 consolatione

7 915 12 918 ’
85 906 237 966 plenis,
267 906 492 952 letificatus
510 912 586 958 ⁴est
606 907 742 952 valde.
790 908 932 965 Atque
961 909 1006 952 in
1026 909 1257 953 festivitate
1287 908 1476 966 paschali
1499 933 1552 938 —
1578 921 1659 964 que

85 986 200 1044 apud
229 985 421 1043 Ungaros
463 986 592 1030 etiam
630 989 804 1043 propter
834 986 968 1043 ipsius
1006 979 1118 1031 terre
1157 987 1390 1030 maximam
1419 986 1656 1030 ubertatem

83 1063 222 1108 multa
251 1064 469 1122 epularum
501 1063 698 1119 largitate
719 1064 939 1121 splendide
972 1078 1020 1108 ac
1040 1065 1217 1109 delicate
1237 1065 1440 1109 celebrari
1473 1064 1579 1108 solet
1600 1088 1652 1094 —-

85 1141 306 1198 magnifice
343 1142 493 1187 habuit
527 1142 703 1186 nuncios
741 1142 929 1197 Ottonis;
970 1143 1102 1186 vitam
1141 1143 1251 1199 eius,
1293 1143 1655 1187 conversationem

84 1222 243 1264 statum
275 1223 318 1264 et
348 1232 478 1278 opera
507 1219 653 1265 crebro
684 1220 961 1276 interrogans.
1015 1221 1276 1277 Miraturque
1307 1221 1461 1276 omnia,
1494 1234 1574 1277 que
1606 1221 1658 1264 de

82 1297 158 1342 illo
189 1298 370 1354 audivit3
404 1312 556 1355 magne
586 1298 778 1342 felicitati
804 1299 1060 1355 asscribenS,
1087 1299 1199 1356 quod
1229 1299 1327 1343 talis
1350 1299 1430 1343 viri
1463 1299 1658 1343 notitiam

83 1389 161 1434 per
190 1377 365 1420 nuncios
395 1376 507 1420 dona
545 1379 588 1420 et
624 1375 789 1420 litteras
829 1377 1019 1434 accipere
1049 1378 1286 1421 meruisset.
1344 1377 1656 1421 Consummatis

83 1467 184 1511 ergo
216 1454 378 1511 diebus,
410 1460 506 1499 cnm
536 1457 704 1511 tempus
737 1458 849 1498 esset
879 1455 1119 1499 dimittendi
1150 1455 1325 1511 legatos,
1364 1455 1500 1498 multa
1531 1455 1657 1499 devo-

83 1532 198 1576 tione
229 1532 362 1577 sacris
393 1532 652 1576 orationibus
691 1532 802 1576 beati
835 1533 915 1576 viri
946 1547 1020 1577 rex
1061 1548 1152 1577 sese
1185 1533 1505 1589 commendans,
1547 1533 1658 1576 dona

81 1609 358 1668 multiplicat,
389 1624 492 1655 vasa
531 1624 658 1655 aurea
697 1614 739 1654 et
770 1614 970 1666 argentea
1010 1614 1052 1655 et
1084 1615 1220 1655 vestes
1259 1612 1472 1668 preciosas
1510 1611 1656 1666 mittit,

83 1687 259 1746 insuper
277 1688 430 1744 viginti
458 1688 590 1733 libras
621 1689 783 1733 excocti
815 1690 929 1744 auri3
963 1689 1203 1747 specialiter
1232 1690 1470 1745 obsecrans,
1503 1692 1550 1732 ut
1581 1689 1657 1732 has
1684 1683 1686 1685 ’

83 1766 130 1810 in
161 1765 323 1824 aliquos
353 1766 519 1811 divinos
550 1781 651 1811 usus
689 1767 733 1810 in
764 1768 1100 1811 recordationem
1139 1768 1203 1811 sui
1240 1767 1478 1824 expendere
1510 1767 1657 1822 digna-

83 1847 212 1889 retur.
333 1844 571 1902 Episcopus
603 1859 723 1901 ergo,
765 1847 948 1903 acceptis
981 1846 1101 1889 donis
1134 1849 1176 1890 et
1207 1859 1330 1902 auro,
1370 1845 1431 1889 nil
1467 1848 1656 1889 moratus

83 1921 215 1967 Beato
239 1922 464 1967 Michaheli
494 1923 572 1967 hoc
603 1923 770 1980 optulit,
802 1925 938 1967 crucis
970 1925 1095 1968 decus
1127 1924 1170 1967 in
1202 1924 1372 1967 nomine
1402 1921 1658 1967 Salvatoris¹

83 1999 138 2045 de
167 1999 246 2046 hoc
275 2000 367 2045 fieri
390 2001 617 2055 mandans;
650 2001 852 2059 additque
873 2002 925 2046 de
947 2016 1021 2046 suo
1044 2002 1136 2045 auri
1158 2002 1437 2058 quantitatem
1470 2005 1512 2045 et
1541 2015 1656 2056 gem-

83 2091 189 2124 mas.
236 2078 293 2123 Et
324 2079 531 2124 clusorem
559 2079 810 2135 conducens,
842 2080 1021 2136 insigne,
1054 2083 1263 2124 trecentas
1297 2079 1461 2135 argenti
1492 2093 1656 2123 marcas

83 2156 326 2213 valiturum,
359 2158 413 2201 ad
443 2157 644 2201 honorem
667 2157 747 2201 Dei
779 2161 822 2201 et
852 2158 1077 2202 utilitatem
1111 2158 1284 2202 ecclesie
1315 2157 1545 2201 fabricatus
1577 2161 1653 2202 est.

203 2236 274 2279 38.
315 2235 399 2280 Sed
420 2236 519 2292 quia
539 2235 650 2279 beati
673 2235 773 2279 Bele
794 2236 993 2291 Ungarici
1014 2236 1125 2291 regis
1147 2236 1305 2279 mentio
1328 2235 1488 2290 incidit,
1522 2249 1656 2292 pauca

83 2312 136 2357 de
165 2311 254 2357 filia
285 2313 374 2358 eius
400 2313 572 2371 Sophia,
605 2327 685 2370 que
716 2313 759 2356 in
794 2314 1009 2371 proposito
1035 2314 1291 2369 virginitatis
1324 2313 1400 2356 sub
1433 2327 1551 2356 sacro
1584 2328 1655 2358 ve-

81 2389 239 2436 lamine
276 2391 387 2436 inter
418 2395 584 2436 sanctas
618 2392 800 2446 virgines
831 2391 1137 2435 Admuntensis
1177 2391 1424 2435 monasterii
1465 2391 1655 2435 laudabi-

81 2467 180 2512 liter
210 2468 363 2525 degitb,
404 2470 458 2513 ad
494 2469 800 2513 edificationem
832 2484 1007 2514 narrare
1042 2470 1254 2526 incipiam.
1378 2469 1467 2512 Hec
1498 2470 1654 2514 etenim

83 2549 182 2591 ante
212 2560 344 2590 annos
374 2547 540 2592 nubiles
579 2548 713 2605 petita
753 2551 817 2591 est
852 2548 896 2591 in
928 2547 1245 2591 matrimonium
1278 2547 1476 2591 Heinrico
1507 2561 1652 2605 puero,

82 2623 406 2669 Teutonicorum
438 2625 549 2680 regis
581 2622 789 2669 Cun1·adi²
819 2625 906 2668 filio
942 2625 1236 2682 primogenite.
1291 2624 1395 2668 Bela
1426 2638 1524 2681 ergo
1557 2639 1652 2670 cum

83 2715 184 2760 sepe
211 2706 384 2758 rogatus
416 2703 585 2746 tandem
619 2700 920 2759 acquievisset³
951 2703 1060 2746 hanc
1091 2702 1153 2745 illi
1180 2702 1293 2757 dare,
1327 2706 1370 2746 et
1399 2704 1543 2747 nuncii
1574 2717 1651 2760 pro
1692 2716 1783 2751 1139

174 2788 203 2810 a.
234 2779 272 2810 In
294 2779 380 2810 codd.
403 2778 531 2818 (NBR)
555 2780 630 2811 haec
651 2779 698 2811 ita
720 2779 854 2819 confusa
874 2785 963 2811 sunt:
991 2782 1091 2810 certus
1113 2780 1215 2819 itaque
1238 2780 1275 2810 de
1298 2781 1500 2811 strennuitate
1523 2789 1558 2811 ac
1580 2789 1651 2819 pru-
1677 2764 1741 2795 1⁰¹¹·
1759 2766 1796 2794 11

82 2832 186 2863 dentis
205 2832 328 2863 Rudolfl
350 2834 401 2873 epl
424 2832 499 2873 (epe
521 2833 587 2871 R),
617 2834 703 2864 cuius
725 2834 870 2880 memoria
892 2843 1012 2873 semper
1033 2834 1064 2863 in
1086 2833 1298 2864 benedictione
1321 2834 1378 2871 sit,
1408 2834 1459 2873 qui
1489 2834 1527 2864 ad
1550 2834 1651 2864 omnia

82 2886 184 2917 studia
204 2887 410 2917 misericordie
433 2886 557 2917 sedulus
581 2887 608 2917 ei
631 2887 769 2916 minister
791 2888 864 2917 erat.
999 2886 1030 2916 b.
1063 2886 1155 2924 elegit
1176 2886 1217 2923 N,
1240 2886 1324 2924 degit
1346 2887 1415 2917 BR.

178 2938 211 2973 1.
237 2937 284 2974 de
300 2937 369 2974 hac
388 2948 517 2983 „cruce
535 2937 757 2974 Salvatoris“
778 2937 824 2974 cf.
842 2938 952 2974 etiam
970 2937 1050 2974 Ebo
1068 2938 1084 2974 1
1103 2939 1147 2974 17
1165 2948 1276 2984 supra
1300 2950 1336 2984 p.
1357 2939 1437 2974 604.
1528 2940 1561 2973 2.
1588 2938 1651 2973 111.

81 2995 116 3031 3.
142 2995 201 3032 die
215 2997 256 3032 11
272 2997 351 3032 Iun.
369 2998 477 3044 11393
495 3009 530 3032 v.
548 2996 680 3033 librum
699 3007 838 3032 meum:
856 2996 1074 3033 Geschichte
1092 2997 1157 3033 des
1174 2997 1376 3033 deutschen
1394 2996 1527 3033 Reichs
1546 3000 1653 3033 unter

82 3054 227 3092 Com-ad
243 3056 296 3092 111
320 3066 357 3101 p.
374 3057 421 3092 83
446 3067 481 3091 n.
500 3056 558 3092 40.
