2028 3438
150 391 242 425 1066
267 399 325 424 ex.

134 457 178 462 —
188 438 278 472 1067
289 438 334 471 in.

359 261 415 304 62
828 317 830 320 ¹
881 271 1102 303 UDALmoI
1131 271 1301 304 connx.
1348 270 1394 303 32

356 378 616 434 temporibus
652 378 956 422 nefandissima
992 381 1034 422 et
1071 377 1395 422 sceleratissima
1429 376 1716 420 Neronianae·
1750 379 1795 423 et
1831 374 1915 419 De-

357 454 529 514 cinnae?
556 455 858 512 persecutionis
889 455 1172 510 cruciamenta
1203 457 1414 511 expertus,
1448 452 1642 499 horribili
1675 455 1718 496 et
1747 463 1916 501 ewra·

356 532 431 576 bili
460 546 665 589 penarum
696 546 846 587 genere
877 532 1066 575 addictus
1099 535 1163 575 est
1192 532 1329 574 morti.
1377 530 1445 574 Ad
1475 530 1592 574 cuius
1626 516 1918 579 monem

334 610 470 653 necis
501 610 717 665 ultionem,
750 609 991 653 testamenti
1013 609 1077 652 sui
1100 609 1341 653 recordatus
1355 605 1378 663 ¹,
1410 608 1593 665 primum
1620 607 1914 664 assurgat-uo-

357 687 496 730 minus
527 686 643 730 Iesus
674 686 879 742 Christus,
911 686 1008 730 dein
1038 690 1203 730 vestrae
1234 685 1495 730 auctoritatis
1523 685 1755 730 fortissima
1780 687 1915 742 stipav-

357 764 573 807 trocinalis
602 777 764 807 manus.
1688 806 1690 808 ,
1803 792 1806 803 1

478 840 618 885 Sacris
649 854 830 896 namque
861 854 1065 884 canonum
1099 840 1276 884 decretis
1308 839 1514 884 sancitum
1544 842 1654 884 est⁸2
1693 837 1916 895 ut71sicubi

359 911 578 975 episcopus
618 918 854 973 ordinetur,
902 918 974 974 qui
1020 917 1109 961 vita
1154 917 1222 961 vel
1259 917 1445 960 moribus
1485 930 1510 960 a
1546 919 1663 960 tanta
1684 952 1686 955 v
1708 915 1917 973 discrepet

359 996 561 1051 dignitate
592 995 659 1038 vel
690 995 762 1051 qui
793 995 846 1038 ad
877 998 1040 1038 tantum
1079 995 1304 1038 adscendet
1336 995 1496 1050 apicem
1535 993 1804 1051 subreptione
1831 1006 1917 1039 non

358 1073 572 1128 electione,
606 1073 645 1116 ei
676 1072 932 1115 audientiam
961 1086 1047 1115 nou
1076 1072 1267 1127 negari‘¹;
1301 1075 1342 1115 et
1364 1072 1463 1115 hoc⁰
1485 1072 1611 1115 etiam
1633 1074 1802 1128 practer
1822 1083 1915 1114 sen-

358 1151 536 1194 tentiam
575 1150 753 1193 Romani
789 1148 997 1205 pontificis
1034 1163 1118 1192 non
1157 1149 1306 1193 debere
1352 1148 1456 1192 fieri.
1502 1148 1551 1192 In
1597 1162 1680 1204 qua
1716 1161 1763 1192 re
1796 1148 1843 1192 si
1871 1161 1916 1192 se

359 1227 494 1271 clerus
533 1227 600 1270 vel
638 1226 818 1283 populus
856 1226 1077 1270 cuiuslibet
1115 1226 1297 1270 civitatis
1330 1226 1507 1269 seculari
1545 1226 1735 1282 potentia
1764 1224 1917 1270 viderit

359 1304 648 1361 praegravari,
683 1304 736 1347 ad
767 1317 928 1347 sacram
962 1303 1143 1347 vestrae‘
1173 1303 1284 1347 sedis
1314 1303 1603 1347 defensionem·
1637 1302 1790 1347 habeat
1818 1314 1916 1366 cone

358 1382 533 1436 fugium,
555 1381 634 1436 cui,
656 1381 939 1437 praecipiente
959 1380 1154 1436 Domino,
1186 1380 1398 1435 delegatus
1421 1383 1485 1424 est
1503 1381 1709 1437 primatus
1729 1379 1915 1423 omnium

360 1459 641 1503 ecclesiarum.
1802 1468 1803 1471 ¹
1827 1496 1829 1498 .

477 1535 599 1579 Nunc
628 1548 726 1578 vero
759 1559 813 1564 —-
845 1535 1001 1578 nedum
1030 1535 1102 1578 isti
1133 1535 1184 1578 de
1215 1549 1296 1591 quo
1336 1535 1473 1590 agitur
1510 1534 1712 1578 canonica
1745 1533 1916 1589 daretur

360 1613 591 1667 audientia,
645 1612 797 1655 nedum
844 1612 973 1656 vestri
1020 1613 1224 1656 examinis
1276 1615 1567 1669 expectaretur
1613 1611 1821 1656 sententia
1859 1634 1914 1643 -—

361 1690 504 1746 quasig
540 1690 697 1733 furtiva
734 1689 1075 1745 latrocinantium
1115 1704 1244 1733 manu
1282 1693 1427 1746 captus
1470 1692 1512 1732 et
1549 1688 1774 1745 spoliatae,
1819 1687 1915 1732 dein

359 1767 608 1822 gravissima
640 1767 690 1810 de
718 1766 809 1810 loco
842 1767 894 1809 ad
931 1767 1068 1810 locum
1100 1767 1455 1823 transportatione
1493 1765 1692 1822 afflictus,
1731 1765 1914 1820 tandem,

359 1848 407 1887 ut
437 1848 630 1887 asserunt
660 1844 870 1887 communi
889 1844 1055 1887 illorum
1077 1844 1263 1899 consilio,
1295 1847 1430 1887 morte
1450 1844 1695 1900 turpissima
1714 1843 1914 1886 multatus

360 1925 435 1966 est.
528 1921 619 1972 Qua
656 1922 707 1965 de
745 1935 790 1965 re
832 1936 956 1978 quam
987 1922 1171 1976 graviter
1200 1921 1482 1964 unanimitash
1519 1921 1696 1965 fratrum
1732 1921 1789 1964 sit
1817 1933 1914 1964 con·

360 2013 502 2054 cussa,
542 2012 667 2054 quam
705 1999 902 2042 atrociter
940 1999 1078 2042 audax
1113 1999 1440 2042 facinorosorum
1472 1998 1684 2043 hominum
1717 1997 1916 2055 violentia

361 2077 414 2120 ad
445 2077 554 2120 sacri
585 2077 743 2119 ordinis
773 2076 972 2119 iniuriam
1003 2077 1059 2120 sit
1079 2080 1229 2132 erecta,
1261 2080 1425 2120 vestrae
1456 2076 1690 2119 sanctitatis
1721 2078 1786 2120 est
1815 2089 1914 2132 pru-

360 2154 506 2198 denter
538 2153 796 2210 perpendere
828 2156 890 2209 et,
928 2154 1006 2197 hoc
1036 2154 1243 2197 nefarium
1274 2154 1407 2197 scelus
1439 2154 1635 2197 canonice
1665 2153 1913 2208 ulciscendo,

359 2245 412 2274 ne
453 2231 503 2275 de
541 2234 679 2274 cetero
716 2231 800 2274 tale
841 2231 941 2286 quid
980 2234 1293 2288 praesumatur,
1340 2231 1519 2288 posteris
1565 2230 1804 2287 exemplum
1848 2244 1914 2274 re-

359 2295 560 2364 linquere.
615 2308 719 2363 Orat
743 2322 840 2363 ergo
865 2309 1129 2352 sanctitatem
1150 2311 1332 2351 vestram
1355 2308 1519 2352 socialis
1545 2308 1723 2351 fratrum
1750 2310 1913 2359 nostro·

359 2386 469 2428 rumi
501 2386 721 2428 concordia
751 2390 793 2429 et
822 2386 901 2429 hoc
931 2400 957 2429 a
986 2385 1117 2429 vestri
1136 2385 1328 2428 culminis
1356 2385 1589 2442 patrocinio
1609 2388 1697 2429 tota
1715 2385 1915 2442 implorat

361 2462 554 2505 ecclesia:
595 2466 643 2505 ut
679 2463 788 2505 tanti
830 2463 998 2506 sceleris
1047 2466 1234 2505 auctores
1275 2462 1591 2517 diligentissime
1635 2462 1911 2519 perquiratis3

359 2539 551 2582 inventos
583 2539 889 2602 districtissime
920 2540 1124 2602 puniatis}
1158 2540 1228 2595 qui
1259 2540 1295 2582 si
1319 2540 1426 2582 forte
1448 2539 1747 2583 dissimulando
1767 2538 1912 2593 latent,

360 2615 499 2670 gladio
532 2615 712 2672 Spiritus
745 2617 879 2659 sancti
910 2617 1023 2660 velut
1052 2616 1221 2673 putrida
1251 2616 1439 2659 membra
1470 2617 1521 2659 de
1558 2630 1729 2673 corpore
1758 2615 1913 2658 Christi

362 2693 586 2738 abscidatis
615 2696 669 2747 et,
700 2696 747 2735 ut
768 2706 911 2736 omnes
934 2694 1060 2737 etiam
1081 2693 1419 2737 consacerdotesk
1439 2694 1573 2736 nostri
1595 2707 1664 2737 eos
1685 2695 1912 2749 perpetuae

359 2769 663 2812 maledictionis
695 2769 960 2813 anathemate
990 2770 1156 2826 feriant,
1187 2769 1426 2813 firmissime
1458 2771 1738 2827 praecipiatis.

454 2861 481 2881 a.
513 2851 695 2881 Neroniacae
718 2853 755 2881 B.
839 2852 868 2882 b.
901 2852 1052 2883 Dacianae
1073 2853 1111 2882 B.
1196 2862 1220 2882 c.
1255 2853 1415 2882 sanctitum
1437 2852 1471 2889 Z,
1495 2853 1660 2883 sanccitum
1680 2851 1714 2883 G.
1798 2852 1827 2882 d.
1860 2851 1911 2881 de-

360 2905 463 2942 negari
478 2905 515 2934 B.
601 2914 626 2934 e.
654 2904 729 2934 haec
747 2905 803 2942 VZ.
887 2905 907 2934 f.
936 2915 991 2935 om.
1006 2905 1063 2936 VZ.
1147 2914 1174 2943 g.
1208 2914 1281 2943 quas
1299 2904 1333 2934 G.
1417 2905 1448 2935 h.
1476 2906 1618 2935 unimitas
1638 2905 1672 2935 G.
1756 2905 1777 2934 i,
1805 2914 1861 2934 om.
1876 2903 1910 2934 G.

359 2957 390 2987 k.
422 2959 453 2988 et
472 2959 507 2987 ut
528 2966 631 2987 omnes
654 2957 827 2987 sacerdotes
849 2957 883 2987 G.

456 3009 487 3044 1.
514 3007 568 3044 ef.
586 3007 712 3044 Matth.
731 3009 787 3054 23,
805 3009 861 3044 35.
