2028 3438
578 230 800 262 UDALRIOI
830 229 1001 262 connx.
1050 227 1107 262 81.
1125 226 1172 261 82
1580 212 1665 260 163

91 336 318 395 providum
344 337 541 381 nuntium
570 315 618 381 in
647 340 791 395 partes
822 341 991 381 nostras
1022 350 1076 380 ne
1107 335 1312 380 differatis
1342 335 1534 390 mittere3
1568 335 1667 391 quia
1690 347 1834 382 c.1093

93 407 353 462 adhud¹cum
384 413 470 458 Dei
497 414 706 459 adiutorio
740 418 783 460 et
813 418 952 460 vestro
985 413 1174 458 omnium
1203 413 1472 457 inimicorum
1504 413 1665 457 machi-

91 490 301 550 nationes,
319 494 499 538 iscrvato
529 492 687 537 honore
717 496 871 550 vestro,
904 492 958 537 ad
977 491 1181 536 nichilum
1203 504 1423 549 speramus
1444 490 1663 535 deducere.

94 634 178 684 82.
217 635 411 680 Urbanus
432 637 491 680 II
510 652 631 695 papa
651 637 869 680 Hartwico
901 636 1216 693 archiepiscopo
1239 636 1599 692 Maydebmyenci
1628 643 1666 678 et

211 713 431 759 Harma-0
462 716 656 773 episcopo
687 715 890 758 Verdemi
919 714 1180 757 commendat
1199 713 1475 757 Herrandum
1504 715 1664 770 episco-

135 808 138 809 ’
200 806 326 850 γαπ
345 792 726 837 Habberstatensem
763 809 792 836 a
822 807 909 835 sese
940 800 1235 835 consecratum.
1295 791 1567 835 Fredericum
1596 793 1664 833 in-

210 871 401 914 sumerem
431 872 613 914 eiusdem
645 871 840 914 ecclesiae
869 871 1069 928 reprobat
1078 877 1104 913 ³.
1485 868 1536 922 (E
1562 868 1665 922 181)

210 951 407 1004 Urbanus
446 960 669 1017 episcopus
708 974 853 1004 servus
893 973 1111 1004 servorum
1142 959 1223 1003 Dei
1262 958 1426 1002 dilectis
1461 958 1664 1002 fratribus
1704 968 1798 1003 1094

91 1033 346 1093 Hfflrtwi'co)
377 1037 729 1094 Magdeburgensi
776 1038 1090 1095 archiepiscopo
1138 1040 1181 1081 et
1225 1036 1473 1091 H(artwico)
1510 1035 1666 1079 Virdu-
1688 1016 1775 1047 Febr·
1792 1018 1810 1048 ⁶

90 1104 239 1160 nensi'
265 1115 463 1174 episcopo
494 1119 537 1160 et
567 1117 717 1160 ceteris
750 1116 959 1174 episcopis
991 1119 1034 1160 et
1055 1114 1276 1159 abbatibus
1299 1114 1510 1159 Saxoniae
1531 1114 1575 1158 in
1597 1127 1666 1158 ca-

91 1193 248 1239 tholica
275 1193 359 1238 fide
389 1194 712 1252 persistentibus
745 1194 925 1238 salutem
955 1196 997 1238 et
1017 1193 1294 1251 apostolicam
1314 1193 1663 1236 benedictionem.

196 1271 400 1324 >Qualiter
429 1273 475 1316 in
505 1272 843 1316 Halberstatensi
876 1272 1054 1317 ecclesia
1084 1270 1337 1315 venerabilis
1368 1271 1501 1314 frater
1523 1274 1667 1314 noster

91 1348 393 1407 ΕΘΗ-31111118),
433 1351 501 1394 cui
531 1364 608 1394 nos
642 1350 847 1408 Stephani
878 1364 1031 1394 nomen
1061 1350 1349 1407 inposuimus,
1390 1349 1476 1392 iam
1509 1348 1666 1392 dudum

92 1427 249 1472 electus
279 1421 437 1485 fuerit,
455 1428 808 1486 quemadmodum
841 1428 947 1472 dolis
980 1431 1022 1472 et
1052 1427 1276 1472 blandiciis
1307 1427 1434 1470 minis
1463 1440 1511 1470 ac
1531 1429 1666 1470 terro—

91 1505 208 1550 ribus
238 1495 302 1551 ab⁴
324 1506 471 1552 cadem
503 1507 681 1551 ecclesia
713 1507 769 1550 sit
799 1506 1061 1562 exturbatus,
1093 1505 1364 1564 prudentiam
1387 1508 1571 1549 vestram
1604 1504 1667 1547 la-

91 1587 186 1629 θεῖε
210 1597 296 1629 11011
327 1585 549 1629 credimus.
598 1585 802 1642 Respexit
831 1588 974 1628 tamen
1006 1584 1211 1642 populum
1237 1597 1360 1627 suum
1381 1581 1665 1626 miserationis

92 1674 299 1721 supernae
338 1663 547 1720 dignatio,
587 1677 683 1707 cum
715 1663 894 1707 eundem
928 1662 1106 1706 electum
1139 1662 1193 1705 ad
1224 1665 1465 1705 sanctorum
1498 1663 1666 1717 aposto-

90 1738 229 1785 lorum
257 1741 408 1786 limina
439 1745 481 1786 e‘t
512 1742 565 1785 ad
595 1745 783 1785 nostram
817 1741 1100 1799 praesentiam
1135 1740 1312 1784 adduxit
1341 1743 1384 1783 et
1413 1763 1467 1770 —-
1502 1737 1601 1794 quia
1620 1738 1666 1781 in

90 1819 419 1877 metropolitana
448 1819 720 1876 Moguntinae
761 1818 962 1863 ecclesiae
1003 1819 1102 1863 sede
1141 1832 1218 1876 pro
1253 1821 1375 1861 tanta
1406 1815 1666 1860 scismatico-

90 1911 186 1941 rum
215 1900 468 1955 tempestate
500 1898 688 1941 ordinari
719 1911 803 1940 non
836 1900 1003 1954 poterat
1036 1922 1089 1926 —
1124 1910 1219 1940 eum
1251 1896 1295 1938 in
1323 1896 1418 1952 ipsa
1439 1894 1665 1938 catholico-

90 1989 184 2020 rum
217 1975 405 2020 omnium
437 1975 587 2019 matris
608 1974 821 2019 Romanae
844 1975 1043 2019 ecclesiae
1066 1974 1164 2018 sede
1185 1973 1422 2018 consecrari
1444 1972 1663 2031 concessit.

211 2053 316 2098 Cum
350 2054 462 2097 enim
493 2053 677 2098 venisset
708 2053 760 2097 ad
791 2067 890 2109 nos,
925 2053 1074 2109 quibus
1105 2052 1206 2096 licet
1235 2051 1422 2106 indignis
1455 2050 1665 2108 apostolo-

91 2145 185 2175 rum
221 2131 428 2190 principis
466 2132 557 2175 vice
599 2145 647 2175 ac
685 2131 776 2175 loco
818 2134 1062 2174 cunctarum
1102 2144 1179 2187 per
1216 2129 1360 2173 orbem
1393 2128 1665 2172 ecclesiarum

91 2221 194 2254 cura
224 2222 274 2254 ac
304 2209 529 2267 disposicio
561 2210 747 2253 cernitur
778 2209 1022 2264 imminere,
1062 2209 1197 2265 ipsius
1231 2207 1477 2251 electionem
1509 2205 1665 2248 iustam

92 2290 220 2344 atque
260 2288 503 2332 canonicam
545 2290 843 2343 cognoscentes
883 2286 1203 2344 praesentisque
1240 2284 1444 2341 temporis
1482 2282 1665 2327 necessi—

89 2367 220 2409 tatem
252 2365 581 2421 considerantes,
614 2366 922 2409 communicato
954 2365 1214 2408 confratrum
1239 2365 1480 2406 nostrorum
1505 2361 1665 2418 episco-

90 2455 240 2501 porum
280 2446 322 2487 et
361 2443 639 2487 cardinalium
681 2457 729 2487 ac
766 2442 971 2486 nobilium
1003 2441 1288 2484 Romanorum
1328 2439 1527 2495 consilio,
1569 2452 1663 2482 eum

91 2524 300 2565 annuente
330 2520 513 2565 Domino
553 2510 927 2566 consecravimus².
992 2519 1192 2576 Oportuit
1232 2517 1441 2574 siquidem
1476 2530 1554 2560 nos
1586 2529 1664 2574 pro

90 2598 305 2642 commissi
339 2599 461 2644 nobis
494 2598 620 2643 officii
651 2599 852 2643 servitute
884 2602 973 2641 tam
1005 2597 1212 2640 diutinam
1245 2595 1431 2639 eiusdem
1464 2594 1664 2639 ecclesiae

89 2669 392 2721 desolationem
425 2677 642 2721 attendere
673 2681 715 2721 et
745 2680 808 2721 tot
840 2676 1076 2719 animarum
1107 2673 1233 2717 saluti
1252 2673 1459 2729 largiente
1481 2672 1663 2716 Domino

89 2754 325 2811 providere.
433 2754 556 2798 Hunc
587 2755 729 2811 itaque
759 2754 895 2798 nostri
925 2752 1083 2796 laboris
1116 2752 1276 2795 socium
1308 2765 1403 2796 cum
1424 2751 1662 2795 litterarum

89 2831 379 2888 praesentium
410 2832 774 2876 commendatione
795 2831 1073 2884 remittimus3
1107 2829 1373 2873 obsecrantes
1395 2842 1472 2886 pro
1495 2828 1662 2872 Christo

185 2940 213 2963 a.
244 2942 283 2963 a
305 2933 333 2963 V
351 2934 524 2970 84—84v‚
548 2933 821 2973 Zp.176——177.

187 2996 220 3031 1.
245 2995 438 3032 Verdensi.
551 2997 585 3032 2.
611 2996 670 3032 die
695 2997 741 3032 29
757 2996 835 3032 Ian.
855 2995 967 3041 10943
994 3005 1029 3030 v.
1049 2994 1212 3039 Regesta
1234 2996 1335 3040 pont.
1355 2994 1460 3029 Rom.
1486 3003 1522 3039 p.
1540 2992 1622 3028 459.

1299 3058 1377 3094 11*
