2028 3438
475 259 716 291 mancam
745 259 988 292 DIALoous.
1036 260 1123 290 Lm.
1145 259 1198 290 1n
1228 257 1275 290 20
1579 246 1666 289 815

93 364 269 422 propria
298 368 341 409 et
369 365 504 409 tocius
537 365 696 423 populi,
729 365 782 410 do
811 369 924 410 statu
955 365 1139 409 civitatis
1171 367 1213 408 et
1244 365 1560 409 conservatione
1590 377 1665 421 pa·
1692 374 1783 410 1127

93 442 195 486 trica*
209 441 442 487 secundum
481 442 748 500 prudentiam
788 442 918 487 seculi
957 442 1180 498 diligenter
1217 441 1501 498 disputabant.
1564 441 1664 486 Pre-

93 519 216 577 cipue
253 522 393 564 autem
425 520 645 576 universa,
688 534 767 576 que
799 520 966 564 Ottonis
1000 523 1140 575 erant,
1183 519 1296 562 dicta
1326 518 1392 562 vel
1423 518 1536 562 facta
1567 532 1666 562 exa-

95 596 270 641 mussim
300 597 584 652 trutinabant3
618 601 660 642 et
691 598 902 642 mediante
925 597 1087 655 Spiritu
1119 600 1263 640 sancto
1295 596 1338 639 in
1360 595 1468 639 hanc
1499 600 1666 640 senten-

93 674 197 718 tiam
219 687 369 719 omnes
384 667 664 719 communiter
685 675 856 719 cedunt:
891 678 950 731 ut,
979 675 1168 718 funditus
1190 674 1426 730 exstirpata
1445 673 1665 731 ydolorum

93 751 271 808 cultura,
302 762 356 797 ex
385 752 550 808 integro
583 766 628 797 se
659 752 851 808 religioni
885 753 1113 796 christiane
1144 751 1408 795 submittant.
1457 750 1597 806 Atque
1622 751 1665 793 in

93 829 173 874 hoc
203 829 329 874 verbo
360 829 584 875 concilium
616 830 796 875 solvunt.
910 829 1143 874 Witscacus
1176 832 1331 884 autem,
1364 828 1436 884 qui
1468 828 1664 872 omnibus

92 906 159 951 his
187 907 405 963 intererat,
436 911 559 952 nocte
586 908 681 965 ipsa
701 922 796 952 cum
819 909 964 966 paucis
986 908 1039 951 ad
1061 907 1304 964 episcopum
1326 906 1512 961 veniens,
1545 909 1665 962 opta-

93 988 184 1029 tum
215 985 416 1030 nuncium
448 985 582 1043 affert,
615 1000 739 1030 omne
766 985 987 1029 consilium
1009 986 1047 1029 ei
1068 984 1252 1029 breviter
1272 984 1505 1027 insinuans.
1555 982 1665 1026 Dein

93 1061 279 1108 collectis
315 1063 369 1108 ad
400 1065 645 1122 episcopum
677 1063 839 1108 clericis
872 1066 914 1107 et
944 1063 1038 1106 aliis
1069 1061 1369 1117 familiaribus,
1411 1061 1554 1104 omnia
1585 1074 1665 1116 que

94 1139 286 1185 audierat
316 1155 480 1199 queque
509 1142 555 1185 in
586 1141 762 1186 concilio
794 1141 845 1185 de
875 1141 969 1198 ipso
1002 1140 1115 1184 dicta
1143 1140 1323 1195 fuerant,
1361 1138 1522 1182 scilicet
1553 1138 1666 1182 ordi-

93 1231 191 1264 nem
228 1218 492 1263 liberationis
530 1219 664 1276 ipsius
705 1219 775 1275 qui
812 1218 1083 1275 loquebatur-3
1123 1220 1166 1261 et
1204 1217 1255 1261 de
1290 1216 1514 1271 miraculo,
1555 1215 1667 1272 quod

93 1295 237 1341 hastas
268 1296 482 1341 vibrantes
518 1300 666 1341 eontra
696 1297 938 1354 episcopum
982 1295 1118 1353 pridie
1150 1295 1440 1350 obriguerant3
1482 1297 1524 1338 et
1555 1293 1666 1350 quod

95 1374 232 1419 adhuc
269 1374 430 1419 latebat
468 1375 732 1432 episcopum:
775 1374 941 1430 quando
983 1373 1034 1417 ad
1077 1373 1298 1418 ecclesiam
1330 1385 1425 1416 cum
1458 1370 1664 1415 ministris

93 1465 172 1510 per
199 1451 386 1510 plateam
420 1456 670 1510 preparatus
701 1452 943 1506 incedebat,
975 1454 1118 1495 tantus
1150 1450 1348 1508 splendor
1379 1449 1560 1493 vestium
1591 1462 1666 1505 ap-

93 1530 258 1588 paruit,
298 1533 347 1574 ut
375 1530 553 1586 maligni
583 1530 794 1585 homines,
835 1529 905 1585 qui
939 1529 991 1572 ad
1023 1543 1116 1573 eum
1149 1528 1382 1572 necandum
1417 1540 1468 1571 ex
1499 1526 1666 1570 insidiis

95 1607 333 1664 veniebant,
368 1608 499 1652 nimie
529 1608 734 1652 claritatis
767 1610 940 1664 aspectu
969 1606 1013 1649 in
1045 1606 1203 1662 fugam,
1242 1605 1380 1650 territi
1412 1618 1460 1648 ac
1492 1603 1664 1659 turbati,

94 1686 206 1730 versi
225 1685 402 1741 fuerint3
435 1686 615 1743 denique
635 1686 772 1729 virum
795 1684 930 1740 illum,
957 1684 1095 1728 virum
1117 1683 1265 1739 Belial,
1296 1682 1570 1738 sacerdotem,
1594 1681 1665 1738 qui

96 1764 135 1808 ei
165 1764 429 1808 concionanti
463 1764 516 1808 ad
548 1763 748 1821 populum
782 1762 1083 1819 impedimento
1115 1762 1266 1817 fuerat,
1299 1761 1352 1804 ab
1377 1760 1482 1818 ipsis
1504 1759 1665 1803 civibus

96 1841 274 1886 eiectum
314 1842 500 1886 nunciat.
525 1850 528 1852 ’
563 1841 694 1885 Porro
728 1840 841 1898 apud
873 1854 943 1885 eos
975 1840 1065 1884 eius
1095 1838 1370 1883 liberalitates
1392 1841 1443 1882 .et
1475 1837 1667 1881 elemosi-

95 1933 246 1964 narum
276 1920 517 1963 inestimate
547 1919 792 1974 largitiones
821 1922 863 1962 et
884 1918 1145 1975 captivorum
1168 1917 1501 1974 redemptiones3
1535 1915 1666 1972 quod-

96 2011 176 2055 que
207 1997 298 2041 sine
328 2010 484 2053 magna
513 1996 888 2053 reconpensatione
919 1995 1074 2039 nullius
1097 2008 1241 2039 eorum
1263 2007 1363 2050 opes
1384 1993 1451 2037 vel
1473 1992 1666 2037 substan-

96 2075 201 2120 tiam
222 2074 407 2120 oblatam
428 2074 665 2129 contigerit,
699 2074 786 2118 suis
806 2074 1010 2131 impensis
1033 2086 1124 2116 sese
1147 2075 1272 2127 atque
1293 2085 1391 2114 suos
1412 2070 1665 2125 transigens,

97 2153 225 2198 etiam
256 2152 451 2197 basilicas
484 2155 721 2197 exstrueret
752 2152 1069 2207 destructasque
1100 2149 1384 2203 reedificaret3
1419 2148 1560 2192 omnia
1591 2147 1667 2192 hec

97 2234 252 2290 quante
274 2231 555 2275 venerationis
587 2234 796 2287 quanteve
827 2228 1119 2273 admirationis
1141 2228 1285 2271 habita
1306 2227 1405 2282 sint,
1438 2239 1533 2270 cum
1565 2239 1666 2281 gau-

97 2308 166 2353 dio
204 2308 425 2353 referebat.
547 2307 679 2364 Igitur
718 2308 769 2352 de
800 2321 924 2352 mane
955 2319 1211 2362 consurgens
1244 2304 1466 2361 episcopus
1499 2307 1540 2347 et
1571 2316 1665 2347 cum

97 2386 327 2443 gratiarum
360 2386 524 2430 actione
554 2386 706 2429 missas
739 2385 977 2440 celebrans,
1018 2383 1311 2428 convenientes
1345 2382 1479 2425 cives³
1511 2381 1665 2424 iterum

98 2463 347 2521 alloquitur,
385 2467 427 2508 et
459 2477 612 2520 pronos
644 2467 770 2519 atque
802 2463 1042 2507 obedientes
1076 2461 1129 2504 ad
1160 2461 1302 2504 omnia
1333 2459 1507 2503 invenit.
1567 2458 1667 2510 Qui-

97 2554 276 2598 cumque
306 2541 418 2585 enim
450 2555 542 2585 sese
573 2541 785 2598 apostasie
805 2541 912 2584 vicio
944 2540 1282 2596 inquinaverant,
1316 2537 1499 2594 Spiritus
1531 2536 1667 2580 sancti

98 2619 254 2663 virtute
291 2618 471 2663 faciente
510 2619 771 2676 compuncti,
813 2632 889 2675 per
928 2631 1079 2661 manus
1117 2615 1428 2673 impositionem
1469 2615 1514 2657 in
1551 2614 1666 2658 fonte

97 2695 367 2741 lacrimarum
392 2709 562 2739 suarum
583 2695 674 2752 loti,
701 2695 874 2740 ecclesie
896 2698 1040 2739 sancte-
1062 2694 1355 2738 reformantur.
1403 2691 1530 2736 Pueri
1552 2705 1665 2747 vero,

100 2777 142 2817 et
184 2773 420 2830 quicunque
466 2776 776 2817 sacramentum
813 2772 1014 2830 baptismi
1050 2771 1237 2814 nondum
1280 2773 1402 2814 erant
1438 2770 1664 2824 consecuti,

39 2857 42 2860 ’
99 2849 389 2907 baptizantur;
429 2851 530 2894 fana
569 2851 864 2905 destruuntur,
904 2849 1173 2894 ecclesiarum
1210 2849 1394 2892 fracture
1431 2848 1667 2891 solidantur

100 2931 162 2982 et,
202 2928 238 2970 si
270 2941 351 2984 que
381 2928 591 2971 destructe
621 2928 809 2982 fuerant,
845 2929 1109 2984 reparantur.
1175 2925 1322 2970 Omnis
1355 2939 1453 2981 ergo
1484 2924 1665 2982 populus

197 3032 223 3052 a.
256 3031 312 3052 om.
329 3022 365 3052 N
367 3036 377 3058 ,-
401 3022 505 3062 recepi
525 3033 563 3053 ex
586 3023 656 3052 BR.
