2028 3438
467 288 705 319 antinoum
736 287 979 318 manoe-118.
1028 288 1113 318 nm.
1138 287 1170 317 11
1201 284 1247 317 42
1556 275 1642 318 789

71 396 217 443 cimus·
236 410 314 454 per
344 399 510 454 patrem
540 399 730 440 nostrum
763 394 911 439 ducem
932 393 1118 438 Polonie.
1166 394 1388 438 Retribuat
1417 394 1479 438 illi
1507 395 1641 438 domi-

71 487 153 520 nns
172 473 288 520 Iesus
319 474 365 518 in
393 473 462 518 die
483 473 710 530 agnitionis
732 473 873 517 omnia
893 473 1017 528 bona,
1051 485 1132 528 que
1153 471 1338 516 ostendit
1358 472 1492 516 nobis.
1532 473 1641 516 Nam

71 555 190 598 tante
216 550 452 597 affectionis
483 554 682 608 tanteque
713 550 986 606 benignitatis
1018 549 1130 594 circa
1158 563 1235 592 nos
1257 550 1413 606 extitit,
1445 553 1492 594 ut
1513 550 1640 594 etiam

71 629 116 675 in
135 628 389 676 Pomerania
418 629 568 687 positis
600 629 750 673 hiemis
782 632 973 686 tempore
1004 627 1075 672 ille
1097 627 1161 671 vir
1192 627 1376 685 optimus
1399 631 1535 672 vestes
1567 641 1641 671 no-

72 707 137 753 bis
175 707 365 753 mitteret
401 706 624 763 hiemales,
665 707 863 764 episcopo
901 710 943 750 et
974 706 1047 750 uni
1078 705 1228 762 cuique
1259 706 1489 749 secundum
1520 719 1641 750 suam

71 799 298 844 personam
334 785 531 841 idoneae,
570 788 657 829 tam
697 785 858 829 clericis
899 798 1024 842 quam
1063 783 1268 827 militibus
1306 783 1394 827 sive
1430 783 1640 829 scutiferis

70 863 279 909 omnibus.
334 863 457 908 Nunc
495 876 593 919 ergo
633 863 934 907 consummatis
973 862 1058 918 his,
1100 861 1153 905 ad
1192 875 1273 918 que
1310 862 1386 905 no‘s
1421 865 1643 906 vocaverat

69 942 184 1000 ipse,
230 942 284 987 ad
320 955 366 986 se
397 955 598 986 ereversos
639 955 784 985 omnes
814 944 969 984 nos··ut
998 939 1107 984 filios
1139 939 1379 984 carissimos
1410 939 1640 997 excipiens,

70 1019 315 1078 episcopum
339 1025 387 1064 'et
407 1023 568 1064 ceteros
590 1033 777 1076 quosque
799 1019 994 1074 congruis
1016 1018 1246 1062 honoribus
1267 1017 1446 1074 habitos,
1478 1017 1642 1062 nullum

69 1097 243 1155 reliquit
279 1097 542 1143 indonatum.
599 1097 730 1152 Dein,
773 1097 872 1153 quia
911 1097 1160 1141 festinantes
1199 1097 1325 1152 vidit,
1372 1109 1467 1141 cum
1507 1096 1642 1140 multa

69 1176 301 1234 gratiarum
341 1176 505 1221 actione
545 1176 763 1231 dimissos,
804 1189 936 1231 usque
979 1176 1022 1218 in
1052 1174 1270 1219 Boemiam
1303 1188 1379 1218 nos
1411 1175 1512 1219 fecit
1543 1188 1642 1219 con-

69 1254 179 1300 duci.
226 1254 464 1313 Episcopus
496 1268 594 1299 vero
627 1257 801 1312 propter
831 1254 1119 1297 festinantiam
1153 1253 1204 1296 de
1226 1253 1472 1310 episcopatu
1492 1252 1641 1297 Pome-

68 1332 188 1378 ranie
218 1346 296 1391 pro
327 1336 424 1377 voto
456 1346 531 1377 suo
563 1336 664 1376 tunc
695 1332 890 1375 ordinare
921 1345 1006 1374 non
1037 1332 1195 1388 potuit3
1230 1331 1303 1375 sed
1335 1331 1386 1375 de
1418 1330 1642 1388 prudentia

68 1411 187 1456 ducis
226 1410 430 1467 confisus,
461 1410 500 1455 ei
536 1424 587 1454 ex
620 1410 704 1454 otio
736 1409 948 1453 commisit
978 1409 1271 1453 ordinandum.
1319 1409 1378 1453 At
1408 1408 1479 1453 ille
1510 1423 1641 1452 unum

68 1489 120 1535 de
152 1489 381 1547 capellanis
413 1489 500 1533 suis
522 1487 798 1532 Adalbertum
831 1488 1015 1543 nomine,
1049 1501 1173 1544 quem
1205 1487 1257 1532 de
1287 1487 1419 1531 latere
1446 1501 1522 1531 suo
1544 1501 1638 1532 cum

68 1566 163 1612 aliis
210 1567 373 1612 duobus
418 1566 705 1612 sacerdotibus
745 1567 788 1609 in
829 1565 1084 1609 adiutorium
1125 1568 1390 1610 concesserat
1427 1566 1639 1623 episcopo,

68 1645 308 1704 presulatus
339 1645 498 1690 honore
528 1645 574 1688 in
605 1647 729 1700 gente
760 1644 833 1688 illa
865 1643 1120 1688 sublimavit.

188 1723 354 1781 Itaque,
391 1727 440 1768 ut
477 1723 616 1768 brevis
657 1723 758 1779 sim,
797 1723 918 1766 iuxta
948 1722 1212 1779 propositum
1245 1735 1368 1765 suum
1400 1725 1497 1766 ante
1529 1722 1640 1766 diem

68 1799 331 1860 palmarum¹
363 1801 416 1846 ad
447 1801 589 1846 sedem
622 1815 742 1845 suam
775 1800 873 1844 Otto
906 1814 1099 1844 reversus
1133 1804 1231 1844 est‘'.

574 2068 771 2112 LIBER
817 2068 1137 2113 TERTIUSb.

192 2180 229 2222 1.
277 2177 380 2222 Post
418 2174 765 2235 quadriennium²
798 2190 918 2232 vero,
959 2176 1058 2220 licet
1095 2176 1239 2220 multis
1280 2177 1393 2220 domi
1425 2179 1640 2220 teneretur

68 2253 282 2313 negociis,
308 2256 400 2314 ipse
432 2259 575 2299 tamen
607 2269 749 2298 amore
779 2254 944 2298 novelle
975 2254 1137 2298 colonie
1169 2269 1242 2298 sue
1272 2253 1470 2310 flagrans,
1503 2255 1637 2298 omni-

69 2334 147 2379 bus
177 2333 439 2392 postpositis,
471 2333 589 2377 illam
611 2333 794 2377 revisere
816 2333 1071 2388 aggreditur.
1122 2332 1203 2377 Sed
1225 2346 1278 2376 ne
1298 2333 1406 2376 forte
1428 2336 1637 2388 gravaret,

68 2425 146 2470 per
176 2425 280 2469 quos
312 2411 467 2456 dudum
502 2411 750 2467 transierat,
784 2411 931 2455 ducem
963 2407 1156 2454 Boemie³
1186 2410 1251 2454 vel
1284 2411 1432 2454 ducem
1464 2410 1638 2454 Polonie

69 2489 225 2534 aliosve
255 2489 369 2533 illius
390 2489 457 2533 vie
488 2489 675 2546 hospites
704 2493 746 2532 et
767 2489 923 2533 amicos
945 2503 1056 2544 suos,
1090 2503 1166 2546 per
1189 2488 1417 2532 Saxoniam
1450 2488 1531 2532 iter
1553 2488 1637 2532 dis-

68 2567 221 2624 posuit.
267 2567 324 2611 Et
355 2567 467 2624 apud
499 2567 666 2610 Hallam
699 2580 827 2610 naves
859 2567 1110 2610 victualibus
1143 2580 1343 2621 onerum,
1376 2579 1452 2623 per
1482 2566 1634 2610 Albam

163 2707 191 2728 a.
226 2698 260 2728 In
283 2698 316 2728 N
334 2702 505 2738 sequuntur
527 2697 619 2728 haec:
650 2698 779 2737 Explicit
809 2698 885 2728 libor
915 2698 1077 2728 secundus.
1118 2697 1270 2736 Incipiunt
1298 2697 1430 2736 capitula
1457 2697 1525 2727 libri
1554 2698 1636 2727 tertii

68 2752 100 2782 in
122 2752 213 2782 vitam
236 2753 332 2782 suncti
355 2751 474 2782 Ottonis
503 2752 648 2790 episcopi.
808 2751 836 2781 b.
871 2751 995 2790 Scripsi
1019 2751 1134 2781 LIBER
1156 2750 1332 2780 TERTIUS.
1374 2751 1408 2781 1η
1432 2751 1467 2780 Ν
1484 2750 1636 2781 habentur

68 2805 162 2836 haec.-
192 2804 364 2844 Expliciunt
392 2805 524 2844 capitula
551 2805 619 2835 libri
647 2805 739 2834 tertii.
781 2805 888 2843 Incipit
916 2804 992 2834 libor
1014 2805 1122 2834 tertius
1153 2805 1183 2835 in
1206 2805 1296 2834 vitam
1325 2804 1406 2834 beati
1429 2803 1549 2834 Ottonis
1572 2805 1634 2843 epi-

69 2859 164 2897 scopi,
184 2858 378 2888 Pomeranice
399 2859 499 2896 gentis
521 2858 662 2897 apostoli.

165 2934 198 2968 1.
224 2936 308 2969 ante
334 2934 380 2969 22
404 2934 507 2969 Mart.
553 2932 627 2969 Sed
652 2931 698 2968 cf.
726 2932 862 2968 Ebonis
888 2933 928 2968 L.
949 2933 983 2968 ΙΙ
1011 2934 1054 2968 18
1078 2944 1190 2980 supra
1213 2946 1248 2981 p.
1267 2935 1348 2970 648.
1494 2936 1528 2970 2.
1561 2934 1634 2970 imo

68 2996 152 3038 post
174 2992 381 3028 triennium.
526 2994 560 3028 3.
586 2992 731 3027 interim
756 2996 878 3027 autem
905 2995 1048 3028 mortuo
1073 2992 1132 3029 dic
1150 2994 1195 3029 12
1216 2993 1304 3040 Apr.
1325 2994 1416 3030 1125
1434 2992 1634 3031 wladislao

68 3050 173 3098 duce,
199 3049 408 3088 Sobicslaus
433 3050 630 3089 Bohemiac
655 3050 731 3087 dux
755 3050 875 3088 factus
901 3054 990 3089 erat.

1669 404 1761 440 1125

1667 2186 1758 2222 1127

1660 2578 1732 2618 Apr.
