2028 3438
640 216 861 251 nmnmc‘r
891 217 1062 251 connx.
1111 218 1153 251 31
1632 206 1690 250 59

233 326 319 373 Sed
338 340 470 372 unum
491 331 568 384 est,
591 327 703 385 quod
723 340 828 385 pace
847 330 992 371 vestra
1011 327 1171 371 dictum
1189 329 1266 382 est,
1289 326 1401 382 quod
1420 326 1691 371 vehementer

113 398 342 461 miramur-3
363 405 524 451 scilicet
543 390 740 464 quia'ad·
762 403 1047 463 apostolatum
1063 407 1252 449 vestrum
1270 403 1505 448 devotionis
1520 407 1690 449 nostrae

113 477 339 541 aliquando
371 479 531 542 scripta
559 483 753 529 misimus
786 488 828 529 et
857 483 975 528 nulla
1009 483 1249 527 sanctitatis
1281 485 1446 526 vestrae
1484 482 1690 540 rescripta

112 555 356 606 meruimus.

132 639 134 641 ’
211 633 641 696 *Οαοῐιιοᾶοοιιιιᾳιιθὺ
672 651 772 696 ergo
803 639 930 683 illud⁰
953 638 1190 694 contigerit,
1222 651 1335 682 nunc
1355 637 1505 681 humili
1526 638 1689 696 suppli-

112 711 211 762 catu
240 720 426 762 v'estram
457 731 680 761 exoramus
711 717 1034 775 paternitatem:
1067 719 1128 772 ut,
1161 715 1260 772 quia
1278 716 1400 772 regni
1430 717 1565 760 nostri
1587 717 1688 760 estis

113 803 270 839 corona
298 798 342 839 et
371 788 508 839 tocius
527 791 708 839 Romani
728 795 898 853 imperii
929 794 1137 850 diadema,
1167 792 1246 837 filii
1269 795 1401 838 vestri
1424 794 1584 838 domini
1606 795 1689 838 mei

112 864 228 929 regis
254 871 505 929 H(einrici)‘¹
535 887 703 931 semper
732 874 775 917 in
809 873 917 917 bono
948 872 1191 916 meminisse
1223 872 1476 928 dignemini3
1509 875 1551 916 et
1580 872 1690 916 sicut

113 951 173 995 ei·
203 950 406 995 hactenus
437 951 614 996 consilio
646 955 688 996 et
717 950 875 994 auxilio
906 964 1002 995 cum
1033 964 1135 994 vera
1165 949 1247 994 fide
1275 948 1468 1007 affuistis,
1500 951 1563 994 ita
1593 964 1687 994 cum

113 1042 162 1073 eo
193 1042 326 1086 usque
358 1029 412 1073 ad
442 1042 641 1073 coronam
673 1029 844 1087 imperii
874 1028 1108 1087 apostolica
1138 1029 1376 1072 constantia
1405 1028 1656 1086 persistatis,

230 1106 442 1164 Preterea,
475 1108 575 1164 quia
605 1108 696 1152 vice
726 1109 870 1164 magni
900 1108 1015 1152 illius
1047 1107 1165 1151 Petri
1195 1106 1314 1151 vobis
1353 1107 1593 1164 specialiter
1623 1108 1687 1151 in-

111 1185 256 1230 iuncta
293 1189 361 1230 est·
395 1178 633 1229 sollicitudo
672 1186 859 1230 omnium
907 1185 1180 1230 ecclesiarum
1229 1189 1271 1229 et
1315 1185 1369 1229 ad
1409 1185 1688 1243 apostolicum

111 1263 312 1308 verticem
351 1263 596 1308 referendae
635 1268 734 1308 sunt
772 1265 980 1308 maiorum
1019 1277 1170 1308 causae
1208 1264 1497 1320 negociorum,
1535 1265 1687 1308 iccirco

111 1341 223 1386 hunc
257 1341 496 1387 litterarum
534 1342 807 1400 portitorem¹
836 1343 890 1386 ad
921 1346 1106 1387 vestram
1139 1342 1362 1398 dirigimus
1394 1344 1685 1398 sanctitatem3

112 1420 184 1477 qui
222 1419 326 1476 heu,
358 1419 516 1464 diaboli
546 1420 718 1465 fallente
756 1421 979 1477 instinctu,
1012 1421 1370 1476 consanguineum
1401 1434 1525 1464 suum
1555 1422 1686 1466 inter-

110 1497 223 1542 fecit.
271 1497 400 1542 Cuius
439 1498 502 1542 rei
533 1498 705 1555 seriem,
746 1499 845 1556 quia
881 1499 1053 1555 longum
1086 1503 1150 1543 est
1181 1499 1400 1556 epistolari
1438 1499 1587 1543 seedae
1621 1500 1687 1543 in-

111 1589 272 1633 serere,
316 1577 422 1635 ipse,
456 1577 517 1620 si⁶
547 1577 799 1634 dig-nemini,
830 1578 927 1621 viva
958 1591 1059 1621 voce
1089 1577 1240 1623 melius
1271 1577 1511 1635 explicabit.
1563 1577 1687 1622 Com-

112 1654 245 1712 plevit
276 1658 417 1700 autem
447 1655 727 1713 penitenciale
758 1655 963 1700 ieiunium
995 1660 1037 1700 et
1066 1659 1227 1711 cetera,
1267 1669 1373 1712 quae
1405 1656 1686 1701 ecclesiastico

111 1740 229 1777 more
267 1733 554 1791 penitentibus
594 1734 820 1779 traduntur
865 1735 921 1778 ad
967 1734 1215 1779 remedium.
1271 1733 1557 1799 Penitentiam
1597 1736 1686 1780 eius

111 1810 314 1855 humilem
334 1811 462 1855 nimis
485 1815 528 1855 et
549 1812 743 1856 devotam
766 1813 1027 1870 accepimus3
1061 1813 1173 1869 quod
1193 1812 1402 1869 reliquum
1423 1817 1500 1869 est,
1524 1817 1688 1858 vestrae

112 1889 355 1934 auctoritati
386 1890 709 1934 reservavimus.
746 1890 868 1934 Nunc
888 1894 1052 1934 vestrae
1074 1890 1131 1934 sit
1150 1891 1501 1948 mansuetudinis,
1521 1895 1570 1936 ut
1591 1906 1686 1936 eum

113 1966 441 2012 clementissima
474 1969 728 2026 apostolicae
760 1969 995 2013 medicinae
1026 1982 1155 2013 manu
1187 1969 1240 2013 ad
1262 1969 1475 2025 integrum
1507 1971 1684 2026 sanetis3

112 2048 156 2090 et
185 2045 286 2102 quia
315 2046 370 2090 ad
400 2046 712 2090 restitutionem
743 2060 862 2091 suam
895 2047 1092 2091 devotum
1125 2061 1220 2092 eum
1252 2049 1511 2105 accepimus,
1551 2034 1691 2094 nostri·

111 2135 239 2167 causa
270 2109 523 2180 [luaesumus
554 2124 909 2168 medicamentum
941 2127 1129 2168 vestrum
1161 2126 1317 2170 sentiat
1346 2126 1495 2171 lenius.

231 2201 311 2254 Qui
334 2216 407 2246 vos
429 2203 584 2247 olivam
604 2203 865 2247 fructiferam
887 2203 1099 2261 plantavit
1118 2204 1163 2246 in
1185 2202 1335 2247 domob
1357 2204 1544 2260 Domini,
1576 2206 1684 2249 mul-

111 2279 275 2337 tiplicet
305 2281 574 2325 sanctitatem
604 2284 790 2326 vestram
820 2281 931 2326 sicut
960 2281 1106 2325 cedros
1135 2281 1300 2326 Libani.

205 2475 233 2496 a.
265 2475 322 2496 om.
338 2465 432 2497 ZBC'.
537 2466 567 2497 b.
599 2466 756 2504 Quomodo
779 2467 845 2499 BC.
941 2476 967 2497 c.
1000 2477 1057 2498 om.
1073 2467 1111 2498 B.
1212 2467 1241 2498 d.
1275 2467 1391 2499 domini
1412 2467 1471 2499 mei
1493 2468 1530 2499 H.
1554 2469 1633 2508 regis
1652 2469 1683 2500 V.

112 2528 139 2550 e.
175 2522 206 2550 et
227 2519 343 2551 VZBG.
428 2520 450 2551 f.
482 2520 663 2560 portitorum
687 2521 722 2551 Z.
811 2529 839 2559 g.
872 2521 976 2552 audire
998 2520 1150 2552 excidisse
1171 2520 1303 2552 videtur.
1394 2521 1425 2552 h.
1458 2522 1518 2553 dno
1540 2524 1581 2553 B.

1725 337 1816 372 1066
1842 345 1899 372 ex.

1711 404 1754 410 -
1765 384 1856 420 1067
1867 384 1914 419 111.
