2028 3438
390 250 475 293 338
847 247 850 250 ’
902 240 1121 297 unALmGI
1150 263 1317 295 connx.
1368 260 1435 295 190

389 367 543 410 civium
573 367 618 410 in
647 367 758 422 regis
791 368 1074 424 praesentiam
1106 369 1258 413 deferri
1288 383 1372 412 non
1403 368 1589 412 sinerent
1617 381 1696 413 nee
1723 369 1942 425 usquead

389 445 550 499 regium
581 457 830 488 consensum
861 445 1164 488 ordinationem
1196 457 1314 488 suam
1346 444 1690 502 suspenderent“.

510 521 695 576 „Iustum
729 521 884 578 quippe
915 526 1027 565 erat:
1059 525 1118 577 ut,
1151 535 1326 578 quorum
1349 522 1533 565 donariis
1561 522 1735 566 ecclesia
1752 526 1943 569 creverat

389 601 431 641 et
461 611 636 654 quorum
668 598 801 641 tutela
829 598 952 642 illesa
989 599 1262 655 permanebat
1293 603 1334 642 et
1364 599 1514 654 quietis
1553 599 1836 654 integritatem
1867 599 1942 647 ha-

388 674 527 730 bebat,
559 688 703 718 eorum
735 688 938 718 consensu
970 678 1012 718 et
1031 675 1333 719 collaudatione
1365 679 1407 718 et
1437 675 1564 719 etiam
1585 676 1692 722 dono
1715 679 1941 733 patronum

390 752 623 795 animarum
655 752 898 808 susciperet.
945 750 1003 794 Ut
1031 751 1363 795 Mediolanenses
1396 753 1503 795 dono
1528 752 1844 798 Valentiniani·-
1862 753 1941 800 im-

388 829 595 885 peratoris
617 827 832 872 sanctum¹²
853 827 1123 871 Ambrosium
1145 832 1418 885 susceperunt
1437 829 1693 886 episcopum.
1740 828 1812 873 Sic
1830 830 1942 877 enim

389 906 440 949 de
471 919 519 950 eo
539 905 753 962 tripertita
773 905 970 948 historiast
991 908 1156 948 narrat:
1189 908 1291 962 quia
1311 908 1497 949 nondum
1514 907 1666 962 fuerat
1692 908 1938 965 baptizatae.

387 983 481 1026 Hoc
511 992 648 1026 autem
678 985 907 1039 imperator
928 997 1166 1038 aquoscens,
1199 985 1322 1026 iussit
1351 998 1443 1026 eum
1472 992 1638 1040 repente
1664 984 1878 1042 baptizari
1905 993 1943 1028 et

389 1061 584 1103 ordinari
595 1061 834 1116 pontvficem
846 1057 867 1102 ¹.
901 1059 958 1103 Et
978 1060 1151 1103 inferius
1167 1059 1278 1102 idem
1299 1059 1530 1115 imperator
1546 1059 1606 1102 sic
1622 1059 1742 1105 dicit:
1768 1060 1940 1107 Gratiae

388 1152 467 1197 aqo
490 1138 579 1189 tibi,
604 1138 860 1193 omnipotens
881 1138 1078 1189 salvator,
1103 1138 1302 1192 quoniam
1321 1137 1418 1179 ltu-ic
1435 1139 1526 1180 viro
1547 1152 1621 1194 eqo
1642 1139 1940 1194 quidemcom-

387 1215 486 1256 misi
514 1228 707 1270 corpora,
741 1222 785 1256 tu
806 1223 941 1257 autem
973 1216 1136 1256 animas
1146 1210 1174 1255 ².
1223 1212 1325 1255 Tam
1354 1216 1521 1257 sanctus
1544 1227 1641 1268 ergo
1663 1213 1740 1269 vir,
1768 1216 1822 1257 nt«
1837 1213 1941 1258 Am-

387 1290 551 1334 brosius
578 1290 670 1344 fuit,
704 1303 917 1346 nunquam
949 1290 1302 1334 consecrationem
1334 1294 1406 1333 aut
1435 1303 1578 1334 curam
1609 1290 1826 1335 hominum
1855 1291 1941 1334 ius-

388 1367 504 1410 sione
542 1369 614 1409 aut
651 1366 759 1409 dono
798 1367 1064 1424 imperatoris
1103 1368 1376 1424 suscepisset,
1416 1368 1452 1410 si
1490 1367 1692 1412 iniustum
1729 1367 1810 1413 hoc
1849 1381 1940 1412 esse

384 1442 704 1487 intellexisset“.

508 1520 619 1576 „Sed
651 1520 840 1575 quamvis
880 1520 1096 1577 praedicta
1126 1522 1178 1565 de
1208 1535 1335 1565 causa
1365 1520 1560 1577 antiqua‘¹
1592 1524 1634 1565 et
1661 1519 1942 1566 ecclesiastica

386 1597 641 1640 consuetudo
663 1597 855 1653 cepisset,
887 1600 935 1640 ut
964 1598 1201 1654 principum
1232 1611 1437 1641 consensu
1467 1597 1711 1654 pontificum
1733 1598 1940 1644 ordinatio

386 1678 498 1717 recte
519 1677 561 1717 et
579 1673 688 1717 iuste
710 1674 944 1730 proveniat,
977 1688 1241 1731 summopere
1262 1678 1403 1718 tamen
1423 1675 1538 1732 ipsos
1560 1675 1773 1732 principes
1786 1688 1939 1720 >cavere

386 1754 563 1807 oportet,
594 1764 647 1793 ne
678 1750 795 1793 illum
828 1751 1107 1795 collaudando.
1134 1753 1323 1796 nitantur
1353 1753 1578 1809 praeferre,
1610 1752 1677 1795 cui
1701 1755 1939 1799 sanctorum

386 1827 437 1870 de
467 1827 546 1871 hoc
576 1828 734 1883 scripta
755 1828 951 1885 ,sentiunt
983 1830 1202 1872 contraire.
1258 1829 1364 1880 Quia
1402 1832 1574 1886 propter
1602 1829 1680 1872 hec
1709 1833 1752 1873 et
1784 1829 1941 1877 similia

386 1905 586 1961 scriptum
611 1908 693 1947 est:
726 1918 809 1948 non
829 1905 954 1949 licere
975 1906 1064 1960 regi
1086 1906 1242 1961 aliquid
1265 1909 1409 1949 contra
1437 1907 1636 1950 mandata
1657 1906 1799 1950 divina
1818 1920 1940 1964 prae-

386 1978 585 2024 sumere³.
640 1981 864 2037 Quoniam,
902 1983 1092 2037 quamvis
1124 1982 1224 2026 cleri
1255 1986 1296 2026 et
1327 1983 1472 2039 populi
1502 1996 1706 2028 consensu
1744 1983 1938 2040 princeps

384 2061 635 2114 potestatem
655 2058 808 2102 habeat
824 2060 1085 2115 praeferendi
1102 2059 1354 2116 pontificem,
1377 2074 1460 2103 non
1481 2061 1520 2103 ei
1540 2064 1683 2103 tamen
1701 2059 1800 2104 licet
1819 2059 1939 2105 illum

385 2135 609 2190 praeferre,
641 2136 708 2179 cui
739 2149 944 2179 canonum
975 2140 1198 2193 praecepta
1229 2141 1426 2194 poterunt
1456 2138 1674 2181 contraire.
1727 2137 1831 2180 Item
1862 2149 1939 2180 nec

386 2225 459 2254 suo
492 2212 667 2266 quilibet
697 2213 890 2269 princeps
913 2213 1035 2256 debet
1057 2214 1283 2257 attribuere
1303 2214 1406 2257 iuri:
1440 2214 1547 2257 velle
1568 2214 1804 2270 disponere,
1832 2227 1938 2269 quae

386 2289 439 2332 ad
469 2289 562 2332 iura
597 2289 840 2345 pontificum
878 2303 1056 2333 canones
1097 2294 1290 2333 asserunt
1327 2291 1550 2347 pertinere.
1613 2290 1733 2333 Unde
1772 2290 1935 2334 dicunt:

384 2365 489 2408 nulli
519 2365 625 2408 laico
645 2378 843 2421 umquam
867 2366 1024 2422 aliquid
1046 2367 1097 2409 de
1119 2367 1407 2410 ecclesiasticis
1429 2368 1675 2424 disponendi
1696 2367 1937 2411 facultatem

385 2455 476 2485 esse
498 2455 757 2496 concessam3
792 2444 981 2498 quamvis
1003 2457 1077 2486 rex
1100 2458 1124 2486 a
1145 2458 1316 2487 numero
1338 2445 1539 2488 laicorum
1561 2445 1710 2487 merito
1730 2444 1775 2487 in
1795 2444 1938 2487 huius-

384 2519 497 2562 modi
529 2522 759 2575 separetur,
791 2533 900 2574 cum,
941 2520 1030 2563 oleo
1062 2521 1384 2564 consecrationis
1415 2522 1623 2576 inunctus,
1667 2521 1936 2567 sacerdotalis

384 2595 608 2638 ministerii
639 2597 849 2652 particeps
881 2610 971 2640 esse
1002 2596 1305 2651 cognoscitur“.

505 2671 626 2726 „Non
657 2687 755 2727 ergo
786 2674 1025 2729 praedictae
1055 2674 1223 2728 regulae
1260 2675 1517 2730 praedictam
1549 2675 1809 2730 antiquitatis
1839 2688 1936 2719 con-

478 2768 503 2788 a.
527 2759 697 2790 Valentiani
718 2761 748 2791 V.
863 2762 891 2791 b.
925 2763 1089 2792 secundum
1111 2763 1145 2793 Z.
1260 2772 1285 2792 c.
1317 2762 1453 2801 hystoria
1473 2763 1508 2793 Z.
1618 2764 1647 2793 d.
1679 2764 1803 2802 antiqua
1822 2762 1937 2802 scripsi

382 2820 442 2850 pro
463 2813 622 2850 antequam
644 2813 701 2842 VZ.

480 2871 512 2904 1.
539 2870 631 2904 Hist.
648 2870 808 2914 trip.VII
827 2881 857 2906 c.
872 2872 905 2916 8,
931 2871 1137 2907 Cassiodori
1161 2882 1244 2917 opp.
1262 2871 1319 2907 ed.
1337 2871 1505 2907 Garetius
1522 2872 1540 2907 I
1563 2883 1598 2917 p.
1612 2872 1692 2908 305.
1788 2873 1821 2908 2.
1847 2871 1934 2908 ibid.

385 2929 418 2963 3.
450 2927 650 2963 Burchardi
683 2928 779 2963 decr.
802 2929 872 2965 XV
897 2931 935 2965 8:
970 2930 1077 2975 „Non
1109 2931 1193 2966 licet
1223 2941 1309 2976 ergo
1341 2931 1548 2976 imperatori
1573 2951 1617 2956 —
1642 2931 1777 2976 aliquid
1810 2934 1935 2967 contra

386 2987 557 3022 mandata
581 2987 781 3022 divinitatis
805 2988 1071 3033 praesumere“.
