2028 3438
470 241 724 275 nms‘ronffl
755 242 1130 274 Baussneunsns.
1177 241 1225 276 36
1545 231 1633 274 533

0 407 22 462 '¹2
64 347 153 401 365
184 348 341 402 wem
338 349 379 394 I
381 349 420 396 V
444 351 657 408 antipapa
677 365 816 394 omnes
839 351 1069 394 dioeceseos
1092 350 1417 407 Bamberqensie
1442 351 1633 403 ecclesias

131 427 434 481 mor,
465 435 514 471 ut
541 427 627 471 eibi
654 442 750 470 aere
779 428 918 471 alieno
950 428 1165 471 laboranti
1193 428 1477 471 subveniant.

3 561 6 564 ,
178 513 326 560 Victor
365 516 588 574 episcopus
627 529 774 560 servus
819 530 1035 561 servorum
1077 516 1158 561 Dei
1196 516 1406 560 universis
1445 517 1632 561 ecclesiis

3 595 143 651 per
173 590 567 649 Babenbergensem
604 593 893 651 episcopatum
941 594 1181 638 constitutis
1225 593 1403 638 salutem
1444 597 1487 638 et
1531 607 1633 652 apo-

0 686 13 697 ν·
11 666 255 716 stolium
283 670 632 716 benedictionem.

7 742 12 756 ‘
178 747 316 792 Mater
352 751 395 792 et
432 751 560 806 caput
596 748 783 792 omnium
826 749 1098 793 ecclesiarum
1137 752 1406 794 sacrosancta
1442 749 1634 793 Romana

8 873 18 882 Ἰ,
60 824 239 871 ecclesis
267 825 379 870 sicut
415 839 492 884 pro
523 825 660 871 salute
690 827 879 870 omnium
909 827 1108 870 continuo
1140 826 1285 870 labore
1323 827 1631 884 comprimitur,

6 883 23 907 ’δ
59 902 368 961 itureompetit,
398 906 448 947 ut
476 903 521 947 in
553 904 640 947 suis
673 905 878 959 angustiis
911 905 1097 948 omnium
1136 903 1336 959 suffragio
1368 905 1631 959 sublevetur3

11 974 13 977 ’
40 974 260 1037 ¹quatinus
297 980 456 1025 laboris
493 995 580 1025 non
615 986 811 1026 recusent
847 982 938 1026 fore
979 982 1230 1039 participes,
1278 982 1350 1038 qui
1392 983 1634 1039 percepturi

59 1061 166 1103 sunt„
201 1058 472 1116 postmodum
506 1059 551 1102 in
587 1058 770 1103 Domino
811 1059 1153 1103 consolationem.
1222 1059 1366 1115 Unde,
1409 1062 1451 1103 et
1492 1059 1634 1103 immi-

60 1135 251 1180 nentium
279 1134 484 1180 fluctuum
513 1137 753 1181 turbatione
775 1138 918 1181 vexati
949 1141 991 1181 et
1018 1151 1095 1194 pro
1117 1137 1246 1180 variis
1276 1137 1633 1181 intolerabilibus-

60 1213 142 1270 que
171 1214 370 1271 expensis
399 1213 501 1258 here
532 1213 668 1258 alieno
700 1215 886 1270 gravati,
924 1215 1114 1259 caritatis
1146 1218 1312 1258 vestrae
1344 1215 1535 1270 cogimur
1566 1229 1633 1259 so-

59 1290 216 1336 lacium
252 1291 503 1349 implorare,
542 1295 585 1336 et
614 1295 733 1336 tanto
772 1292 1083 1336 habundantius
1115 1292 1167 1336 de
1199 1296 1340 1336 vestra
1378 1292 1634 1337 liberalitate

59 1374 325 1426 presumere,
363 1372 520 1426 quanto
561 1369 759 1427 ampliori
799 1370 1023 1414 dilectione
1063 1373 1106 1414 et
1142 1370 1434 1415 familiaritate
1468 1370 1633 1415 Baben-

60 1446 306 1502 bergensem
329 1446 548 1492 ecclesiam
578 1447 701 1491 nobis
731 1448 925 1491 novimus
947 1462 1040 1492 esse
1072 1448 1303 1491 astrictam.
1418 1448 1475 1492 Ut
1503 1449 1635 1504 igitur

59 1525 106 1569 in
134 1525 266 1569 tantis
297 1529 590 1569 sacrosanctae
619 1524 836 1569 Romanae
864 1525 1066 1570 ecclesiae
1097 1526 1246 1569 matris
1279 1529 1446 1570 vestrae
1476 1526 1633 1570 labori-

60 1601 145 1647 bus·
168 1602 404 1647 devotionis
435 1606 601 1647 vestrae
634 1606 678 1647 et
715 1603 864 1646 auxilii
902 1606 1162 1647 monstretur
1203 1602 1375 1647 effectus
1415 1608 1457 1648 et
1486 1608 1634 1648 nostra

59 1679 306 1735 indigentia·
324 1679 377 1724 de
415 1680 621 1725 ubertatis
653 1684 817 1725 vestrae
858 1681 1120 1738 plenitudine
1156 1681 1386 1737 relevetur,
1425 1682 1633 1726 universi-

60 1760 193 1802 tatem
213 1760 404 1802 vestram*
420 1771 497 1815 per
525 1759 766 1816 praesentia
786 1759 944 1816 scripta
965 1773 1164 1814 rogamus
1196 1762 1239 1803 et
1260 1759 1493 1816 apostolica
1514 1759 1632 1804 vobis

61 1835 311 1879 auctoritate
340 1835 619 1891 iniungimus:
652 1840 699 1879 ut
730 1850 813 1879 una
845 1851 1008 1893 queque
1040 1837 1326 1892 ecclesiarum,
1358 1837 1405 1880 in
1434 1852 1511 1881 sua
1534 1852 1632 1895 par-

59 1912 204 1957 rochia
232 1912 356 1957 factis
392 1913 685 1958 collationibus
725 1918 768 1958 et
798 1914 1060 1970 singulorum
1091 1914 1263 1958 auxiliis
1294 1915 1338 1958 in
1370 1929 1500 1959 unum
1533 1929 1631 1960 con-

59 1990 259 2047 gregatis,
289 1991 336 2034 in
365 1994 570 2047 quantum
599 1991 777 2035 facultas
809 1993 998 2049 suppetit
1030 1996 1072 2036 et
1102 1993 1290 2036 caritatis
1322 1997 1486 2050 prestat
1508 1993 1631 2038 affec-

60 2071 143 2125 tus,
173 2068 416 2113 necessitati
446 2068 639 2113 nostrae⁵
661 2069 866 2127 prebeant
897 2070 1259 2127 supplementum3
1293 2071 1488 2126 scientes,
1521 2073 1632 2127 quod

61 2159 114 2190 ex
150 2145 230 2190 hoc
260 2146 508 2204 ampliorem
548 2147 730 2202 gratiam
771 2148 883 2191 sedis
922 2148 1178 2205 apostolicae
1217 2162 1385 2206 semper
1422 2149 1630 2194 habebitis

59 2227 104 2268 et
130 2223 178 2267 in
208 2224 360 2268 vestris
399 2225 755 2282 oportunitatibus
795 2239 872 2269 nos
911 2226 1198 2281 benigniorem
1239 2229 1282 2270 et
1324 2227 1630 2284 promptiorem

60 2302 178 2345 omni
214 2304 404 2359 tempore
435 2303 640 2346 sentietis
698 2302 746 2346 Iu
784 2303 864 2347 hac
894 2317 993 2347 vero
1031 2303 1255 2348 collatione
1286 2308 1375 2348 tam
1406 2305 1630 2349 canonicos

60 2379 270 2424 seculares
308 2393 358 2424 ac
396 2379 607 2436 regulares
647 2394 773 2436 quam
813 2381 1039 2425 monachos
1087 2386 1129 2426 et
1168 2382 1467 2439 parrochianos
1507 2383 1630 2426 duxi-

59 2470 154 2501 mus
173 2457 491 2514 computandOS.
539 2457 746 2514 Quicquid
776 2462 917 2502 autem
949 2472 1002 2502 ex
1032 2460 1145 2503 facta
1172 2459 1395 2504 collatione
1425 2474 1630 2517 provene-

59 2534 159 2590 rint,
180 2548 259 2592 per
278 2548 450 2578 manum
472 2539 515 2579 et
534 2535 854 2592 dispositionem
877 2537 1130 2580 venerabilis
1150 2537 1294 2580 fratris
1314 2538 1451 2581 nostri
1466 2538 1628 2582 Baben-

59 2611 275 2667 bergensis
311 2610 523 2670 episcopi¹
562 2612 751 2657 volumus
797 2614 1017 2669 assignari.
1080 2614 1194 2658 Data
1228 2615 1422 2659 Treveris
1461 2617 1488 2659 2
1519 2616 1626 2660 Non.

58 2688 344 2734 Novembris⁶.

3 2809 5 2814 ,
153 2787 181 2808 a.
213 2778 378 2819 Deam-ipsi
398 2789 436 2810 ex
458 2779 625 2820 archetypo
647 2780 802 2811 tabularii
821 2781 902 2821 reyii
924 2781 1134 2812 Monacensis.
1265 2782 1295 2812 b.
1327 2785 1447 2830 vegrae
1470 2783 1628 2824 archetyp.

61 2839 88 2862 e.
119 2830 268 2871 dependet
289 2831 376 2863 bulla
396 2832 559 2872 plumbea,
585 2833 620 2863 in
641 2833 731 2864 cuius
753 2834 856 2864 altera
872 2839 968 2874 parte
990 2834 1066 2865 haec
1087 2839 1176 2867 sunt.-
1197 2835 1342 2866 VICTOR
1363 2836 1410 2866 PP
1433 2837 1502 2873 1111,
1525 2837 1558 2867 in
1580 2837 1627 2867 al-

63 2888 133 2915 tera
154 2884 277 2916 duabus
297 2884 458 2926 efflyiebus
477 2886 722 2927 superscriptum
744 2892 805 2918 est.-
829 2887 849 2918 S
872 2888 931 2925 ΡΑ,
955 2888 975 2918 S
998 2888 1056 2919 PE.

156 2949 189 2984 1.
214 2947 416 2985 Eberhardi
433 2949 480 2985 11.
502 2944 505 2947 ’

1673 521 1765 556 1162

1659 570 1736 599 Nov.
1750 570 1771 600 4
