2028 3438
608 274 828 306 nmmum
858 273 1032 306 coonx.
1077 271 1148 308 208
1578 261 1663 307 381

88 394 205 426 mum
236 381 429 426 omnium
451 379 713 437 largitorem
735 394 864 438 queso
897 383 1026 425 orate.
1080 380 1370 425 Praebendam
1404 383 1592 424 nostram
1625 384 1667 424 et
1689 390 1893 429 1111-1120

89 459 233 504 locum
255 462 485 517 nostrum,
513 459 632 503 cuius
663 458 828 502 nullum
857 459 1043 503 fructum
1073 458 1274 514 fecimus,
1314 458 1387 502 alii
1426 458 1585 502 utiliori
1624 461 1667 502 et

88 537 269 594 mdioti,
298 537 473 582 facienti
501 537 664 581 fructus
685 537 789 593 eius,
821 536 970 581 locate.
1012 536 1235 581 Vellemus*
1257 536 1427 593 quidem
1457 536 1569 580 inter
1590 549 1664 579 vos

88 609 276 660 melioris
307 615 643 660 conversacionis
679 620 847 659 cursum
888 615 1096 672 arripere,
1137 615 1210 658 sed
1249 614 1295 658 in
1337 627 1463 670 quam
1504 613 1666 658 difficili

87 692 217 739 heo·-
235 705 304 738 rcs
336 693 476 752 posita
494 693 617 737 nobis
641 693 764 749 foret,
795 707 879 737 non
910 692 1223 749 ignorabamus.
1273 692 1358 749 Ipsi
1388 692 1499 735 enim
1533 691 1664 747 scitis,

89 771 391 829 quantanobis
420 771 725 829 impedimenta
756 775 1044 815 occurrerent:
1078 771 1264 829 primum
1286 769 1497 825 fragilitas
1519 773 1666 813 nostra

89 852 146 895 et,
162 849 351 894 omnium
381 863 537 906 rerum,
569 863 676 906 quae
699 849 866 893 allicere
889 853 931 892 et
953 849 1006 893 ad
1035 849 1265 906 perniciem
1285 847 1453 892 trahere
1478 851 1664 905 possent,
1687 877 1692 883 ψ

88 927 261 972 cottidie
297 931 398 972 ante
441 927 583 972 oculos
621 927 847 982 subiectio,
897 927 1049 971 dehinc
1092 927 1207 971 labia
1246 926 1392 983 iniqua
1439 930 1482 970 et
1519 926 1665 982 lingua

88 1005 249 1050 dolosa.

210 1083 328 1136 Quod
366 1087 508 1127 autem
540 1084 660 1128 vobis
697 1083 982 1128 nescientibus
1021 1083 1293 1139 recessimuS,
1338 1096 1392 1126 ne
1433 1081 1665 1126 temeritati

88 1161 321 1219 imputetis.
379 1161 487 1214 Quia
520 1162 870 1219 impedimentum
904 1162 1026 1205 nobis
1057 1160 1148 1205 fieri
1180 1161 1420 1216 timuimus,
1459 1160 1495 1203 si
1535 1160 1666 1203 animi

88 1239 224 1283 nostri
242 1239 536 1296 intentionem,
570 1244 616 1284 ut
637 1244 742 1296 erat,
774 1240 1096 1284 denudaremus.
1143 1239 1221 1295 Ne,
1250 1252 1379 1294 queso
1401 1238 1568 1294 fratres,
1600 1237 1666 1281 fu-

88 1330 197 1374 gam·
218 1320 262 1362 et
291 1317 621 1362 inobedientiam
654 1318 891 1376 appelletis,
930 1317 1041 1373 quod
1073 1315 1126 1360 ad
1157 1316 1295 1359 Deum
1327 1316 1592 1371 confugimus
1625 1319 1667 1360 et

88 1395 180 1440 Deo
213 1395 497 1451 obedivimus3
531 1397 643 1454 quia,
675 1400 723 1440 ut
753 1410 858 1454 pace
878 1400 1022 1439 vestra
1052 1394 1247 1449 dixerim,
1279 1395 1415 1449 magis
1445 1393 1664 1449 eligimusb

90 1474 273 1532 quadam
296 1474 417 1530 quasi
436 1474 621 1530 imagine
642 1467 953 1519 inobedientiae
975 1472 1028 1516 ad
1050 1472 1214 1516 caelum
1235 1471 1515 1516 conscendere
1537 1486 1662 1528 quam

90 1550 286 1596 affectata
303 1555 350 1596 et
369 1552 570 1596 simulata
590 1552 829 1596 obedientia
850 1552 903 1596 ad
923 1552 1135 1595 infernum
1158 1564 1399 1608 properare.
1437 1550 1500 1594 Ne
1522 1564 1663 1606 queso,

88 1619 283 1687 inquam,
321 1644 422 1674 vera
451 1644 592 1674 rerum
626 1630 831 1675 vocabula
860 1629 1175 1685 transmutetis,
1215 1642 1268 1672 ne
1299 1628 1416 1672 illam
1449 1628 1665 1686 propheti-

89 1721 183 1753 cam
213 1708 411 1752 incidatis
443 1709 717 1753 sententiam:
760 1710 817 1753 Ve
846 1710 984 1762 vobis,
1029 1710 1105 1766 qui
1134 1709 1275 1751 dicitis
1314 1708 1502 1751 tenebras
1535 1709 1665 1751 lucem

89 1795 128 1831 et
158 1787 290 1831 lucem
320 1788 524 1842 tenebras,
564 1790 641 1845 qui
671 1789 830 1831 malum
861 1789 1001 1831 dicitis
1033 1787 1187 1830 bonum
1220 1795 1257 1829 et
1287 1787 1440 1830 bonum
1469 1788 1628 1829 malum
1641 1782 1663 1828 ¹.

88 1864 153 1909 Ne
174 1878 273 1909 vero
304 1865 535 1909 iuventutis
565 1870 737 1910 nostrae
767 1865 1097 1909 inconstantiam
1118 1863 1348 1907 causemini
1378 1877 1515 1920 neque
1547 1877 1664 1908 secu-

88 1942 171 1987 lari
188 1956 329 1987 :sensu
360 1943 614 2000 sapientiam
647 1943 986 2001 interpretemini
1018 1943 1262 1998 stulticiam,
1295 1956 1514 1999 speramus
1546 1942 1590 1985 in
1616 1956 1663 1986 eo

88 2020 375 2079 perseverare,
408 2035 484 2079 per
507 2035 631 2078 quem
664 2026 706 2066 et
736 2022 975 2079 accepimus
1007 2021 1207 2079 incipere.
1255 2021 1313 2065 Et
1340 2020 1413 2077 qui
1442 2023 1584 2077 potest
1614 2020 1665 2063 de

88 2097 463 2157 lapidibussfilios
492 2099 691 2144 Abrahae
723 2097 966 2155 suscitare²,
998 2103 1149 2156 potens
1182 2102 1247 2142 est
1278 2098 1343 2142 etd
1372 2112 1449 2142 nos
1482 2098 1536 2141 ad
1565 2111 1664 2141 con-

88 2177 415 2222 summationem
445 2177 546 2221 boni
578 2179 718 2235 operis
749 2178 991 2235 perducere.
1047 2177 1242 2221 Concinit
1273 2177 1384 2220 enim
1416 2177 1462 2219 in
1493 2176 1664 2219 auribus

89 2255 246 2300 nostris
275 2255 380 2299 illud
412 2269 615 2312 organum
649 2255 834 2313 Spiritus
866 2256 1001 2299 sancti
1039 2254 1329 2299 dulcissimam
1365 2254 1592 2297 melodiam
1623 2257 1666 2298 et

90 2333 315 2378 confortati
354 2348 512 2377 sumus.
567 2336 738 2378 Bonum
777 2334 916 2390 inquit
956 2350 1059 2392 opus
1097 2335 1218 2377 nobis
1258 2335 1314 2376 sit
1353 2335 1398 2376 in
1437 2333 1661 2386 voluntate,

91 2420 130 2455 et
157 2414 449 2456 misericordia
470 2413 653 2456 Domini
681 2415 760 2456 erit
790 2415 836 2455 in
856 2413 1126 2470 perfectione.
1174 2411 1231 2454 Et
1262 2410 1355 2466 quis
1387 2413 1464 2465 est,
1496 2410 1663 2466 fratres,

91 2489 219 2534 etiam
239 2490 352 2533 inter
372 2494 540 2534 sanctos
561 2490 622 2533 ita
642 2490 797 2533 virtute
822 2489 1274 2547 praeminentissimus,
1306 2492 1354 2532 ut
1372 2488 1664 2532 incunctanter

91 2570 134 2612 et
164 2567 520 2623 inrefragabiliter
560 2567 790 2623 intelligat,
832 2581 914 2624 quo
948 2566 1032 2611 fine
1063 2580 1231 2611 cursum
1270 2565 1512 2609 certaminis
1551 2580 1663 2610 com-

90 2644 233 2703 pleat?
280 2644 367 2689 Ista
397 2646 601 2690 securitas
635 2659 719 2689 non
755 2649 820 2689 est
851 2645 1086 2702 praesentis
1118 2644 1413 2701 corruptioniS,
1446 2643 1519 2687 sed
1550 2644 1663 2687 illius

90 2721 258 2768 futurae
287 2722 621 2778 inmortalitatis,
654 2737 749 2767 cum
781 2723 860 2766 hoc
882 2722 1156 2779 corruptibile
1177 2722 1362 2766 induerit
1381 2722 1663 2779 incorruptio—

90 2813 189 2845 nem
221 2804 264 2844 et
292 2801 470 2845 mortale
500 2801 580 2844 hoc
611 2800 904 2845 absorbebitur
937 2814 961 2843 a
991 2800 1141 2855 gloria.

185 2928 213 2950 ι.
244 2929 301 2950 om.
318 2919 378 2950 VZ.
503 2920 533 2949 b.
568 2919 714 2958 elegimus
736 2919 766 2950 V.
893 2928 918 2950 c.
951 2919 1093 2959 sequitur
1113 2919 1182 2950 istis
1204 2918 1238 2950 in
1260 2919 1286 2950 V
1303 2923 1332 2950 et
1354 2919 1401 2956 B,·
1428 2918 1571 2959 sequitur
1593 2919 1663 2949 istis

90 2971 187 3005 adm
206 2972 242 3003 in
263 2973 294 3010 V,
317 2972 373 3004 sed
391 2982 526 3004 erasum.
650 2973 682 3003 d.
714 2975 745 3003 et
765 2982 823 3003 om.
839 2973 877 3003 B.

189 3043 221 3078 1.
247 3042 331 3078 lsai.
349 3042 383 3089 5,
408 3042 466 3078 20.
683 3044 717 3078 2.
743 3041 872 3078 Matth.
888 3043 924 3088 3,
950 3043 983 3077 9.
