<?xml version="1.0" encoding="UTF-8"?>
<!DOCTYPE html PUBLIC "-//W3C//DTD XHTML 1.0 Transitional//EN"
    "http://www.w3.org/TR/xhtml1/DTD/xhtml1-transitional.dtd">
<html xmlns="http://www.w3.org/1999/xhtml" xml:lang="en" lang="en">
 <head>
  <title>
</title>
<meta http-equiv="Content-Type" content="text/html;charset=utf-8" />
  <meta name='ocr-system' content='tesseract 3.04.00' />
  <meta name='ocr-capabilities' content='ocr_page ocr_carea ocr_par ocr_line ocrx_word'/>
</head>
<body>
  <div class='ocr_page' id='page_1' title='image "bibliothecarerum05wattuoft_0039.png"; bbox 0 0 2028 3438; ppageno 0'>
   <div class='ocr_carea' id='block_1_1' title="bbox 610 239 1680 283">
    <p class='ocr_par' dir='ltr' id='par_1_1' title="bbox 610 239 1680 283">
     <span class='ocr_line' id='line_1_1' title="bbox 610 239 1680 283; baseline 0 -1"><span class='ocrx_word' id='word_1_1' title='bbox 610 249 833 282; x_wconf 59' lang='lat' dir='ltr'><strong>nonme}</strong></span> <span class='ocrx_word' id='word_1_2' title='bbox 862 248 1033 282; x_wconf 75' lang='lat' dir='ltr'><strong>connx.</strong></span> <span class='ocrx_word' id='word_1_3' title='bbox 1079 247 1175 282; x_wconf 80' lang='lat'><strong>2-4</strong></span> <span class='ocrx_word' id='word_1_4' title='bbox 1622 239 1680 283; x_wconf 83' lang='lat'><strong>23</strong></span> 
     </span>
    </p>
   </div>
   <div class='ocr_carea' id='block_1_2' title="bbox 107 350 1683 536">
    <p class='ocr_par' dir='ltr' id='par_1_2' title="bbox 107 350 1683 536">
     <span class='ocr_line' id='line_1_2' title="bbox 107 350 1683 402; baseline -0.001 -7"><span class='ocrx_word' id='word_1_5' title='bbox 107 353 197 401; x_wconf 65' lang='lat' dir='ltr'><strong>m</strong></span> <span class='ocrx_word' id='word_1_6' title='bbox 216 350 407 402; x_wconf 59' lang='lat' dir='ltr'><strong>muniatis?</strong></span> <span class='ocrx_word' id='word_1_7' title='bbox 424 357 464 393; x_wconf 76' lang='lat' dir='ltr'><strong>et</strong></span> <span class='ocrx_word' id='word_1_8' title='bbox 493 353 669 401; x_wconf 83' lang='lat' dir='ltr'><strong>subditis,</strong></span> <span class='ocrx_word' id='word_1_9' title='bbox 701 355 800 399; x_wconf 80' lang='lat' dir='ltr'><strong>clero</strong></span> <span class='ocrx_word' id='word_1_10' title='bbox 823 357 862 392; x_wconf 91' lang='lat' dir='ltr'><strong>et</strong></span> <span class='ocrx_word' id='word_1_11' title='bbox 883 354 1038 401; x_wconf 83' lang='lat' dir='ltr'><strong>populo,</strong></span> <span class='ocrx_word' id='word_1_12' title='bbox 1072 364 1154 391; x_wconf 85' lang='lat' dir='ltr'><strong>esse</strong></span> <span class='ocrx_word' id='word_1_13' title='bbox 1184 354 1223 391; x_wconf 90' lang='lat' dir='ltr'><strong>in</strong></span> <span class='ocrx_word' id='word_1_14' title='bbox 1248 354 1394 392; x_wconf 84' lang='lat' dir='ltr'><strong>Christo</strong></span> <span class='ocrx_word' id='word_1_15' title='bbox 1418 365 1482 392; x_wconf 91' lang='lat' dir='ltr'><strong>cor</strong></span> <span class='ocrx_word' id='word_1_16' title='bbox 1504 365 1619 394; x_wconf 88' lang='lat' dir='ltr'><strong>unum</strong></span> <span class='ocrx_word' id='word_1_17' title='bbox 1643 359 1683 393; x_wconf 89' lang='lat' dir='ltr'><strong>et</strong></span> 
     </span>
     <span class='ocr_line' id='line_1_3' title="bbox 108 419 1680 476; baseline 0 -17"><span class='ocrx_word' id='word_1_18' title='bbox 108 419 233 476; x_wconf 58' lang='lat' dir='ltr'><strong>quim}</strong></span> <span class='ocrx_word' id='word_1_19' title='bbox 254 430 341 467; x_wconf 73' lang='lat' dir='ltr'><strong>uua.</strong></span> <span class='ocrx_word' id='word_1_20' title='bbox 390 455 391 459; x_wconf 75' lang='grc'>,</span> <span class='ocrx_word' id='word_1_21' title='bbox 436 419 494 467; x_wconf 70' lang='lat' dir='ltr'><strong>N„</strong></span> <span class='ocrx_word' id='word_1_22' title='bbox 518 419 590 459; x_wconf 88' lang='lat' dir='ltr'><strong>Dei</strong></span> <span class='ocrx_word' id='word_1_23' title='bbox 613 419 734 466; x_wconf 84' lang='lat' dir='ltr'><strong>gratia</strong></span> <span class='ocrx_word' id='word_1_24' title='bbox 749 419 1067 467; x_wconf 79' lang='lat' dir='ltr'><strong>wirzeburgensis</strong></span> <span class='ocrx_word' id='word_1_25' title='bbox 1091 419 1191 466; x_wconf 90' lang='lat' dir='ltr'><strong>quod</strong></span> <span class='ocrx_word' id='word_1_26' title='bbox 1215 423 1284 467; x_wconf 87' lang='lat' dir='ltr'><strong>est,</strong></span> <span class='ocrx_word' id='word_1_27' title='bbox 1307 420 1351 457; x_wconf 90' lang='lat' dir='ltr'><strong>E.</strong></span> <span class='ocrx_word' id='word_1_28' title='bbox 1368 420 1509 458; x_wconf 88' lang='lat' dir='ltr'><strong>decano</strong></span> <span class='ocrx_word' id='word_1_29' title='bbox 1532 422 1680 459; x_wconf 88' lang='lat' dir='ltr'><strong>ceteris-</strong></span> 
     </span>
     <span class='ocr_line' id='line_1_4' title="bbox 107 483 1680 536; baseline -0.001 -13"><span class='ocrx_word' id='word_1_30' title='bbox 107 494 191 536; x_wconf 82' lang='lat' dir='ltr'><strong>que.</strong></span> <span class='ocrx_word' id='word_1_31' title='bbox 204 483 449 535; x_wconf 71' lang='lat' dir='ltr'><strong>confi-utribus</strong></span> <span class='ocrx_word' id='word_1_32' title='bbox 473 489 623 523; x_wconf 83' lang='lat' dir='ltr'><strong>sanctae</strong></span> <span class='ocrx_word' id='word_1_33' title='bbox 647 484 966 532; x_wconf 86' lang='lat' dir='ltr'><strong>Babenbergensis</strong></span> <span class='ocrx_word' id='word_1_34' title='bbox 991 485 1168 522; x_wconf 90' lang='lat' dir='ltr'><strong>ecclesiae</strong></span> <span class='ocrx_word' id='word_1_35' title='bbox 1199 485 1363 523; x_wconf 82' lang='lat' dir='ltr'>sincerae</span> <span class='ocrx_word' id='word_1_36' title='bbox 1390 486 1598 524; x_wconf 71' lang='lat' dir='ltr'><strong>dilectionis</strong></span> <span class='ocrx_word' id='word_1_37' title='bbox 1629 486 1680 523; x_wconf 88' lang='lat' dir='ltr'><strong>af-</strong></span> 
     </span>
    </p>
   </div>
   <div class='ocr_carea' id='block_1_3' title="bbox 107 545 512 614">
    <p class='ocr_par' dir='ltr' id='par_1_3' title="bbox 107 545 512 614">
     <span class='ocr_line' id='line_1_5' title="bbox 107 545 512 614; baseline 0.002 -27"><span class='ocrx_word' id='word_1_38' title='bbox 107 545 246 614; x_wconf 73' lang='lat' dir='ltr'><strong>fectum</strong></span> <span class='ocrx_word' id='word_1_39' title='bbox 269 550 308 588; x_wconf 87' lang='lat' dir='ltr'><strong>in</strong></span> <span class='ocrx_word' id='word_1_40' title='bbox 331 545 512 589; x_wconf 77' lang='lat' dir='ltr'><strong>oinm&#39;bus.</strong></span> 
     </span>
    </p>
   </div>
   <div class='ocr_carea' id='block_1_4' title="bbox 750 601 1034 607">
    <p class='ocr_par' dir='ltr' id='par_1_4' title="bbox 750 601 1034 607">
     <span class='ocr_line' id='line_1_6' title="bbox 750 601 1034 607; baseline 0 0"><span class='ocrx_word' id='word_1_41' title='bbox 750 601 1034 607; x_wconf 95' lang='lat' dir='ltr'><strong> </strong></span> 
     </span>
    </p>
   </div>
   <div class='ocr_carea' id='block_1_5' title="bbox 110 662 1683 961">
    <p class='ocr_par' dir='ltr' id='par_1_5' title="bbox 112 662 1682 799">
     <span class='ocr_line' id='line_1_7' title="bbox 112 662 1682 724; baseline -0.001 -12"><span class='ocrx_word' id='word_1_42' title='bbox 112 662 448 722; x_wconf 45' lang='lat' dir='ltr'><strong>3..1E·pistola</strong></span> <span class='ocrx_word' id='word_1_43' title='bbox 505 665 957 719; x_wconf 20' lang='lat' dir='ltr'><strong>commendaticia,</strong></span> <span class='ocrx_word' id='word_1_44' title='bbox 1008 665 1356 724; x_wconf 75' lang='lat' dir='ltr'>pergentibus</span> <span class='ocrx_word' id='word_1_45' title='bbox 1416 666 1682 711; x_wconf 82' lang='lat' dir='ltr'><strong>fratribus</strong></span> 
     </span>
     <span class='ocr_line' id='line_1_8' title="bbox 178 742 1682 799; baseline 0.008 -12.517"><span class='ocrx_word' id='word_1_46' title='bbox 178 768 180 770; x_wconf 91' lang='lat'><em>-</em></span> <span class='ocrx_word' id='word_1_47' title='bbox 196 742 375 789; x_wconf 56' lang='grc' dir='ltr'><strong>ἔδοιεν.</strong></span> <span class='ocrx_word' id='word_1_48' title='bbox 1561 743 1614 798; x_wconf 88' lang='grc' dir='ltr'><strong>(Ε</strong></span> <span class='ocrx_word' id='word_1_49' title='bbox 1637 744 1682 799; x_wconf 82' lang='grc'><strong>8)</strong></span> 
     </span>
    </p>

    <p class='ocr_par' dir='ltr' id='par_1_6' title="bbox 110 825 1683 961">
     <span class='ocr_line' id='line_1_9' title="bbox 141 825 1683 877; baseline 0 -6"><span class='ocrx_word' id='word_1_50' title='bbox 141 846 151 869; x_wconf 72' lang='grc'><strong>·,</strong></span> <span class='ocrx_word' id='word_1_51' title='bbox 190 843 193 851; x_wconf 62' lang='grc'><em>’</em></span> <span class='ocrx_word' id='word_1_52' title='bbox 227 825 423 877; x_wconf 80' lang='lat' dir='ltr'><strong>Dominis</strong></span> <span class='ocrx_word' id='word_1_53' title='bbox 451 829 495 871; x_wconf 89' lang='lat' dir='ltr'><strong>et</strong></span> <span class='ocrx_word' id='word_1_54' title='bbox 519 826 722 871; x_wconf 79' lang='lat' dir='ltr'><strong>fratribus</strong></span> <span class='ocrx_word' id='word_1_55' title='bbox 750 825 945 871; x_wconf 87' lang='lat' dir='ltr'><strong>fidelibus</strong></span> <span class='ocrx_word' id='word_1_56' title='bbox 973 829 1118 871; x_wconf 86' lang='lat' dir='ltr'><strong>sancte</strong></span> <span class='ocrx_word' id='word_1_57' title='bbox 1138 826 1219 871; x_wconf 92' lang='lat' dir='ltr'><strong>Dei</strong></span> <span class='ocrx_word' id='word_1_58' title='bbox 1250 826 1478 871; x_wconf 86' lang='lat' dir='ltr'><strong>aecclesiae</strong></span> <span class='ocrx_word' id='word_1_59' title='bbox 1502 827 1683 872; x_wconf 88' lang='lat' dir='ltr'><strong>circum-</strong></span> 
     </span>
     <span class='ocr_line' id='line_1_10' title="bbox 110 904 1682 961; baseline 0.001 -12"><span class='ocrx_word' id='word_1_60' title='bbox 110 915 278 961; x_wconf 82' lang='lat' dir='ltr'><strong>quaque</strong></span> <span class='ocrx_word' id='word_1_61' title='bbox 297 905 568 949; x_wconf 83' lang='lat' dir='ltr'><strong>manentibus</strong></span> <span class='ocrx_word' id='word_1_62' title='bbox 588 904 640 949; x_wconf 89' lang='lat' dir='ltr'><strong>N.</strong></span> <span class='ocrx_word' id='word_1_63' title='bbox 661 904 834 949; x_wconf 87' lang='lat' dir='ltr'><strong>humilis</strong></span> <span class='ocrx_word' id='word_1_64' title='bbox 866 907 909 949; x_wconf 87' lang='lat' dir='ltr'><strong>et</strong></span> <span class='ocrx_word' id='word_1_65' title='bbox 938 905 1115 960; x_wconf 86' lang='lat' dir='ltr'><strong>exiguus</strong></span> <span class='ocrx_word' id='word_1_66' title='bbox 1146 918 1364 949; x_wconf 87' lang='lat' dir='ltr'><strong>servorum</strong></span> <span class='ocrx_word' id='word_1_67' title='bbox 1386 905 1468 950; x_wconf 90' lang='lat' dir='ltr'><strong>Dei</strong></span> <span class='ocrx_word' id='word_1_68' title='bbox 1489 905 1682 950; x_wconf 86' lang='lat' dir='ltr'><strong>servulus</strong></span> 
     </span>
    </p>
   </div>
   <div class='ocr_carea' id='block_1_6' title="bbox 42 981 592 1028">
    <p class='ocr_par' dir='ltr' id='par_1_7' title="bbox 42 981 592 1028">
     <span class='ocr_line' id='line_1_11' title="bbox 42 981 592 1028; baseline 0.004 -4"><span class='ocrx_word' id='word_1_69' title='bbox 42 1022 44 1024; x_wconf 87' lang='lat'>.</span> <span class='ocrx_word' id='word_1_70' title='bbox 109 982 161 1027; x_wconf 49' lang='lat' dir='ltr'><strong>in*</strong></span> <span class='ocrx_word' id='word_1_71' title='bbox 182 981 368 1028; x_wconf 85' lang='lat' dir='ltr'><strong>Domino</strong></span> <span class='ocrx_word' id='word_1_72' title='bbox 399 982 592 1028; x_wconf 77' lang='lat' dir='ltr'><strong>salutem.</strong></span> 
     </span>
    </p>
   </div>
   <div class='ocr_carea' id='block_1_7' title="bbox 72 1059 1685 1901">
    <p class='ocr_par' dir='ltr' id='par_1_8' title="bbox 72 1059 1685 1901">
     <span class='ocr_line' id='line_1_12' title="bbox 226 1059 1684 1116; baseline 0 -11"><span class='ocrx_word' id='word_1_73' title='bbox 226 1059 404 1106; x_wconf 79' lang='lat' dir='ltr'><strong>Noverit</strong></span> <span class='ocrx_word' id='word_1_74' title='bbox 416 1061 656 1106; x_wconf 88' lang='lat' dir='ltr'><strong>reverentia</strong></span> <span class='ocrx_word' id='word_1_75' title='bbox 674 1059 948 1105; x_wconf 78' lang='lat' dir='ltr'><strong>beatitudinis</strong></span> <span class='ocrx_word' id='word_1_76' title='bbox 963 1063 1144 1116; x_wconf 88' lang='lat' dir='ltr'><strong>vestrae,</strong></span> <span class='ocrx_word' id='word_1_77' title='bbox 1163 1060 1276 1104; x_wconf 89' lang='lat' dir='ltr'><strong>hunc</strong></span> <span class='ocrx_word' id='word_1_78' title='bbox 1294 1059 1471 1104; x_wconf 86' lang='lat' dir='ltr'><strong>fratrem</strong></span> <span class='ocrx_word' id='word_1_79' title='bbox 1490 1063 1684 1105; x_wconf 89' lang='lat' dir='ltr'><strong>nostrum</strong></span> 
     </span>
     <span class='ocr_line' id='line_1_13' title="bbox 107 1137 1684 1197; baseline 0 -14"><span class='ocrx_word' id='word_1_80' title='bbox 107 1137 161 1184; x_wconf 78' lang='lat' dir='ltr'><strong>N.</strong></span> <span class='ocrx_word' id='word_1_81' title='bbox 191 1151 219 1187; x_wconf 77' lang='lat' dir='ltr'><strong>a</strong></span> <span class='ocrx_word' id='word_1_82' title='bbox 253 1138 378 1184; x_wconf 82' lang='lat' dir='ltr'><strong>nobis</strong></span> <span class='ocrx_word' id='word_1_83' title='bbox 414 1139 582 1197; x_wconf 87' lang='lat' dir='ltr'><strong>copiam</strong></span> <span class='ocrx_word' id='word_1_84' title='bbox 619 1138 747 1184; x_wconf 90' lang='lat' dir='ltr'><strong>eundi</strong></span> <span class='ocrx_word' id='word_1_85' title='bbox 785 1139 986 1195; x_wconf 77' lang='lat' dir='ltr'><strong>quesisse.</strong></span> <span class='ocrx_word' id='word_1_86' title='bbox 1039 1137 1175 1190; x_wconf 88' lang='lat' dir='ltr'><strong>Quam</strong></span> <span class='ocrx_word' id='word_1_87' title='bbox 1214 1141 1258 1182; x_wconf 91' lang='lat' dir='ltr'><strong>et</strong></span> <span class='ocrx_word' id='word_1_88' title='bbox 1293 1151 1370 1182; x_wconf 89' lang='lat' dir='ltr'><strong>nos</strong></span> <span class='ocrx_word' id='word_1_89' title='bbox 1410 1139 1450 1182; x_wconf 91' lang='lat' dir='ltr'><strong>ei</strong></span> <span class='ocrx_word' id='word_1_90' title='bbox 1488 1138 1684 1183; x_wconf 88' lang='lat' dir='ltr'><strong>benivola</strong></span> 
     </span>
     <span class='ocr_line' id='line_1_14' title="bbox 106 1215 1682 1273; baseline -0.001 -11"><span class='ocrx_word' id='word_1_91' title='bbox 106 1219 251 1262; x_wconf 71' lang='lat' dir='ltr'><strong>mente</strong></span> <span class='ocrx_word' id='word_1_92' title='bbox 279 1217 579 1273; x_wconf 74' lang='lat' dir='ltr'><strong>concessimus,</strong></span> <span class='ocrx_word' id='word_1_93' title='bbox 610 1220 672 1273; x_wconf 88' lang='lat' dir='ltr'><strong>ut,</strong></span> <span class='ocrx_word' id='word_1_94' title='bbox 702 1217 941 1273; x_wconf 90' lang='lat' dir='ltr'><strong>ubicunque</strong></span> <span class='ocrx_word' id='word_1_95' title='bbox 972 1217 1011 1260; x_wconf 91' lang='lat' dir='ltr'><strong>ei</strong></span> <span class='ocrx_word' id='word_1_96' title='bbox 1030 1217 1094 1260; x_wconf 91' lang='lat' dir='ltr'><strong>ire</strong></span> <span class='ocrx_word' id='word_1_97' title='bbox 1112 1230 1332 1261; x_wconf 90' lang='lat' dir='ltr'><strong>remanere</strong></span> <span class='ocrx_word' id='word_1_98' title='bbox 1351 1215 1520 1260; x_wconf 90' lang='lat' dir='ltr'><strong>libitum</strong></span> <span class='ocrx_word' id='word_1_99' title='bbox 1539 1217 1682 1273; x_wconf 85' lang='lat' dir='ltr'><strong>fuerit,</strong></span> 
     </span>
     <span class='ocr_line' id='line_1_15' title="bbox 107 1294 1683 1340; baseline -0.001 0"><span class='ocrx_word' id='word_1_100' title='bbox 107 1294 273 1340; x_wconf 85' lang='lat' dir='ltr'><strong>licitum</strong></span> <span class='ocrx_word' id='word_1_101' title='bbox 302 1295 372 1340; x_wconf 84' lang='lat' dir='ltr'><strong>sit.</strong></span> <span class='ocrx_word' id='word_1_102' title='bbox 419 1294 478 1340; x_wconf 92' lang='lat' dir='ltr'><strong>Et</strong></span> <span class='ocrx_word' id='word_1_103' title='bbox 507 1295 584 1340; x_wconf 87' lang='lat' dir='ltr'><strong>has</strong></span> <span class='ocrx_word' id='word_1_104' title='bbox 604 1298 775 1339; x_wconf 88' lang='lat' dir='ltr'><strong>nostrae</strong></span> <span class='ocrx_word' id='word_1_105' title='bbox 795 1294 1100 1339; x_wconf 78' lang='lat' dir='ltr'><strong>mediocritatis</strong></span> <span class='ocrx_word' id='word_1_106' title='bbox 1121 1294 1267 1339; x_wconf 86' lang='lat' dir='ltr'><strong>literas</strong></span> <span class='ocrx_word' id='word_1_107' title='bbox 1288 1294 1384 1339; x_wconf 92' lang='lat' dir='ltr'><strong>ideo</strong></span> <span class='ocrx_word' id='word_1_108' title='bbox 1408 1295 1448 1339; x_wconf 91' lang='lat' dir='ltr'><strong>ei</strong></span> <span class='ocrx_word' id='word_1_109' title='bbox 1467 1295 1683 1339; x_wconf 86' lang='lat' dir='ltr'><strong>faciendas</strong></span> 
     </span>
     <span class='ocr_line' id='line_1_16' title="bbox 109 1372 1683 1431; baseline 0 -13"><span class='ocrx_word' id='word_1_110' title='bbox 109 1373 364 1430; x_wconf 77' lang='lat' dir='ltr'><strong>censuimus,</strong></span> <span class='ocrx_word' id='word_1_111' title='bbox 383 1376 445 1430; x_wconf 84' lang='lat' dir='ltr'><strong>ut,</strong></span> <span class='ocrx_word' id='word_1_112' title='bbox 466 1386 715 1430; x_wconf 91' lang='lat' dir='ltr'><strong>quocunque</strong></span> <span class='ocrx_word' id='word_1_113' title='bbox 734 1372 985 1430; x_wconf 85' lang='lat' dir='ltr'><strong>perrexerit,</strong></span> <span class='ocrx_word' id='word_1_114' title='bbox 1007 1386 1094 1416; x_wconf 90' lang='lat' dir='ltr'><strong>non</strong></span> <span class='ocrx_word' id='word_1_115' title='bbox 1113 1386 1191 1430; x_wconf 91' lang='lat' dir='ltr'><strong>pro</strong></span> <span class='ocrx_word' id='word_1_116' title='bbox 1213 1373 1391 1430; x_wconf 85' lang='lat' dir='ltr'><strong>profugo</strong></span> <span class='ocrx_word' id='word_1_117' title='bbox 1411 1386 1490 1417; x_wconf 90' lang='lat' dir='ltr'><strong>nec</strong></span> <span class='ocrx_word' id='word_1_118' title='bbox 1510 1386 1587 1431; x_wconf 89' lang='lat' dir='ltr'><strong>pro</strong></span> <span class='ocrx_word' id='word_1_119' title='bbox 1610 1374 1683 1418; x_wconf 89' lang='lat' dir='ltr'><strong>ab·</strong></span> 
     </span>
     <span class='ocr_line' id='line_1_17' title="bbox 107 1450 1684 1509; baseline 0 -13"><span class='ocrx_word' id='word_1_120' title='bbox 107 1451 217 1496; x_wconf 75' lang='lat' dir='ltr'><strong>ieeto</strong></span> <span class='ocrx_word' id='word_1_121' title='bbox 247 1450 467 1508; x_wconf 82' lang='lat' dir='ltr'><strong>habeatur,</strong></span> <span class='ocrx_word' id='word_1_122' title='bbox 499 1451 575 1496; x_wconf 88' lang='lat' dir='ltr'><strong>sed</strong></span> <span class='ocrx_word' id='word_1_123' title='bbox 603 1464 682 1509; x_wconf 90' lang='lat' dir='ltr'><strong>pro</strong></span> <span class='ocrx_word' id='word_1_124' title='bbox 714 1464 777 1507; x_wconf 80' lang='lat' dir='ltr'><strong>eo,</strong></span> <span class='ocrx_word' id='word_1_125' title='bbox 810 1451 882 1508; x_wconf 94' lang='lat' dir='ltr'><strong>qui</strong></span> <span class='ocrx_word' id='word_1_126' title='bbox 913 1453 1064 1508; x_wconf 88' lang='lat' dir='ltr'><strong>sponte</strong></span> <span class='ocrx_word' id='word_1_127' title='bbox 1095 1451 1329 1508; x_wconf 81' lang='lat' dir='ltr'><strong>susceperit</strong></span> <span class='ocrx_word' id='word_1_128' title='bbox 1358 1452 1525 1508; x_wconf 89' lang='lat' dir='ltr'><strong>copiam</strong></span> <span class='ocrx_word' id='word_1_129' title='bbox 1556 1452 1684 1496; x_wconf 89' lang='lat' dir='ltr'><strong>eundi</strong></span> 
     </span>
     <span class='ocr_line' id='line_1_18' title="bbox 110 1528 1683 1586; baseline 0 -12"><span class='ocrx_word' id='word_1_130' title='bbox 110 1533 155 1574; x_wconf 89' lang='lat' dir='ltr'><strong>et</strong></span> <span class='ocrx_word' id='word_1_131' title='bbox 182 1529 420 1586; x_wconf 80' lang='lat' dir='ltr'><strong>victitandi,</strong></span> <span class='ocrx_word' id='word_1_132' title='bbox 449 1529 689 1586; x_wconf 76' lang='lat' dir='ltr'><strong>ubicmque</strong></span> <span class='ocrx_word' id='word_1_133' title='bbox 709 1529 749 1573; x_wconf 92' lang='lat' dir='ltr'><strong>ei</strong></span> <span class='ocrx_word' id='word_1_134' title='bbox 769 1529 978 1573; x_wconf 90' lang='lat' dir='ltr'><strong>Dominus</strong></span> <span class='ocrx_word' id='word_1_135' title='bbox 1008 1528 1254 1573; x_wconf 81' lang='lat' dir='ltr'><strong>facultatem</strong></span> <span class='ocrx_word' id='word_1_136' title='bbox 1285 1529 1550 1575; x_wconf 86' lang='lat' dir='ltr'><strong>concesserit.</strong></span> <span class='ocrx_word' id='word_1_137' title='bbox 1599 1529 1683 1574; x_wconf 93' lang='lat' dir='ltr'><strong>Ob-</strong></span> 
     </span>
     <span class='ocr_line' id='line_1_19' title="bbox 110 1607 1684 1664; baseline 0 -12"><span class='ocrx_word' id='word_1_138' title='bbox 110 1619 325 1652; x_wconf 86' lang='lat' dir='ltr'><strong>secramus</strong></span> <span class='ocrx_word' id='word_1_139' title='bbox 362 1608 514 1664; x_wconf 84' lang='lat' dir='ltr'><strong>etiam,</strong></span> <span class='ocrx_word' id='word_1_140' title='bbox 556 1611 606 1651; x_wconf 92' lang='lat' dir='ltr'><strong>ut</strong></span> <span class='ocrx_word' id='word_1_141' title='bbox 641 1607 688 1651; x_wconf 90' lang='lat' dir='ltr'><strong>in</strong></span> <span class='ocrx_word' id='word_1_142' title='bbox 725 1607 815 1651; x_wconf 88' lang='lat' dir='ltr'><strong>eius</strong></span> <span class='ocrx_word' id='word_1_143' title='bbox 854 1607 1120 1664; x_wconf 86' lang='lat' dir='ltr'><strong>susceptione</strong></span> <span class='ocrx_word' id='word_1_144' title='bbox 1159 1620 1368 1651; x_wconf 87' lang='lat' dir='ltr'><strong>memores</strong></span> <span class='ocrx_word' id='word_1_145' title='bbox 1407 1608 1500 1651; x_wconf 89' lang='lat' dir='ltr'><strong>sitis</strong></span> <span class='ocrx_word' id='word_1_146' title='bbox 1540 1607 1684 1652; x_wconf 88' lang='lat' dir='ltr'><strong>divine</strong></span> 
     </span>
     <span class='ocr_line' id='line_1_20' title="bbox 108 1683 1684 1744; baseline 0 -14"><span class='ocrx_word' id='word_1_147' title='bbox 108 1683 226 1730; x_wconf 74' lang='lat' dir='ltr'><strong>illius</strong></span> <span class='ocrx_word' id='word_1_148' title='bbox 254 1686 483 1731; x_wconf 81' lang='lat' dir='ltr'><strong>sententie:</strong></span> <span class='ocrx_word' id='word_1_149' title='bbox 515 1686 682 1744; x_wconf 73' lang='lat' dir='ltr'><strong>Hospes</strong></span> <span class='ocrx_word' id='word_1_150' title='bbox 714 1700 830 1730; x_wconf 82' lang='lat' dir='ltr'><strong>eram</strong></span> <span class='ocrx_word' id='word_1_151' title='bbox 861 1695 900 1730; x_wconf 77' lang='lat' dir='ltr'><strong>et</strong></span> <span class='ocrx_word' id='word_1_152' title='bbox 921 1686 1144 1743; x_wconf 73' lang='lat' dir='ltr'><strong>colleqistis</strong></span> <span class='ocrx_word' id='word_1_153' title='bbox 1173 1701 1239 1729; x_wconf 84' lang='lat' dir='ltr'><strong>me</strong></span> <span class='ocrx_word' id='word_1_154' title='bbox 1252 1683 1274 1741; x_wconf 85' lang='lat'><strong>¹,</strong></span> <span class='ocrx_word' id='word_1_155' title='bbox 1307 1688 1350 1729; x_wconf 87' lang='lat' dir='ltr'><strong>et</strong></span> <span class='ocrx_word' id='word_1_156' title='bbox 1379 1685 1459 1730; x_wconf 88' lang='lat' dir='ltr'><strong>hoc</strong></span> <span class='ocrx_word' id='word_1_157' title='bbox 1489 1685 1530 1730; x_wconf 86' lang='lat' dir='ltr'><strong>ei</strong></span> <span class='ocrx_word' id='word_1_158' title='bbox 1557 1686 1684 1730; x_wconf 86' lang='lat' dir='ltr'><strong>bene·-</strong></span> 
     </span>
     <span class='ocr_line' id='line_1_21' title="bbox 108 1762 1685 1822; baseline -0.001 -14"><span class='ocrx_word' id='word_1_159' title='bbox 108 1762 195 1808; x_wconf 82' lang='lat' dir='ltr'><strong>ficii</strong></span> <span class='ocrx_word' id='word_1_160' title='bbox 223 1767 368 1808; x_wconf 83' lang='lat' dir='ltr'><strong>vestra</strong></span> <span class='ocrx_word' id='word_1_161' title='bbox 397 1763 692 1808; x_wconf 81' lang='lat' dir='ltr'><strong>benevolentia</strong></span> <span class='ocrx_word' id='word_1_162' title='bbox 712 1763 922 1819; x_wconf 84' lang='lat' dir='ltr'><strong>exhibeat,</strong></span> <span class='ocrx_word' id='word_1_163' title='bbox 956 1763 1068 1820; x_wconf 89' lang='lat' dir='ltr'><strong>quod</strong></span> <span class='ocrx_word' id='word_1_164' title='bbox 1099 1777 1125 1807; x_wconf 86' lang='lat' dir='ltr'><strong>a</strong></span> <span class='ocrx_word' id='word_1_165' title='bbox 1144 1763 1327 1807; x_wconf 90' lang='lat' dir='ltr'><strong>Domino</strong></span> <span class='ocrx_word' id='word_1_166' title='bbox 1350 1763 1542 1808; x_wconf 86' lang='lat' dir='ltr'><strong>exhiberi</strong></span> <span class='ocrx_word' id='word_1_167' title='bbox 1560 1777 1685 1822; x_wconf 87' lang='lat' dir='ltr'><strong>prae-</strong></span> 
     </span>
     <span class='ocr_line' id='line_1_22' title="bbox 72 1841 1595 1901; baseline -0.001 -13"><span class='ocrx_word' id='word_1_168' title='bbox 72 1854 77 1859; x_wconf 84' lang='lat'><strong>·</strong></span> <span class='ocrx_word' id='word_1_169' title='bbox 111 1844 280 1901; x_wconf 83' lang='lat' dir='ltr'><strong>ceptum</strong></span> <span class='ocrx_word' id='word_1_170' title='bbox 310 1845 378 1887; x_wconf 88' lang='lat' dir='ltr'><strong>est</strong></span> <span class='ocrx_word' id='word_1_171' title='bbox 406 1846 451 1887; x_wconf 90' lang='lat' dir='ltr'><strong>et</strong></span> <span class='ocrx_word' id='word_1_172' title='bbox 477 1842 591 1887; x_wconf 89' lang='lat' dir='ltr'><strong>unde</strong></span> <span class='ocrx_word' id='word_1_173' title='bbox 619 1841 792 1900; x_wconf 89' lang='lat' dir='ltr'><strong>plenam</strong></span> <span class='ocrx_word' id='word_1_174' title='bbox 822 1841 875 1886; x_wconf 90' lang='lat' dir='ltr'><strong>ab</strong></span> <span class='ocrx_word' id='word_1_175' title='bbox 907 1855 955 1886; x_wconf 90' lang='lat' dir='ltr'><strong>eo</strong></span> <span class='ocrx_word' id='word_1_176' title='bbox 986 1841 1309 1887; x_wconf 83' lang='lat' dir='ltr'><strong>retributionem</strong></span> <span class='ocrx_word' id='word_1_177' title='bbox 1340 1842 1595 1900; x_wconf 89' lang='lat' dir='ltr'><strong>suscipiatis.</strong></span> 
     </span>
    </p>
   </div>
   <div class='ocr_carea' id='block_1_8' title="bbox 756 1932 1040 1938">
    <p class='ocr_par' dir='ltr' id='par_1_9' title="bbox 756 1932 1040 1938">
     <span class='ocr_line' id='line_1_23' title="bbox 756 1932 1040 1938; baseline 0 0"><span class='ocrx_word' id='word_1_178' title='bbox 756 1932 1040 1938; x_wconf 95' lang='lat' dir='ltr'><strong> </strong></span> 
     </span>
    </p>
   </div>
   <div class='ocr_carea' id='block_1_9' title="bbox 111 1984 1899 2907">
    <p class='ocr_par' dir='ltr' id='par_1_10' title="bbox 111 1984 1899 2907">
     <span class='ocr_line' id='line_1_24' title="bbox 112 1984 1686 2044; baseline -0.001 -11"><span class='ocrx_word' id='word_1_179' title='bbox 112 1985 162 2035; x_wconf 75' lang='lat'><strong>4.</strong></span> <span class='ocrx_word' id='word_1_180' title='bbox 201 1986 444 2033; x_wconf 66' lang='lat' dir='ltr'><strong>Ludovicaeae</strong></span> <span class='ocrx_word' id='word_1_181' title='bbox 478 1984 554 2030; x_wconf 88' lang='lat' dir='ltr'><strong>IV</strong></span> <span class='ocrx_word' id='word_1_182' title='bbox 595 1985 750 2044; x_wconf 73' lang='lat' dir='ltr'><strong>Infans</strong></span> <span class='ocrx_word' id='word_1_183' title='bbox 798 1986 1005 2043; x_wconf 79' lang='lat' dir='ltr'><strong>capellam</strong></span> <span class='ocrx_word' id='word_1_184' title='bbox 1045 1985 1093 2032; x_wconf 83' lang='lat' dir='ltr'><strong>S.</strong></span> <span class='ocrx_word' id='word_1_185' title='bbox 1127 1986 1300 2036; x_wconf 76' lang='lat' dir='ltr'><strong>Mariae</strong></span> <span class='ocrx_word' id='word_1_186' title='bbox 1338 1987 1686 2033; x_wconf 64' lang='lat' dir='ltr'><strong>Ratisbonemem</strong></span> 
     </span>
     <span class='ocr_line' id='line_1_25' title="bbox 199 2063 1782 2118; baseline -0.003 -7"><span class='ocrx_word' id='word_1_187' title='bbox 199 2063 486 2112; x_wconf 66' lang='lat' dir='ltr'><strong>muneratur-⁶.</strong></span> <span class='ocrx_word' id='word_1_188' title='bbox 1533 2064 1586 2118; x_wconf 93' lang='lat' dir='ltr'><strong>(E</strong></span> <span class='ocrx_word' id='word_1_189' title='bbox 1608 2063 1684 2118; x_wconf 83' lang='lat'><strong>45)</strong></span> <span class='ocrx_word' id='word_1_190' title='bbox 1780 2112 1782 2114; x_wconf 13' lang='lat' dir='ltr'>v</span> 
     </span>
     <span class='ocr_line' id='line_1_26' title="bbox 230 2145 1899 2202; baseline -0.001 -9"><span class='ocrx_word' id='word_1_191' title='bbox 230 2147 281 2193; x_wconf 89' lang='lat' dir='ltr'><strong>In</strong></span> <span class='ocrx_word' id='word_1_192' title='bbox 309 2147 480 2193; x_wconf 86' lang='lat' dir='ltr'><strong>nomine</strong></span> <span class='ocrx_word' id='word_1_193' title='bbox 511 2149 683 2192; x_wconf 87' lang='lat' dir='ltr'><strong>sanctae</strong></span> <span class='ocrx_word' id='word_1_194' title='bbox 714 2149 757 2191; x_wconf 91' lang='lat' dir='ltr'><strong>et</strong></span> <span class='ocrx_word' id='word_1_195' title='bbox 788 2145 1030 2190; x_wconf 87' lang='lat' dir='ltr'><strong>individuae</strong></span> <span class='ocrx_word' id='word_1_196' title='bbox 1053 2146 1271 2191; x_wconf 86' lang='lat' dir='ltr'><strong>trinitatis.</strong></span> <span class='ocrx_word' id='word_1_197' title='bbox 1317 2146 1590 2202; x_wconf 86' lang='lat' dir='ltr'><strong>L(udovicus)</strong></span> <span class='ocrx_word' id='word_1_198' title='bbox 1622 2147 1686 2191; x_wconf 89' lang='lat' dir='ltr'><strong>di·</strong></span> <span class='ocrx_word' id='word_1_199' title='bbox 1709 2160 1899 2196; x_wconf 80' lang='lat' dir='ltr'><strong>eoo-911</strong></span> 
     </span>
     <span class='ocr_line' id='line_1_27' title="bbox 111 2223 1685 2281; baseline -0.002 -9"><span class='ocrx_word' id='word_1_200' title='bbox 111 2227 213 2272; x_wconf 85' lang='lat' dir='ltr'><strong>vina</strong></span> <span class='ocrx_word' id='word_1_201' title='bbox 239 2226 408 2272; x_wconf 74' lang='lat' dir='ltr'><strong>favente</strong></span> <span class='ocrx_word' id='word_1_202' title='bbox 438 2224 663 2270; x_wconf 89' lang='lat' dir='ltr'><strong>clementia</strong></span> <span class='ocrx_word' id='word_1_203' title='bbox 691 2238 781 2268; x_wconf 82' lang='lat' dir='ltr'><strong>rex.</strong></span> <span class='ocrx_word' id='word_1_204' title='bbox 831 2223 878 2268; x_wconf 89' lang='lat' dir='ltr'><strong>Si</strong></span> <span class='ocrx_word' id='word_1_205' title='bbox 908 2238 1127 2268; x_wconf 89' lang='lat' dir='ltr'><strong>servorum</strong></span> <span class='ocrx_word' id='word_1_206' title='bbox 1156 2224 1252 2281; x_wconf 88' lang='lat' dir='ltr'><strong>Dei,</strong></span> <span class='ocrx_word' id='word_1_207' title='bbox 1285 2226 1358 2281; x_wconf 93' lang='lat' dir='ltr'><strong>qui</strong></span> <span class='ocrx_word' id='word_1_208' title='bbox 1389 2225 1685 2270; x_wconf 89' lang='lat' dir='ltr'><strong>ecclesiasticis</strong></span> 
     </span>
     <span class='ocr_line' id='line_1_28' title="bbox 111 2302 1686 2362; baseline -0.002 -13"><span class='ocrx_word' id='word_1_209' title='bbox 111 2304 310 2362; x_wconf 88' lang='lat' dir='ltr'><strong>impliciti</strong></span> <span class='ocrx_word' id='word_1_210' title='bbox 345 2303 572 2362; x_wconf 85' lang='lat' dir='ltr'><strong>pervigiles</strong></span> <span class='ocrx_word' id='word_1_211' title='bbox 611 2302 764 2347; x_wconf 88' lang='lat' dir='ltr'><strong>studiis</strong></span> <span class='ocrx_word' id='word_1_212' title='bbox 809 2306 1015 2347; x_wconf 90' lang='lat' dir='ltr'><strong>nocturno</strong></span> <span class='ocrx_word' id='word_1_213' title='bbox 1063 2303 1173 2346; x_wconf 89' lang='lat' dir='ltr'><strong>sacri</strong></span> <span class='ocrx_word' id='word_1_214' title='bbox 1218 2303 1428 2360; x_wconf 88' lang='lat' dir='ltr'><strong>propositi</strong></span> <span class='ocrx_word' id='word_1_215' title='bbox 1465 2303 1686 2347; x_wconf 88' lang='lat' dir='ltr'><strong>conamine</strong></span> 
     </span>
     <span class='ocr_line' id='line_1_29' title="bbox 113 2379 1686 2445; baseline -0.001 -18"><span class='ocrx_word' id='word_1_216' title='bbox 113 2385 240 2440; x_wconf 88' lang='lat' dir='ltr'><strong>atque</strong></span> <span class='ocrx_word' id='word_1_217' title='bbox 277 2382 428 2426; x_wconf 90' lang='lat' dir='ltr'><strong>diurno</strong></span> <span class='ocrx_word' id='word_1_218' title='bbox 458 2381 602 2426; x_wconf 87' lang='lat' dir='ltr'><strong>votiva</strong></span> <span class='ocrx_word' id='word_1_219' title='bbox 637 2381 683 2425; x_wconf 90' lang='lat' dir='ltr'><strong>in</strong></span> <span class='ocrx_word' id='word_1_220' title='bbox 721 2381 973 2425; x_wconf 86' lang='lat' dir='ltr'><strong>sanctuariis</strong></span> <span class='ocrx_word' id='word_1_221' title='bbox 1011 2379 1179 2445; x_wconf 63' lang='lat' dir='ltr'><strong>§hristo</strong></span> <span class='ocrx_word' id='word_1_222' title='bbox 1227 2381 1398 2424; x_wconf 89' lang='lat' dir='ltr'><strong>domino</strong></span> <span class='ocrx_word' id='word_1_223' title='bbox 1437 2380 1686 2438; x_wconf 87' lang='lat' dir='ltr'><strong>persolvunt</strong></span> 
     </span>
     <span class='ocr_line' id='line_1_30' title="bbox 113 2458 1686 2516; baseline -0.001 -12"><span class='ocrx_word' id='word_1_224' title='bbox 113 2459 273 2516; x_wconf 84' lang='lat' dir='ltr'><strong>officia,</strong></span> <span class='ocrx_word' id='word_1_225' title='bbox 311 2473 457 2504; x_wconf 88' lang='lat' dir='ltr'><strong>curam</strong></span> <span class='ocrx_word' id='word_1_226' title='bbox 486 2459 694 2516; x_wconf 88' lang='lat' dir='ltr'><strong>gerimus,</strong></span> <span class='ocrx_word' id='word_1_227' title='bbox 734 2471 962 2515; x_wconf 89' lang='lat' dir='ltr'><strong>eorumque</strong></span> <span class='ocrx_word' id='word_1_228' title='bbox 999 2458 1175 2502; x_wconf 89' lang='lat' dir='ltr'><strong>utilitati</strong></span> <span class='ocrx_word' id='word_1_229' title='bbox 1213 2458 1443 2514; x_wconf 89' lang='lat' dir='ltr'><strong>instigante</strong></span> <span class='ocrx_word' id='word_1_230' title='bbox 1480 2458 1571 2502; x_wconf 90' lang='lat' dir='ltr'><strong>Deo</strong></span> <span class='ocrx_word' id='word_1_231' title='bbox 1614 2459 1686 2515; x_wconf 90' lang='lat' dir='ltr'><strong>pie</strong></span> 
     </span>
     <span class='ocr_line' id='line_1_31' title="bbox 113 2535 1686 2598; baseline -0.002 -15"><span class='ocrx_word' id='word_1_232' title='bbox 113 2538 400 2594; x_wconf 86' lang='lat' dir='ltr'><strong>consulentes,</strong></span> <span class='ocrx_word' id='word_1_233' title='bbox 433 2551 528 2598; x_wconf 21' lang='lat' dir='ltr'><strong>&#39;ope</strong></span> <span class='ocrx_word' id='word_1_234' title='bbox 563 2537 775 2593; x_wconf 86' lang='lat' dir='ltr'><strong>largitatis</strong></span> <span class='ocrx_word' id='word_1_235' title='bbox 813 2540 983 2581; x_wconf 87' lang='lat' dir='ltr'><strong>nostrae</strong></span> <span class='ocrx_word' id='word_1_236' title='bbox 1022 2550 1093 2580; x_wconf 92' lang='lat' dir='ltr'><strong>eos</strong></span> <span class='ocrx_word' id='word_1_237' title='bbox 1132 2535 1439 2594; x_wconf 86' lang='lat' dir='ltr'><strong>aliquantisper</strong></span> <span class='ocrx_word' id='word_1_238' title='bbox 1475 2536 1686 2581; x_wconf 88' lang='lat' dir='ltr'><strong>consolari</strong></span> 
     </span>
     <span class='ocr_line' id='line_1_32' title="bbox 114 2614 1686 2673; baseline -0.001 -13"><span class='ocrx_word' id='word_1_239' title='bbox 114 2616 415 2672; x_wconf 86' lang='lat' dir='ltr'><strong>studuerimus,</strong></span> <span class='ocrx_word' id='word_1_240' title='bbox 445 2618 676 2673; x_wconf 88' lang='lat' dir='ltr'><strong>perpetuae</strong></span> <span class='ocrx_word' id='word_1_241' title='bbox 705 2615 919 2660; x_wconf 87' lang='lat' dir='ltr'><strong>felicitatis</strong></span> <span class='ocrx_word' id='word_1_242' title='bbox 951 2614 1140 2671; x_wconf 90' lang='lat' dir='ltr'><strong>tripudia</strong></span> <span class='ocrx_word' id='word_1_243' title='bbox 1166 2614 1289 2659; x_wconf 89' lang='lat' dir='ltr'><strong>nobis</strong></span> <span class='ocrx_word' id='word_1_244' title='bbox 1308 2615 1407 2659; x_wconf 91' lang='lat' dir='ltr'><strong>inde</strong></span> <span class='ocrx_word' id='word_1_245' title='bbox 1429 2614 1686 2658; x_wconf 88' lang='lat' dir='ltr'><strong>accumulari</strong></span> 
     </span>
     <span class='ocr_line' id='line_1_33' title="bbox 112 2692 1685 2750; baseline -0.002 -11"><span class='ocrx_word' id='word_1_246' title='bbox 112 2694 289 2739; x_wconf 89' lang='lat' dir='ltr'><strong>minime</strong></span> <span class='ocrx_word' id='word_1_247' title='bbox 328 2693 582 2738; x_wconf 85' lang='lat' dir='ltr'><strong>dubitamus.</strong></span> <span class='ocrx_word' id='word_1_248' title='bbox 629 2693 835 2746; x_wconf 85' lang='lat' dir='ltr'><strong>Quocirca</strong></span> <span class='ocrx_word' id='word_1_249' title='bbox 871 2692 1110 2736; x_wconf 88' lang='lat' dir='ltr'><strong>katholicae</strong></span> <span class='ocrx_word' id='word_1_250' title='bbox 1151 2692 1352 2737; x_wconf 88' lang='lat' dir='ltr'><strong>ecclesiae</strong></span> <span class='ocrx_word' id='word_1_251' title='bbox 1381 2692 1531 2748; x_wconf 82' lang='lat' dir='ltr'><strong>religio</strong></span> <span class='ocrx_word' id='word_1_252' title='bbox 1561 2705 1685 2750; x_wconf 88' lang='lat' dir='ltr'><strong>prae-</strong></span> 
     </span>
     <span class='ocr_line' id='line_1_34' title="bbox 115 2769 1685 2828; baseline -0.001 -12"><span class='ocrx_word' id='word_1_253' title='bbox 115 2785 211 2816; x_wconf 90' lang='lat' dir='ltr'><strong>sens</strong></span> <span class='ocrx_word' id='word_1_254' title='bbox 249 2775 292 2817; x_wconf 88' lang='lat' dir='ltr'><strong>et</strong></span> <span class='ocrx_word' id='word_1_255' title='bbox 327 2772 471 2816; x_wconf 84' lang='lat' dir='ltr'><strong>futura</strong></span> <span class='ocrx_word' id='word_1_256' title='bbox 508 2775 754 2828; x_wconf 84' lang='lat' dir='ltr'><strong>cognoscat,</strong></span> <span class='ocrx_word' id='word_1_257' title='bbox 795 2771 993 2828; x_wconf 90' lang='lat' dir='ltr'><strong>quoniam</strong></span> <span class='ocrx_word' id='word_1_258' title='bbox 1030 2769 1219 2814; x_wconf 89' lang='lat' dir='ltr'><strong>fidelium</strong></span> <span class='ocrx_word' id='word_1_259' title='bbox 1257 2771 1685 2828; x_wconf 89' lang='lat' dir='ltr'><strong>prudentissimorum</strong></span> 
     </span>
     <span class='ocr_line' id='line_1_35' title="bbox 114 2848 1685 2907; baseline -0.001 -13"><span class='ocrx_word' id='word_1_260' title='bbox 114 2852 357 2894; x_wconf 90' lang='lat' dir='ltr'><strong>nostrorum</strong></span> <span class='ocrx_word' id='word_1_261' title='bbox 388 2849 563 2894; x_wconf 90' lang='lat' dir='ltr'><strong>consilio</strong></span> <span class='ocrx_word' id='word_1_262' title='bbox 601 2853 690 2894; x_wconf 90' lang='lat' dir='ltr'><strong>tam</strong></span> <span class='ocrx_word' id='word_1_263' title='bbox 722 2849 1015 2907; x_wconf 87' lang='lat' dir='ltr'><strong>episcoporum</strong></span> <span class='ocrx_word' id='word_1_264' title='bbox 1051 2862 1179 2905; x_wconf 89' lang='lat' dir='ltr'><strong>quam</strong></span> <span class='ocrx_word' id='word_1_265' title='bbox 1206 2848 1413 2894; x_wconf 89' lang='lat' dir='ltr'><strong>laicorum</strong></span> <span class='ocrx_word' id='word_1_266' title='bbox 1443 2849 1685 2906; x_wconf 89' lang='lat' dir='ltr'><strong>principum</strong></span> 
     </span>
    </p>
   </div>
   <div class='ocr_carea' id='block_1_10' title="bbox 209 2949 1593 3061">
    <p class='ocr_par' dir='ltr' id='par_1_11' title="bbox 209 2949 1593 3061">
     <span class='ocr_line' id='line_1_36' title="bbox 209 2949 1593 2991; baseline -0.001 -9"><span class='ocrx_word' id='word_1_267' title='bbox 209 2960 237 2981; x_wconf 76' lang='lat' dir='ltr'><strong>a.</strong></span> <span class='ocrx_word' id='word_1_268' title='bbox 269 2960 307 2982; x_wconf 68' lang='lat' dir='ltr'><strong>ex</strong></span> <span class='ocrx_word' id='word_1_269' title='bbox 329 2951 356 2982; x_wconf 85' lang='lat' dir='ltr'><em>V</em></span> <span class='ocrx_word' id='word_1_270' title='bbox 374 2951 502 2989; x_wconf 79' lang='lat' dir='ltr'><strong><em>7v-—·8‚</em></strong></span> <span class='ocrx_word' id='word_1_271' title='bbox 526 2951 669 2991; x_wconf 79' lang='lat' dir='ltr'><strong>Zp.15,</strong></span> <span class='ocrx_word' id='word_1_272' title='bbox 696 2949 722 2982; x_wconf 83' lang='lat'><em>0</em></span> <span class='ocrx_word' id='word_1_273' title='bbox 741 2951 867 2981; x_wconf 78' lang='lat' dir='ltr'><strong><em>4—4v.</em></strong></span> <span class='ocrx_word' id='word_1_274' title='bbox 993 2949 1023 2980; x_wconf 86' lang='lat' dir='ltr'><strong>b.</strong></span> <span class='ocrx_word' id='word_1_275' title='bbox 1055 2959 1094 2980; x_wconf 62' lang='grc' dir='ltr'><strong>ιω</strong></span> <span class='ocrx_word' id='word_1_276' title='bbox 1114 2950 1143 2982; x_wconf 86' lang='lat' dir='ltr'><strong><em>V</em></strong></span> <span class='ocrx_word' id='word_1_277' title='bbox 1160 2950 1334 2987; x_wconf 81' lang='lat' dir='ltr'><em>21—21v‚</em></span> <span class='ocrx_word' id='word_1_278' title='bbox 1358 2949 1385 2980; x_wconf 80' lang='grc' dir='ltr'><strong><em>Ζ</em></strong></span> <span class='ocrx_word' id='word_1_279' title='bbox 1400 2960 1432 2990; x_wconf 78' lang='lat' dir='ltr'><strong>p.</strong></span> <span class='ocrx_word' id='word_1_280' title='bbox 1448 2950 1593 2981; x_wconf 79' lang='lat'><em>43—44.</em></span> 
     </span>
     <span class='ocr_line' id='line_1_37' title="bbox 212 3014 553 3061; baseline -0.003 -11"><span class='ocrx_word' id='word_1_281' title='bbox 212 3015 246 3050; x_wconf 91' lang='lat'><strong>1.</strong></span> <span class='ocrx_word' id='word_1_282' title='bbox 270 3014 398 3051; x_wconf 83' lang='lat' dir='ltr'><strong>Matth.</strong></span> <span class='ocrx_word' id='word_1_283' title='bbox 416 3015 474 3061; x_wconf 82' lang='lat'><strong>25,</strong></span> <span class='ocrx_word' id='word_1_284' title='bbox 494 3014 553 3050; x_wconf 84' lang='lat'><strong>35.</strong></span> 
     </span>
    </p>
   </div>
  </div>
 </body>
</html>
