2028 3438
603 227 826 259 UDALRIOI
854 227 1025 259 conux.
1073 225 1131 260 44.
1151 226 1198 260 45
1627 217 1683 260 97

107 327 278 391 pietur?
319 332 422 389 Aut,
454 333 492 377 si
512 333 757 378 emendatus
777 334 919 390 fuerit,
952 347 1048 379 cum
1069 333 1126 378 sit
1146 331 1549 392 excommunicatus,
1581 349 1686 392 quo-

106 405 235 455 niodo
262 410 519 468 recipietur?

225 487 295 532 En
323 488 490 545 longius
522 491 564 533 et
593 489 763 533 brevius
795 502 922 546 quam
953 487 1157 533 vellemus
1180 489 1426 547 paternitati
1447 492 1586 535 vestre
1617 504 1684 534 re-

106 562 375 624 spondimu83
406 569 699 611 verumtamen
730 567 914 624 sapienti
944 570 1011 611 sat
1042 567 1201 612 dictum
1231 570 1307 611 est.
1429 567 1552 612 Nunc
1584 581 1683 624 ergo

105 642 197 701 per-
212 642 429 688 Christum
461 658 534 688 vos
564 658 777 701 rogamus,
809 648 856 689 ut
886 645 971 703 ipsi
993 644 1163 689 Christo
1188 645 1450 702 supplicetis,
1484 647 1682 703 quatinus

106 720 329 766 ecclesiam·
362 726 454 766 tam
492 723 728 780 periculose
757 722 1033 768 fluctuantem
1073 723 1230 781 placito
1271 722 1352 767 sibi
1389 727 1562 780 pastore
1592 738 1683 768 ma-

105 801 201 845 ture
230 803 459 858 componat
488 803 531 845 et
560 801 777 857 gubernet.
825 801 1005 845 Multum
1038 801 1151 845 enim
1182 802 1296 846 valet
1318 802 1560 860 deprecatio
1581 802 1683 846 iusti

106 874 323 932 assidua¹;
369 882 413 923 et
450 878 556 923 bene
593 879 749 935 nostiS,
792 893 919 936 quam
957 882 1124 935 gratum
1168 884 1470 938 acceptumque
1507 879 1573 924 illi
1612 880 1681 936 sit,

106 955 273 1012 quando
303 969 382 1014 pro
413 970 488 1001 suo
521 956 603 1001 sibi
633 970 821 1014 corpore,
855 958 967 1014 quod
999 961 1063 1001 est
1094 958 1284 1015 ecclesia,
1322 973 1447 1003 suum
1478 958 1559 1003 sibi
1590 971 1682 1002 cor-

103 1047 185 1092 pus
214 1047 292 1092 per
320 1033 604 1079 inestimabile
633 1035 871 1079 misterium
903 1035 1088 1080 offertur.

223 1111 402 1156 Omnem
421 1113 747 1168 fraternitatem,
772 1113 849 1157 sub
866 1113 984 1157 vobis
1007 1117 1049 1158 et
1063 1114 1282 1158 vobiscum
1298 1114 1388 1158 Deo
1412 1114 1679 1170 servientem,

103 1189 293 1234 omnium
308 1193 538 1234 *nostrum'
570 1190 786 1234 humilitas
818 1192 940 1236 unice
970 1192 1016 1236 in
1048 1191 1215 1236 Christo
1248 1191 1417 1236 salutat.

103 1332 190 1380 45.v
221 1333 461 1392 Siyffridus
477 1335 510 1378 I
531 1335 872 1393 archiepiscopus
894 1337 1171 1393 Moyzmtimcs
1197 1334 1403 1393 Greqorio
1423 1335 1517 1379 VII
1533 1350 1682 1393 papae

220 1413 389 1467 ambit,
431 1415 648 1471 episcopos
689 1415 895 1471 quosdam
934 1415 1181 1468 concilium,
1225 1415 1340 1471 quod
1379 1416 1454 1471 aqi
1493 1415 1677 1467 iusserit,

137 1518 139 1521 .
214 1499 397 1548 propter
426 1491 648 1535 tumultum
688 1492 787 1535 belli
821 1492 1100 1549 dq'fferendum
1139 1508 1224 1536 esse
1263 1507 1437 1536 censere.
1494 1491 1552 1536 Se
1581 1506 1678 1534 vero

110 1600 114 1603 ,
158 1631 162 1635 ἱ
221 1583 384 1612 onmem
411 1584 501 1613 rem
530 1570 707 1613 arbitrio
741 1572 828 1613 eius
856 1566 1159 1628 proponerem.
1496 1568 1548 1622 (E
1574 1569 1677 1621 133)

221 1655 425 1716 Specialis
454 1659 716 1703 reverentiae
746 1660 860 1717 patri
891 1658 1117 1715 Gregorio⁶
1150 1659 1312 1717 primae
1349 1659 1461 1703 sedis
1493 1658 1676 1702 antistiti

101 1733 374 1792 S(ig·ifridus),
406 1735 678 1792 Moguntinus
709 1737 753 1781 id
786 1737 897 1794 quod
919 1742 983 1782 est
1002 1737 1084 1782 Dei
1112 1738 1264 1794 gratia,
1298 1737 1409 1794 quod
1430 1737 1543 1795 patri
1563 1736 1675 1780 filius

99 1813 212 1870 quod
239 1814 431 1871 praelato
463 1815 687 1859 subiectus.

216 1891 420 1937 Adhibito
459 1892 646 1937 desidiae
676 1896 896 1951 pastorum
935 1897 977 1938 et
1006 1893 1288 1950 negligentiae
1321 1896 1492 1937 sanctae
1525 1893 1677 1937 exhor-

97 1969 270 2015 tationis
302 1974 344 2015 et
374 1971 688 2015 ammonitionis
719 1972 1006 2028 incitamento,
1038 1971 1260 2027 vigilantia
1286 1971 1515 2029 pastoralis
1548 1970 1676 2015 officii

96 2047 250 2104 vestri,
290 2049 351 2092 mi
389 2049 619 2093 reverende
649 2052 792 2107 pater,
831 2063 910 2093 nos
943 2050 1063 2106 quasi
1096 2050 1147 2094 de
1180 2063 1327 2093 somno
1360 2049 1584 2103 excitavit3
1619 2051 1674 2104 et,

96 2127 145 2169 ut
166 2139 271 2183 opus
293 2126 515 2183 euangelii,
549 2127 603 2171 ad
625 2128 736 2184 quod
760 2128 871 2171 servi
900 2128 1034 2185 patris
1061 2127 1245 2172 familias
1272 2127 1464 2184 deputati
1490 2140 1635 2170 sumus
1644 2123 1673 2182 ³,

95 2203 383 2249 indesinenter
421 2218 615 2250 curemus
646 2205 846 2263 implere,
887 2219 1013 2262 quam
1054 2206 1241 2250 studiose
1272 2205 1424 2248 incitat
1454 2208 1543 2248 tam
1574 2203 1674 2248 reli-

96 2281 214 2337 giose
242 2282 408 2327 invitat.
457 2283 613 2328 Sancta
644 2297 825 2340 namque
847 2287 889 2327 et
919 2284 992 2341 pia
1023 2283 1260 2327 sollicitudo
1283 2283 1451 2340 providi
1472 2282 1672 2339 pastoris,

95 2358 222 2404 beata
259 2364 301 2404 et
336 2361 658 2406 remunerabilis
691 2362 882 2406 executio
893 2362 906 2385 ¹¹
939 2362 1063 2405 huius
1095 2361 1228 2405 divini
1261 2361 1421 2418 operis!
1477 2359 1561 2404 Sed
1591 2359 1674 2403 heu

95 2437 275 2481 multum
314 2439 517 2483 reclamat
557 2454 698 2483 rerum
740 2440 899 2495 vertigo
942 2443 984 2484 et
1021 2439 1222 2496 iniquitas
1272 2439 1488 2495 temporis.
1612 2438 1674 2482 At

94 2528 216 2572 vere,
256 2516 360 2560 etsi⁰
399 2517 488 2561 dies
527 2518 630 2562 mali
661 2522 779 2574 sunt,
819 2522 963 2562 tamen
1000 2517 1054 2561 ad
1091 2516 1272 2560 monitat
1302 2519 1445 2560 vestra
1475 2515 1670 2571 vigilanti

95 2592 260 2637 cautela
290 2598 457 2652 tempus
495 2596 789 2640 redimendum
821 2593 930 2650 est⁴3
970 2609 1046 2651 ne,
1087 2595 1123 2638 si
1153 2597 1327 2652 propter
1359 2608 1486 2638 aurae
1517 2594 1670 2638 intem-

94 2670 256 2727 periem
293 2672 460 2717 vineam
491 2673 665 2717 Domini
703 2674 915 2718 culturare
953 2673 1151 2728 desistat,
1191 2672 1243 2716 de
1274 2671 1532 2728 negligentia
1572 2685 1670 2716 con-

188 2769 216 2791 a.
247 2771 304 2792 om.
323 2761 354 2793 C.
438 2763 468 2793 b.
501 2773 539 2794 επ
561 2763 588 2793 V
605 2764 787 2801 5511—56,
811 2764 887 2803 Zp.
905 2763 1059 2793 93—95.
1151 2771 1176 2792 c.
1210 2762 1246 2792 G.
1268 2761 1303 2792 Z.
1395 2761 1424 2791 d.
1459 2761 1613 2792 excusatio
1637 2761 1668 2798 V,

95 2814 267 2845 execusatio
290 2814 324 2845 Z.
430 2825 457 2846 e.
491 2816 518 2846 si
540 2816 570 2847 V.
675 2817 698 2847 f.
731 2816 864 2846 {monita
885 2826 969 2846 corr.
990 2815 1025 2845 in
1047 2815 1086 2846 ad
1107 2815 1221 2846 monita
1243 2815 1284 2852 V‚·
1305 2814 1439 2845 §.monita
1462 2815 1496 2845 Z.

190 2873 223 2907 1.
249 2871 370 2908 Iacob.
390 2874 423 2918 5,
445 2874 500 2909 16.
608 2876 641 2910 2.
669 2873 871 2919 Rescripsit
897 2874 1095 2919 Gregorius
1120 2874 1180 2909 die
1204 2874 1227 2909 3
1253 2873 1353 2919 Sept.
1374 2874 1466 2909 1075
1493 2873 1666 2918 (Registr.

93 2929 147 2965 ΙΙΙ
170 2930 204 2976 4,
230 2942 341 2977 supra
357 2932 400 2967 T.
415 2932 451 2968 11
474 2944 510 2979 p.
529 2933 625 2976 207).
721 2934 755 2969 3.
783 2932 837 2969 Cf.
856 2932 983 2968 Matth.
999 2933 1055 2979 24,
1073 2932 1132 2969 45.
1228 2933 1263 2969 4.
1289 2932 1425 2979 Ephes.
1443 2933 1477 2978 5,
1498 2934 1563 2968 16:
1593 2942 1669 2978 „re-

93 2987 274 3026 dimentes
300 2994 456 3037 tempus,
482 2992 654 3038 quoniam
679 2992 758 3028 dies
784 2992 868 3027 mali
894 2992 1015 3028 sunt“.

152 3054 258 3090 Jnn',
280 3057 471 3086 Bibliotheca
486 3058 523 3086 V.
1362 3058 1381 3093 7

1722 346 1816 382 1075

1711 403 1737 426 c.
1749 394 1821 425 Mai.

1728 1672 1820 1708 1075

1699 1721 1754 1751 Iul.
1768 1722 1846 1759 Aug.
