2028 3438
259 367 348 401 1088

233 415 320 445 Mart.
337 416 374 445 13

397 238 484 282 504
805 252 1052 284 EP1s⁷r0LAn
1082 246 1452 285 BAMBERGENSES.
1503 253 1542 287 11

397 356 682 411 religiosorum
721 358 903 402 virorum
941 373 1024 402 non
1060 359 1218 414 absque
1259 359 1443 415 periculo
1481 361 1824 418 contempnenda
1850 361 1947 420 0116,ι

397 433 566 488 dientia,
599 434 809 479 confidens
839 436 1010 492 insuper
1031 435 1082 479 de
1103 436 1390 479 misericordia
1414 437 1710 494 omnipotentis
1730 437 1824 494 Dei,
1855 441 1947 482 tan-

396 513 486 554 tum
519 523 622 554 onus
652 511 698 555 in
728 513 949 568 presertim
980 515 1066 556 tam
1102 512 1335 568 periculoso
1366 516 1556 570 tempore
1586 513 1726 560 subire
1754 524 1848 563 sum
1879 527 1947 559 co-

397 589 526 642 actus,
557 601 752 643 rogamus
783 593 824 632 et
854 589 1119 632 obsecramus
1153 589 1197 631 in
1228 589 1396 633 domino
1427 589 1539 633 Iesu:
1576 593 1624 634 ut
1652 591 1696 638 in
1727 598 1950 648 cassinum

397 663 566 720 cepistis
597 667 639 707 et
670 678 793 720 quam
827 665 994 707 domino
1027 668 1068 707 et
1105 665 1391 721 predecessori
1420 670 1562 710 nostro
1594 667 1718 711 beate.
1740 667 1948 713 memorie

397 738 597 795 Gregorio
620 754 785 798 semper
807 741 1061 796 ostendistiS,
1083 740 1282 785 fidelitate
1305 746 1346 785 et
1367 742 1591 786 devocione
1613 747 1655 787 et
1668 743 1949 791 benivolentia

395 815 570 860 firmiter
599 818 829 873 maneatis,
869 820 1138 873 sanctamque
1169 817 1399 862 Romanam
1440 819 1632 863 eclesiam
1671 823 1853 867 matrem
1871 834 1949 866 ,ve-

396 897 524 936 stram
543 894 736 937 omnibus
758 894 907 950 quibus
929 894 1104 938 valeatis
1127 895 1293 938 auxiliis
1317 899 1358 938 et
1378 896 1564 939 consiliis
1589 897 1808 944 adiuvetiffi
1849 896 1949 944 ,aDe

395 984 462 1013 me
493 984 618 1026 porro
648 971 710 1014 ita
739 972 784 1015 in
816 971 1007 1014 omnibus
1029 971 1223 1015 confidite
1254 975 1295 1015 et
1323 973 1479 1016 credite
1508 973 1616 1016 sicut
1635 973 1686 1017 de
1706 973 1947 1021 beatissimo

395 1049 516 1103 patre
536 1051 679 1091 nostro
700 1061 812 1104 papa
833 1047 1047 1102 Gregorio.
1093 1048 1219 1091 Cuius
1242 1063 1292 1092 ex
1315 1052 1401 1091 toto
1429 1050 1546 1104 sequi
1566 1050 1743 1105 vestigia
1762 1050 1947 1107 capione,

396 1123 536 1166 omnia
567 1137 672 1179 quae
705 1124 864 1180 respuit
904 1138 1077 1181 respu0‚
1119 1139 1224 1181 quae
1260 1126 1505 1182 dampnavit
1534 1128 1739 1184 dampno,
1777 1136 1857 1183 que
1885 1126 1949 1170 di-

394 1199 500 1243 lexit
530 1213 702 1256 prorsus
735 1201 979 1257 amplector,
1011 1215 1115 1257 quae
1146 1215 1245 1245 vero
1276 1206 1369 1247 rata
1401 1208 1442 1248 et
1471 1204 1676 1248 catholica
1703 1204 1948 1250 duxitveon-

395 1275 514 1319 firmo
547 1280 588 1320 et
606 1278 819 1334 approbo,
852 1281 893 1321 et
915 1279 968 1321 ad
989 1282 1246 1335 postremum
1268 1280 1310 1322 in
1339 1284 1565 1337 utramque¹
1587 1285 1752 1338 partem
1770 1279 1949 1337 qualiter

396 1353 486 1410 ipse
518 1355 662 1410 sensit,
694 1355 739 1398 in
770 1355 961 1398 omnibus
994 1356 1160 1399 omnino
1195 1357 1327 1399 sentio
1360 1361 1484 1413 atque
1515 1359 1765 1405 consentior·
1824 1391 1826 1393 -

513 1430 633 1476 Nunc
653 1432 783 1486 igitur
802 1445 950 1488 precor
972 1436 1013 1476 et
1032 1433 1175 1477 hortor
1196 1434 1502 1478 fraternitatem
1523 1439 1727 1480 vestram:
1748 1438 1797 1481 ut
1815 1435 1948 1491 agatis

396 1507 574 1551 viriliter
613 1512 737 1564 atque
775 1507 1036 1553 constanter¹
1076 1513 1117 1553 et
1149 1511 1439 1555 confortemini
1477 1513 1521 1556 in
1558 1512 1751 1569 potencia
1772 1507 1950 1559 *virtutis

396 1582 512 1639 Dei²‚
554 1586 824 1629 ascendentes
856 1600 908 1630 ex
941 1586 1114 1630 adverso
1147 1590 1189 1631 et
1219 1593 1475 1644 opponentes
1507 1603 1672 1632 murum
1712 1589 1948 1646 prowdomo

396 1661 537 1717 Israel,
570 1666 617 1705 ut
647 1664 957 1706 strennuissimi
978 1663 1150 1707 Domini
1180 1664 1400 1708 bellatores
1433 1667 1552 1709 stetis
1581 1666 1626 1709 in
1655 1666 1788 1722 prelio
1808 1666 1853 1714 in
1880 1666 1948 1710 die

396 1736 563 1795 ipsius³.
618 1739 703 1782 Vos
734 1753 854 1796 ergo,
887 1741 958 1795 qui
990 1740 1199 1797 spiritales
1231 1741 1353 1796 estis,
1394 1755 1483 1798 eos,
1522 1743 1593 1798 qui
1629 1743 1824 1787 instructi
1863 1755 1947 1787 non

397 1819 496 1859 sunt
514 1816 652 1860 verbis
684 1820 726 1860 et
757 1817 974 1874 exemplis,
1005 1818 1200 1861 instruite
1232 1821 1273 1862 et
1305 1818 1596 1876 exhortamini,
1629 1820 1876 1864 sicut'scitis
1904 1822 1950 1864 et

396 1893 623 1936 necessitas
655 1894 785 1948 exigit
815 1894 937 1937 huius
968 1895 1189 1951 periculosi
1219 1896 1432 1951 temporis.
1481 1896 1585 1940 Cum
1610 1898 1719 1940 enim
1741 1897 1854 1954 apud
1874 1910 1947 1940 vos

397 1983 511 2013 eram
522 1967 548 2025 ⁴¹,
589 1970 695 2015 tales
725 1984 799 2015 vos
831 1985 974 2015 omnes
1008 1971 1170 2027 inveni,
1209 1975 1256 2014 ut
1287 1986 1386 2016 voce
1417 1973 1550 2030 ipsius
1580 1973 1752 2017 Domini
1781 1987 1948 2031 possem

397 2047 596 2090 clamare:
629 2048 765 2091 Amen
797 2051 890 2092 dico
922 2050 1051 2103 vobis,
1084 2065 1169 2092 non
1200 2052 1342 2092 inveni
1370 2059 1528 2093 tantam
1549 2052 1680 2105 fidem
1708 2053 1755 2094 in
1777 2047 1948 2102 Israel⁵.,·

398 2127 473 2180 qui
491 2134 628 2167 autem
646 2129 970 2182 perseveraverit
989 2128 1035 2169 in
1055 2127 1199 2181 finem,
1232 2127 1299 2169 hic
1319 2127 1459 2170 salvus
1481 2124 1594 2170 em't⁶.
1640 2127 1817 2184 Insuper
1837 2127 1948 2184 apud

398 2201 694 2257 omnipotentis
715 2202 795 2246 Dei
826 2203 1155 2246 misericordiam
1187 2204 1404 2246 continuas
1435 2217 1580 2260 preces
1604 2203 1948 2260 effunditffiqua-

397 2283 516 2322 tenus
556 2282 598 2322 et
629 2279 822 2323 eclesiam
854 2293 972 2323 suam
1009 2283 1196 2323 sanctam
1225 2280 1270 2323 in
1309 2280 1484 2334 gradum
1523 2281 1746 2337 pristinum
1784 2281 1948 2326 miseri·-

397 2356 578 2399 corditer
613 2359 849 2399 restaurare
889 2357 1094 2411 dignetur.
1154 2356 1248 2413 Ipse
1286 2359 1424 2400 autem
1456 2357 1569 2400 Deus
1609 2358 1724 2414 pacis
1761 2360 1949 2401 conterat

399 2436 574 2476 satanan
604 2433 679 2476 sub
709 2433 884 2490 pedibus
906 2433 1055 2477 vestris
1078 2431 1308 2477 velociter⁷.
1357 2433 1503 2477 Gratia
1523 2434 1680 2477 domini
1701 2435 1834 2478 nostri
1855 2434 1948 2477 Iesu

400 2510 554 2553 Christi
577 2511 632 2553 sit
652 2523 745 2554 cum
767 2510 959 2554 omnibus
981 2510 1112 2566 vobiS‚
1135 2510 1394 2554 dilectissimi
1413 2511 1458 2553 in
1479 2510 1658 2554 Christo.
1705 2510 1818 2555 Data
1836 2504 1948 2567 apud

399 2587 666 2630 Terracinam
698 2588 724 2629 3
756 2586 852 2629 Idus
884 2586 1037 2630 Martii.

496 2727 527 2761 1.
555 2726 573 2760 1
594 2725 674 2761 Cor.
695 2726 824 2771 16213.
937 2727 970 2761 2.
995 2725 1128 2771 Ephes.
1146 2727 1179 2771 6,
1198 2726 1254 2761 10.
1372 2726 1406 2761 3.
1431 2724 1562 2761 Ezech.
1582 2726 1637 2771 13,
1655 2726 1688 2762 5.
1798 2725 1833 2760 4.
1858 2725 1947 2761 Ver-

400 2784 548 2820 sabatur
581 2785 676 2819 enim
707 2784 745 2819 in
778 2783 973 2820 Germania
1003 2784 1145 2829 legatus
1179 2783 1398 2829 apostolicus
1429 2784 1532 2819 annis
1559 2784 1650 2819 1084
1680 2786 1717 2819 et
1742 2783 1834 2819 1085
1863 2783 1947 2819 Otto

401 2844 592 2889 episcopus
611 2842 786 2878 Ostiensis
811 2845 909 2888 (post
926 2841 1093 2878 Urbanus
1110 2843 1145 2877 II
1168 2849 1290 2888 papa).
1376 2842 1409 2877 5.
1434 2840 1560 2878 Matth.
1573 2842 1608 2887 8,
1623 2843 1678 2878 10.
1762 2843 1795 2877 6.
1819 2841 1947 2877 Matth.

402 2903 457 2948 10,
482 2902 540 2938 22.
660 2902 691 2938 7.
717 2901 820 2938 Rom.
840 2902 895 2947 16,
921 2902 977 2937 20.
