2028 3438
401 249 487 292 302
668 239 675 256 Κ
880 287 883 291 ⁴
912 260 1132 293 nmmum
1161 250 1329 293 connx.
1379 258 1446 293 169

286 376 378 412 1115
403 367 471 409 Ita
492 381 587 423 erqo
621 382 670 409 em
701 367 778 409 hac
807 381 850 409 ee
879 381 964 410 non
985 367 1147 410 absolvi
1175 368 1394 420 desideret,
1422 382 1507 423 qua
1527 382 1569 410 se
1590 366 1844 411 nullatemus
1840 380 1952 423 pu·-

402 445 547 500 epicit⁸
579 439 841 500 obimatum&
1778 462 1811 486 ,τ’
1850 455 1929 489 maz

521 519 640 571 Quod
670 523 810 563 autem
847 519 970 562 huius
1001 519 1062 562 rei
1093 532 1260 563 causam
1291 519 1490 563 iniuriam
1521 519 1684 565 (10111110
1703 515 1954 576 apostasii&

402 596 563 640 illatam
595 596 855 653 praetendis,
894 609 1017 651 quam
1048 596 1092 639 id
1122 596 1292 639 iniuste
1305 596 1456 650 facias,
1497 595 1534 639 si
1572 593 1859 640 dissimulare.-
1856 605 1954 642 ⁴1⁰ss

402 674 480 728 vis,
513 676 559 717 tu
589 673 680 730 ipse
710 673 840 727 nosti3
874 685 968 715 cum
998 673 1090 729 ipse
1119 673 1239 716 nobis
1263 673 1383 716 testis
1405 673 1473 727 sit,
1504 685 1581 716 nos
1604 671 1830 729 praecipue
1840 666 1954 718 -jllic3

401 750 531 795 fuisse
561 749 710 793 causab
741 749 856 805 pacis
889 752 931 792 et
961 749 1876 793 concordiae.
1904 787 1930 793 ,.

517 826 626 882 Sed,
663 829 711 869 ut
740 839 885 869 verum
915 839 1000 868 non
1031 825 1302 881 diffiteamur,
1340 826 1427 868 hoc
1448 826 1493 868 iu
1522 825 1642 871 nobis
1678 822 1954 881 persequeris,

405 903 516 958 quod
545 916 637 946 cum
677 902 914 946 infidelibus
945 905 987 945 et
1015 903 1194 958 periuris
1226 906 1268 947 et
1305 902 1577 946 traditoribus
1609 901 1768 961 domi-ni
1800 895 1957 947 nostri*

405 983 448 1023 et
477 979 758 1035 proditoribus
789 980 908 1033 regni
937 979 1080 1034 iugum
1112 980 1262 1022 ducere
1282 980 1525 1023 rennuimus
1548 982 1590 1025 et
1609 978 1726 1034 quod.—
1748 976 1955 1031 cunichis,

406 1056 478 1112 qui
516 1069 638 1099 omne
673 1056 739 1098 ius
775 1059 818 1100 et
852 1056 916 1099 fas
953 1053 1319 1112 profanaverunt⁵,
1354 1056 1535 1111 pessimo
1567 1069 1719 1110 genere
1749 1053 1957 1109 sacritogii

405 1136 573 1176 manum
612 1133 658 1175 in
689 1132 889 1175 christum
921 1132 1092 1176 Domini
1129 1147 1213 1175 non
1251 1133 1495 1176 levavimus.
1604 1132 1734 1177 Unde
1771 1131 1956 1188 profecto

405 1208 666 1263 Augustinus
698 1209 820 1252 dicit:
861 1210 915 1262 Si
945 1212 1037 1266 quis
1071 1210 1215 1255 laicus.
1239 1212 1537 1263 iuramentum,
1578 1211 1692 1266 quod
1722 1210 1889 1262 domino
1909 1217 1959 1251 et

405 1288 497 1342 reyi
525 1301 598 1329 suo
629 1288 765 1339 iurat,
805 1287 1002 1329 violando
1041 1287 1245 1343 profanat
1275 1295 1312 1330 et
1349 1289 1611 1343 postmodum
1641 1287 1956 1343 perversejeius

405 1378 578 1419 reqnum
609 1371 647 1406 et
676 1363 817 1405 dolose
846 1366 1086 1406 tractaverit
1115 1373 1154 1406 et
1182 1366 1227 1406 in
1248 1373 1420 1406 mortem
1439 1365 1555 1406 illim
1577 1363 1956 1419 aliquomachina-

405 1448 539 1482 mento
570 1441 811 1493 insidiatur,
846 1442 947 1496 quia
978 1441 1243 1496 sacrileqium
1270 1443 1450 1496 peremit,
1486 1455 1658 1484 manum
1684 1442 1744 1485 in.
1760 1440 1958 1485 christum

406 1517 586 1559 Domini
614 1518 797 1569 mittens,
838 1518 1058 1559 anathema
1087 1519 1162 1567 sit5
1199 1519 1286 1560 nisi
1317 1533 1394 1574 per
1425 1519 1598 1573 diynam
1633 1517 1958 1572 satisfactionem

407 1595 694 1636 emendaverit.
751 1593 872 1637 Sicut
910 1586 1173 1636 constitutum
1213 1602 1272 1636 est
1302 1611 1332 1636 ,a
1370 1603 1515 1637 sancta
1553 1595 1734 1650 synodo,
1777 1594 1958 1637 seculum

405 1672 630 1727 relinquat,
670 1685 790 1712 arma
820 1672 1021 1726 deponat,
1062 1673 1108 1712 in
1139 1672 1435 1713 monasterium
1465 1679 1551 1723 eat,
1593 1679 1631 1713 et
1657 1672 1848 1727 peniteat
1870 1677 1956 1713 om-

406 1749 528 1790 nibus
550 1748 692 1790 diebus
713 1749 822 1790 vitae
842 1762 941 1789 suae
949 1762 963 1797 ,-
993 1756 1271 1789 verumtamen
1301 1749 1628 1790 communionem
1645 1749 1691 1790 in
1719 1749 1830 1790 exitu
1849 1749 1959 1791 vitae

408 1840 500 1867 cum
531 1823 1002 1880 eucharisticaccipiat.
1057 1824 1294 1880 Episcopus
1324 1839 1442 1877 vero,
1478 1825 1708 1880 presbyter,
1740 1825 1955 1876 diaeonus,

407 1903 447 1943 si
482 1902 557 1943 hoc
597 1902 751 1942 crimen
783 1902 1108 1957 perpetraverit,
1156 1897 1439 1957 demadem-⁶.
1501 1900 1666 1955 Itaque,
1705 1900 1816 1955 quod
1850 1900 1958 1946 hanc

408 1991 496 2020 rem
529 1977 697 2031 dignam
730 1976 1158 2020 excommunicatione
1188 1977 1538 2031 abhorruerimus,
1570 1990 1646 2021 nos
1678 1976 1958 2022 excommuni-

408 2054 562 2097 cationi
593 2053 763 2096 addicis.
1795 2094 1797 2096 ,
1819 2097 1821 2100 1

528 2130 610 2174 Sed
649 2130 845 2186 quoniam
875 2130 994 2172 iuxta
1031 2130 1223 2173 instituta
1253 2133 1421 2186 patrum
1452 2144 1527 2173 nos
1557 2130 1715 2173 iniusta
1751 2130 1959 2174 sententia

409 2208 573 2262 gravari
606 2208 822 2261 sentimus,
853 2206 1083 2250 Romanam
1115 2208 1257 2250 sedem
1289 2207 1562 2262 appellamus.

527 2284 644 2335 Quod
677 2287 815 2327 autem
839 2307 891 2312 —
916 2284 1149 2339 postposita
1178 2283 1278 2338 fide,
1319 2298 1441 2338 quam
1473 2284 1518 2326 iu
1548 2283 1668 2326 nobis
1699 2286 1957 2327 sacramento

408 2361 727 2404 confirmaveras
760 2364 978 2416 praesente
998 2360 1246 2403 Vincentiuo
1278 2361 1473 2416 episcopo
1510 2384 1563 2389 —
1593 2361 1758 2403 vineam
1788 2359 1958 2404 Domini

408 2438 527 2481 nobis
567 2438 854 2492 commissam,
897 2451 1020 2492 quam
1051 2450 1128 2493 pro
1159 2450 1282 2492 posse
1313 2450 1404 2480 meo
1437 2437 1666 2491 colueram,
1704 2437 1863 2492 rapinis
1894 2436 1958 2479 in-

409 2515 567 2558 cendiis
597 2514 832 2557 homicidiis
865 2514 1175 2568 exterminasti3
1218 2517 1355 2556 castra
1387 2514 1564 2569 quedam
1595 2510 1804 2566 diruisti⁷;
1844 2515 1887 2556 et
1914 2512 1959 2554 in

505 2636 530 2656 a.
563 2626 711 2664 prospicit
732 2626 788 2656 VZ.
1071 2625 1100 2655 b.
1134 2626 1198 2655 cam
1220 2626 1254 2655 Z.

504 2689 536 2724 1.
565 2687 618 2724 Of.
644 2688 807 2724 Gratiani
833 2689 929 2724 decr.
955 2689 994 2723 P.
1013 2689 1047 2723 II
1073 2689 1111 2723 O.
1129 2689 1181 2723 XI
1206 2698 1266 2733 qu.
1284 2689 1305 2723 3
1332 2698 1410 2724 can.
1427 2688 1485 2723 46.
1658 2688 1691 2722 2.
1722 2686 1888 2723 Paschali
1911 2682 1957 2722 ΙΙ.

409 2748 442 2783 3.
468 2748 605 2782 Romae
632 2758 725 2782 anno
753 2748 861 2794 1111;
893 2747 956 2783 ubi
981 2747 1170 2782 Heinricus
1188 2748 1221 2783 V
1248 2746 1425 2792 „consilio
1450 2745 1649 2781 Bruchardi
1678 2745 1866 2790 episcopi“
1884 2746 1958 2780 Pa·

410 2805 567 2841 schalem
593 2817 725 2850 papam
750 2807 890 2850 cepisse
915 2805 1027 2841 fertur
1051 2806 1087 2841 in
1108 2806 1205 2841 Petri
1230 2805 1351 2840 chron.
1370 2804 1489 2840 Oasin.
1507 2805 1559 2841 IV
1583 2814 1614 2839 c.
1632 2805 1696 2850 383
1722 2805 1817 2840 Mon.
1836 2803 1957 2840 Germ.

409 2863 473 2900 SS.
488 2865 557 2901 VII
583 2865 661 2900 780.
781 2865 816 2899 4.
847 2865 1006 2900 Heinrici
1023 2865 1068 2901 V.
1188 2864 1220 2899 5.
1252 2864 1352 2899 Haec
1377 2863 1423 2898 ad
1453 2863 1628 2908 proelium
1646 2862 1958 2906 Welfesholtense,

409 2923 468 2959 die
494 2924 537 2959 11
554 2922 660 2958 Febr.
680 2923 770 2958 1115
795 2923 1038 2968 commissum,
1065 2923 1220 2958 maxime
1245 2921 1433 2957 referenda
1458 2931 1538 2956 esse
1562 2921 1743 2958 videntur.
1854 2922 1886 2956 6.
1911 2921 1956 2956 V.

410 2981 572 3018 Gratiani
598 2982 693 3017 decr.
710 2982 750 3016 P.
763 2982 797 3016 II
817 2982 856 3017 O.
870 2982 976 3016 XXII
1000 2992 1060 3026 qu.
1075 2982 1097 3017 5
1121 2992 1200 3017 can.
1217 2982 1270 3016 19.
1368 2981 1399 3016 7.
1425 2981 1480 3015 De
1498 2980 1702 3016 vastatione
1727 2980 1958 3026 episcopatus
