2028 3438
238 391 328 427 1075

206 441 266 470 Ian.
279 440 363 470 Febr.

389 247 445 307 92
512 251 515 254 Δ
913 274 1131 307 nmmum
1161 274 1331 308 oonnx.
1377 274 1424 308 43

387 381 628 439 impediere.
721 380 877 426 Verum
897 392 992 425 cum
1011 381 1088 425 has
1117 381 1254 437 gratia
1273 380 1354 425 Dei
1380 395 1456 438 per
1475 381 1944 437 vigilantiamnosmm

388 459 588 515 sopisset,
629 472 721 503 ecce
758 473 826 502 me
865 459 1022 502 domini
1062 462 1103 502 et
1141 458 1481 502 excellentissimi
1518 459 1630 514 regis
1662 458 1944 517 dignatin·3in÷·

387 536 519 579 vitum
551 539 594 579 et
623 536 897 580 reluctantem
929 535 980 579 ad
1013 550 1108 579 suas
1140 539 1182 579 et
1201 535 1368 592 imperii
1393 542 1539 579 curas·
1560 535 1773 580 adtraxit:
1804 535 1942 589 Quam

387 616 529 656 tamen
550 612 836 657 difficultatem
859 627 934 668 ego
954 613 1192 656 nullatenus
1212 613 1602 669 praesumpsissem,
1633 613 1716 656 nisi
1734 612 1943 669 quendam

387 683 673 745 gratissimum
705 694 791 733 tam
813 690 1011 734 laboriosi
1032 690 1169 733 oneris
1189 690 1370 732 fructum
1395 693 1510 733 certa
1539 703 1614 747 spe
1644 690 1940 747 suscepissem;

388 767 566 810 scil-icet:
605 770 653 810 ut
691 767 889 811 ecclesiae
926 781 1064 822 meae,
1111 770 1256 823 utpote
1295 765 1433 820 rudiS,
1471 766 1692 811 innumera
1722 767 1943 824 dispendia

387 844 652 898 resarcirem3
693 847 735 888 et
771 843 989 888 fluctuanti
1027 857 1154 898 regno
1186 843 1346 899 aliqua,
1379 843 1415 887 si
1445 857 1635 900 possem,
1668 856 1749 900 ope
1777 843 1940 888 consilii

387 921 663 964 subvenirem.
785 921 975 964 Accessit
1005 921 1132 964 etiam
1167 920 1339 963 minime
1370 920 1642 975 negligendab
1680 921 1862 965 occasio:
1892 925 1942 966 ut

387 998 574 1041 animum
612 998 754 1041 domni
785 998 916 1053 regis,
955 1011 1178 1054 pravorum
1211 997 1395 1040 consiliis
1426 997 1732 1042 inconsiderate
1768 1012 1794 1043 a
1820 998 1938 1057 vobis

387 1075 636 1130 alienatum,
675 1075 719 1118 in
751 1078 913 1119 vestrae
943 1074 1210 1132 paternitatis
1251 1075 1467 1118 caritatem
1505 1078 1547 1118 et
1577 1075 1844 1120 concordiam
1871 1089 1938 1120 re-

385 1152 559 1196 formari
594 1152 853 1207 iaborarem3
896 1152 1005 1208 quod
1041 1155 1128 1195 tam
1166 1165 1295 1207 regno
1336 1165 1460 1207 quam
1498 1151 1695 1196 ecclesiae
1724 1153 1820 1196 usui
1848 1153 1939 1198 fore

385 1230 644 1287 sapientibus
674 1232 802 1286 patet.

503 1305 550 1349 In
581 1306 718 1349 medio
749 1319 847 1349 vero
879 1305 1027 1349 talium
1053 1305 1322 1360 negociorum
1351 1308 1442 1349 estu
1471 1305 1637 1349 litterae
1657 1304 1855 1351 vestrae¹*
1869 1318 1937 1352 me

387 1396 628 1439 convenere,
661 1383 702 1426 id
724 1385 954 1438 monentes,
985 1386 1032 1426 ut
1053 1379 1235 1439 synodo²
1265 1396 1332 1426 me
1353 1396 1430 1439 pro
1450 1383 1654 1440 inscripta
1673 1396 1798 1428 causa
1815 1397 1937 1441 prae-

384 1463 607 1505 sentarem.

501 1537 707 1592 Intelligo,
739 1539 859 1594 pater
889 1539 1051 1580 sancte:
1083 1536 1281 1593 profanas
1311 1536 1544 1580 invidorum
1578 1536 1850 1582 emulationes
1879 1561 1933 1580 --.-

384 1615 483 1657 dum
522 1618 757 1658 commenta
796 1628 938 1658 eorum
978 1614 1091 1656 domi
1122 1617 1398 1668 evanuerunt,
1438 1614 1509 1657 ubi
1538 1615 1693 1658 veritas
1724 1615 1937 1671 exagitata

383 1691 642 1748 resplenduit
673 1714 726 1720 -—
759 1691 862 1734 foris
893 1691 1158 1747 maximeque
1191 1690 1323 1746 apud⁰
1356 1704 1476 1734 aures
1497 1694 1671 1747 vestras,
1703 1705 1809 1748 quae
1828 1705 1936 1750 vpos·

384 1771 482 1812 sunt
513 1771 555 1811 et
576 1768 674 1812 dum
695 1771 884 1825 possunt,
908 1768 1061 1812 conari.
1110 1766 1292 1818 Quorum
1313 1767 1678 1824 impudentissima
1699 1769 1938 1827 calumpnia

381 1846 426 1889 in
454 1845 560 1889 facie
590 1846 778 1902 ipsorum
808 1858 884 1902 per
914 1845 1092 1900 gratiam
1124 1844 1203 1887 Dei
1234 1843 1527 1888 confutabitur.

499 1922 798 1966 Verumtamen
827 1922 1051 1978 prudentia
1078 1925 1218 1964 vestra
1247 1921 1432 1978 provide,
1465 1922 1715 1979 praescripti
1733 1924 1935 1980 temporis

382 1999 596 2054 angustias
634 1999 706 2042 vix
743 1998 1040 2054 tumultuariae
1079 1999 1326 2055 profectioni
1356 1998 1544 2043 sufficere
1574 2012 1719 2056 posse,
1756 2013 1935 2058 perpen-

382 2077 474 2130 dat3
506 2076 659 2119 nedum
693 2076 745 2119 ad
776 2079 917 2119 tantae
949 2089 1098 2119 causae
1130 2076 1489 2132 disceptationem,
1522 2089 1601 2133 que
1630 2079 1719 2120 tam
1737 2077 1934 2121 festinato
1983 2134 1987 2137 ἢ

382 2156 588 2210 apparatu
619 2152 857 2196 nullatenus
888 2152 1000 2196 valet
1031 2153 1232 2210 expediri.
1280 2153 1343 2196 Ne
1374 2156 1515 2196 tamen
1544 2153 1611 2197 vel
1630 2152 1934 2199 inobedientiae

382 2230 659 2287 suspicionem
697 2230 763 2273 vel
802 2230 1084 2273 conscienciae
1123 2230 1363 2286 scrupulum
1397 2230 1529 2286 apud⁰
1560 2244 1633 2274 vos
1662 2231 1932 2288 incurrerem,

380 2307 425 2350 in
456 2307 766 2350 excusationem
797 2320 880 2350 non
918 2306 1176 2350 difficultatis
1215 2307 1287 2350 sed
1324 2306 1684 2363 impossibilitatis.
1722 2308 1932 2364 predictae

381 2384 602 2427 diaconum
632 2388 822 2428 nostrum
855 2384 907 2427 ad
938 2384 1114 2439 vestigia
1143 2387 1283 2427 vestra
1312 2384 1540 2426 transmisi.

498 2461 554 2504 Et
585 2462 683 2516 quia
720 2464 937 2518 susceptae
975 2461 1094 2515 regni
1131 2461 1315 2503 rationes
1346 2460 1613 2514 Burgundiae
1644 2463 1686 2504 et
1722 2460 1931 2506 ulterioris

381 2536 540 2580 Galliae
570 2536 673 2580 fines
705 2552 772 2581 me
804 2538 918 2581 adire
949 2537 1250 2594 compulerunt,
1283 2550 1365 2592 qua
1395 2537 1520 2580 etiam
1547 2538 1761 2582 occasione
1791 2540 1932 2582 votiva

379 2613 492 2657 beati
521 2610 681 2656 Iacobi³
713 2614 950 2657 visitatione
980 2628 1047 2657 me
1078 2614 1241 2657 decrevi
1272 2613 1499 2668 absolvere,
1535 2622 1629 2657 cum
1659 2614 1771 2658 illius
1801 2615 1930 2659 inter-

379 2690 511 2734 cessio
543 2693 584 2733 et
614 2693 754 2733 vestra
784 2691 916 2734 oratio
948 2691 1039 2734 me‘¹
1065 2723 1336 2733 ..........

472 2787 498 2808 a.
531 2786 637 2808 causas
655 2778 685 2807 V.
778 2778 807 2808 b.
839 2779 1020 2817 negligentia
1037 2779 1067 2809 V.
1157 2787 1182 2808 c.
1217 2778 1290 2817 aput
1307 2777 1337 2808 V.
1427 2777 1456 2807 d.
1490 2777 1651 2818 complura
1674 2778 1767 2819 liquet
1788 2779 1843 2810 hoc
1865 2780 1929 2811 loeo

380 2830 532 2862 excidisse
559 2830 594 2861 in
615 2830 770 2861 codicibus
794 2830 900 2869 (VZ);
927 2831 981 2862 ubi
1004 2835 1075 2871 post
1097 2831 1192 2862 oratio
1214 2840 1261 2862 me
1283 2829 1388 2861 statim
1411 2830 1554 2870 loquutur
1574 2831 1759 2863 invocaverit
1783 2833 1850 2872 ipse
1872 2835 1928 2864 cet.

380 2883 481 2924 Atque
501 2883 548 2913 ita
567 2887 684 2922 puncta
705 2883 927 2923 interponenda
949 2884 1035 2914 duxi.

475 2947 507 2982 1.
534 2945 621 2982 data
645 2946 728 2981 circ.
747 2945 782 2982 d.
795 2947 819 2982 4
835 2947 923 2982 Dec.
939 2947 1048 2993 10743
1074 2945 1120 2982 cf.
1134 2946 1290 2991 Registr.
1305 2946 1339 2981 II
1356 2946 1401 2981 29
1426 2955 1534 2990 supra
1550 2946 1593 2981 T.
1607 2946 1643 2982 II
1661 2947 1740 2982 141.
1807 2948 1840 2984 2.
1865 2947 1927 2984 ha-

383 3004 523 3040 bendae
549 3005 666 3052 spatio
691 3005 828 3040 dierum
855 3006 941 3040 22—
961 3006 1006 3040 28
1031 3004 1136 3041 Febr.
1155 3006 1257 3040 1075.
1354 3005 1386 3040 3.
1414 3004 1704 3050 compostellani.
