2028 3438
405 277 491 320 770
750 291 986 322 Hannonm
1016 291 1256 322 mALOGth.
1306 293 1449 323 L113.11
1479 291 1535 325 25.
1554 291 1600 325 26

285 404 377 439 1124
520 394 752 439 Mansimus
790 409 887 451 ergo
926 410 1002 453 per
1039 397 1128 441 dies
1167 397 1403 453 quindecim
1435 401 1551 442 trans
1582 399 1833 454 stagnans-,2
1849 398 1960 456 q'uod

402 472 594 526 cingebat
625 472 859 526 civitatem3
901 477 1192 530 expectantes,
1232 474 1267 517 si
1297 474 1406 518 forte
1435 474 1599 518 meliori
1630 476 1770 520 animo
1798 474 1957 520 fierent.

401 548 565 593 Interea
596 563 695 593 vero
727 553 769 593 et
798 550 933 593 nostri
966 550 1019 593 ad
1049 550 1143 594 illos
1175 564 1273 608 sepe
1304 551 1422 595 ibant
1453 555 1495 595 et
1523 552 1734 608 redibant3
1767 552 1961 597 similiter

402 629 539 670 autem
574 630 616 670 et
646 640 790 670 eorum
823 627 1024 683 primates
1056 628 1280 672 veniebant
1310 629 1362 672 ad
1394 642 1470 673 nos
1502 643 1702 674 excusare
1729 643 1794 686 ser,-
1817 628 1959 673 stultis

400 702 637 747 hominibus
677 708 718 747 et
747 703 965 747 vilioribus
1006 704 1057 748 de
1096 704 1217 761 plebe
1249 705 1416 763 culpam
1447 706 1559 750 illius
1590 707 1795 750 tumultus
1825 707 1960 764 impo-

400 783 559 824 nentes.
689 767 847 824 Habuit
885 794 983 836 ergo
1022 795 1116 824 cum
1155 783 1215 826 eis
1247 783 1419 827 verbum
1451 783 1503 827 de
1533 783 1614 827 fide
1644 784 1958 839 christianismi,

402 857 522 913 quasi
561 871 638 914 per
676 858 872 913 ambages
911 858 1082 902 hortans
1121 873 1191 903 eos
1232 863 1274 904 et
1312 861 1505 904 suadens.
1561 861 1803 906 Preferebat
1832 861 1958 905 etiam

402 947 553 978 nomen
586 938 628 978 et
657 935 887 991 potentiam
921 935 1038 979 ducis
1069 935 1275 991 Polonici3
1314 941 1355 980 et
1385 937 1590 994 quomodo
1622 938 1676 982 ad
1706 937 1820 982 illius
1849 937 1960 981 iniu-

401 1011 508 1053 riam
549 1015 708 1068 spectet
746 1012 864 1055 illata
903 1012 1023 1056 nobis
1062 1014 1335 1070 contumelia,
1377 1015 1527 1070 quidve
1565 1015 1666 1059 mali
1704 1018 1959 1059 contraeas

401 1088 498 1131 inde
536 1089 636 1132 oriri
677 1092 821 1145 queat,
862 1089 945 1132 nisi
985 1090 1093 1134 sorte
1123 1090 1289 1134 illorum
1322 1091 1553 1136 intercedat
1583 1092 1820 1148 conversio,
1856 1091 1960 1136 insi·

401 1165 559 1208 nuavit.
608 1165 667 1209 At
705 1166 767 1208 illi
804 1167 1023 1210 consilium
1063 1181 1107 1211 se
1147 1172 1389 1225 accepturos
1426 1169 1631 1213 dicebant.
1685 1168 1960 1226 Regressique

403 1242 455 1284 ad
487 1256 605 1298 suos,
644 1244 785 1286 omnia
815 1244 890 1287 hec
921 1245 1161 1288 tractabant
1192 1245 1414 1300 diligenter
1445 1260 1493 1290 ac
1523 1245 1838 1301 retractabant,
1865 1249 1959 1290 tan·

402 1319 578 1375 demque
609 1320 653 1362 in
676 1321 797 1364 unius
820 1322 1026 1365 sententie
1047 1322 1225 1365 formam
1251 1327 1557 1379 concesserunt,
1589 1324 1802 1368 videlicet:
1834 1337 1960 1381 super

402 1396 479 1440 hoc
501 1397 625 1440 verbo
658 1411 702 1441 se
729 1398 927 1453 facturos»,
960 1399 1157 1455 quicquid
1183 1400 1370 1444 facerent
1391 1399 1661 1445 stetinenses.
1708 1401 1828 1445 Hane
1848 1401 1959 1445 enim

403 1474 612 1518 civitatem
656 1476 991 1530 antiquissimam
1031 1479 1073 1519 et
1103 1476 1405 1520 nobilissimam
1440 1477 1634 1522 dicebant
1661 1478 1707 1521 in
1737 1481 1851 1522 terra
1879 1477 1960 1522 Po-

403 1564 669 1594 meranorum
707 1555 966 1608 matremque
1006 1554 1244 1607 civitatum,
1288 1557 1329 1597 et
1367 1555 1468 1598 satis
1507 1555 1710 1599 iniustum
1739 1555 1850 1611 fore,
1881 1554 1959 1599 <se-'³

404 1628 587 1683 aliquam
619 1642 726 1673 nove
747 1629 961 1684 religionis
983 1630 1292 1674 observantiam
1316 1632 1549 1688 admittere,
1583 1646 1662 1688 que
1682 1630 1796 1676 illius
1818 1635 1959 1676 aucto-

403 1705 528 1749 ritate
558 1706 675 1762 prius
706 1706 903 1750 roborata
932 1721 1015 1750 non
1045 1707 1206 1751 fuisset.

524 1783 592 1825 26.
642 1782 798 1834 Quibus
847 1784 1020 1839 auditis,
1069 1785 1287 1841 episcopus
1328 1785 1531 1829 Stetinam
1577 1786 1705 1830 nichil
1741 1789 1959 1831 cunctatus

405 1858 519 1902 adire
555 1859 727 1903 festinat
763 1863 804 1903 et
844 1861 1049 1916 quendam
1090 1861 1141 1904 de
1179 1862 1450 1906 Iulinensium
1489 1863 1648 1907 civibus
1678 1863 1959 1907 Nedamerum

403 1937 594 1992 nomine,
633 1940 679 1979 ut
710 1937 821 1980 viam
853 1938 972 1981 nobis
1009 1941 1282 1994 monstraret,
1323 1941 1562 1997 assumpsit.
1684 1940 1764 1985 Hic
1804 1944 1958 1996 autem,

404 2012 691 2057 familiaritate
722 2018 867 2058 nostra
897 2015 1002 2059 bene
1032 2019 1167 2070 utenS,
1200 2029 1292 2060 cum
1325 2016 1410 2060 filio
1442 2032 1516 2060 suo
1539 2018 1658 2073 quasi
1679 2017 1786 2061 alter
1804 2017 1958 2065 Nicho-

405 2088 573 2134 demus¹
604 2091 761 2135 occulte
799 2106 875 2135 nos
910 2093 1204 2148 frequentabat
1241 2096 1301 2148 et,
1352 2107 1431 2149 que
1471 2094 1733 2150 dicebantur,
1781 2094 1959 2139 libenter

406 2168 612 2211 audiebat.
660 2168 746 2211 Alii
778 2183 939 2225 quoque
971 2169 1160 2213 nonnulli
1191 2170 1241 2213 de
1264 2170 1357 2226 ipsa
1378 2171 1546 2215 civitate
1567 2171 1727 2215 occulte
1747 2170 1959 2216 Christum

405 2245 608 2300 colebant,
641 2248 727 2288 tam
749 2246 829 2289 viri
861 2260 985 2302 quam
1017 2247 1224 2291 muliereS.
1273 2247 1347 2290 Isti
1371 2247 1498 2291 etiam
1517 2248 1838 2304 frequentabant
1867 2262 1957 2304 nos,

406 2321 503 2364 dum
536 2322 595 2365 ibi
626 2336 765 2365 moras
795 2323 1046 2377 faceremus;
1078 2324 1211 2379 deque
1243 2324 1329 2367 suis
1361 2324 1484 2367 rebus
1515 2324 1635 2368 nobis
1656 2325 1958 2369 humanitatem

406 2398 577 2442 honeste
599 2398 902 2455 impendentes,
935 2400 1143 2456 spirituali
1165 2400 1469 2445 consolatione⁰
1492 2401 1543 2444 ab
1565 2401 1759 2458 episcopo
1781 2402 1958 2445 recreati

407 2479 523 2529 sunt,
556 2478 762 2531 optantes,
794 2479 853 2531 ut,
888 2476 1050 2520 Stetina
1075 2477 1302 2534 recipiente
1323 2477 1493 2521 verbum
1517 2477 1609 2532 Dei,
1641 2477 1776 2521 Iulina
1796 2491 1958 2534 quoque

405 2552 590 2608 recipere
622 2566 673 2595 ex
704 2553 867 2596 ratione
891 2554 1003 2610 pacti
1025 2554 1315 2607 conveniatur3
1349 2568 1428 2610 quo
1450 2554 1568 2610 ipsis,
1600 2554 1699 2610 quid
1720 2554 1771 2598 de
1791 2553 1957 2597 Christo

406 2629 600 2683 sentiant,
634 2629 847 2685 publicare
876 2629 1037 2673 licitum
1066 2630 1151 2674 fiat.
1273 2631 1404 2686 Igitur
1425 2631 1658 2674 Nedamero
1679 2632 1782 2675 duce
1805 2644 1853 2675 ac
1872 2631 1957 2675 filio

406 2704 494 2747 eius
518 2703 722 2748 Stetinam
751 2706 1065 2761 navigavimus3
1099 2707 1171 2750 sed
1194 2707 1269 2762 illi,
1303 2707 1560 2751 Stetinenses
1592 2707 1800 2752 offendere
1820 2708 1956 2763 veriti,

407 2780 443 2822 si
479 2794 555 2823 nos
595 2781 817 2826 adduxisse
847 2783 1105 2838 viderentur,
1144 2783 1388 2839 priusquam
1426 2783 1477 2827 ab
1509 2784 1568 2827 eis
1602 2783 1734 2827 videri
1771 2788 1956 2841 possent,

407 2857 525 2899 nobis
555 2857 868 2913 valefacientes,
906 2859 950 2901 in
990 2859 1125 2902 locum
1158 2873 1279 2902 suum
1319 2860 1475 2903 reversi
1507 2863 1616 2902 sunt.
1741 2860 1827 2904 Nos
1858 2874 1955 2904 vero

504 2966 530 2986 a.
561 2958 765 2995 traustagnum
788 2959 829 2988 N.
953 2959 981 2988 b.
1014 2959 1040 2988 si
1062 2959 1102 2995 N,
1126 2968 1158 2988 se
1180 2958 1248 2988 BR.
1378 2968 1403 2988 c.
1435 2969 1492 2989 om.
1507 2959 1543 2989 N
1544 2972 1555 2995 ;
1576 2959 1679 2999 recepi
1699 2969 1737 2990 ex
1758 2959 1828 2990 BR.

503 3020 534 3054 1.
561 3018 635 3055 Ioh.
654 3020 687 3065 3,
706 3020 723 3055 1
743 3030 822 3065 squ.
