2028 3438
469 240 634 273 nnoms
652 240 772 271 wrm
802 239 1014 272 ora-oms.
1059 240 1147 271 Lm.
1170 239 1206 270 11
1238 237 1254 271 1
1558 227 1642 270 617

74 357 298 409 mentua
331 350 436 403 ista,
476 349 608 392 tollite
645 359 710 391 mc
747 356 785 391 et
818 349 967 391 muita
995 349 1042 390 in
1073 362 1201 390 mare.
1324 345 1514 389 Audiens
1546 359 1644 389 vero

0 416 7 502 ἰ
74 425 377 482 Pomeraniam·
400 425 542 470 adhuc·
566 425 816 481 gentilitatis
847 425 981 469 errori
1012 424 1213 480 deditam,
1251 423 1341 469 zelo
1373 423 1545 480 pietatis
1578 437 1645 467 ar-

75 505 230 560 matus,
256 503 365 548 ffluc
379 502 700 559 euangelizandi
731 502 874 558 gracia
895 502 1087 557 divertit;
1118 502 1313 559 cupiens:
1348 505 1421 545 aut
1449 501 1544 545 illos
1578 515 1644 545 ec·-

0 573 4 631 {
75 580 207 626 clusio
231 580 435 626 catholice
464 594 543 638 per
571 579 697 640 fidem
727 581 998 637 incorporare
1034 582 1108 623 aut
1145 593 1222 637 per
1251 579 1435 624 martirii
1465 578 1644 634 gloriam

0 656 4 697 ἶ
74 658 234 704 ibidem
243 664 259 701 Χ
270 671 348 716 pro
364 657 549 703 Christo
578 658 836 702 occumbere.
889 657 995 701 Erat
1034 657 1146 702 enim
1178 657 1263 701 vite
1302 657 1509 714 presentis
1546 670 1644 700 con-

1 778 4 782 .
75 726 260 795 temptor
280 736 428 793 suique
458 736 646 794 corporis
680 736 908 780 acerrimus
939 735 1180 791 castigator,
1212 735 1274 779 ita
1304 738 1363 790 ut,
1397 735 1515 778 arido
1547 748 1644 792 par-

0 872 2 877 ·
75 813 330 872 coques-cibo
358 817 595 869 contentus,
633 814 747 858 nullo
779 827 965 870 unquam
996 816 1100 870 potu
1130 813 1213 856 uisi
1244 813 1335 857 sola
1367 827 1476 870 aqua
1506 817 1644 857 utere·

0 904 5 936 i
74 895 187 943 tun»,
254 896 262 912 ³
279 891 462 936 Veniens
493 892 635 948 itaque
667 892 719 936 ad
751 892 898 935 ducem
921 891 1094 935 Polonie
1107 888 1130 947 ¹,
1163 890 1390 935 honorifice
1421 894 1468 934 ut
1498 905 1644 935 servus

75 969 155 1014 Dei
185 969 408 1028 excipitur.
452 969 642 1026 Cumque
672 969 837 1014 itineris
867 969 933 1013 sui
954 982 1123 1013 causam
1146 969 1424 1026 exposuisset,
1457 969 1544 1012 dux
1574 969 1645 1013 be-

74 1047 211 1104 nigne*
234 1047 476 1105 respondit:
516 1061 562 1092 se
593 1047 762 1104 quidem
803 1047 944 1091 ardori
983 1051 1069 1091 tam
1112 1050 1255 1091 sancte
1287 1046 1515 1092 voluntatis
1555 1048 1644 1091 eius

73 1125 387 1182 congratulari3·
410 1125 485 1170 'sed
514 1129 677 1170 tantam
710 1126 847 1182 gentis
873 1125 986 1169 illius
1010 1139 1102 1170 esse
1122 1126 1399 1181 ferocitatem,
1431 1128 1478 1168 ut
1509 1126 1644 1181 magis

74 1216 218 1248 necem
252 1203 477 1248 eiinferre
509 1217 635 1260 quam
667 1204 810 1259 iugum
842 1202 942 1247 fidei
973 1203 1114 1248 subire
1145 1207 1294 1262 parata
1325 1204 1392 1247 sit.
1446 1203 1525 1247 Cui
1555 1204 1645 1260 epi-

75 1294 227 1339 scopus
247 1285 489 1326 constanter
511 1281 663 1336 aiebat,
696 1281 749 1325 ad
780 1281 860 1325 hoc
890 1295 935 1325 se
956 1295 1186 1338 egressum,
1218 1286 1266 1326 ut
1296 1282 1445 1325 mortis
1478 1285 1645 1326 senten·

74 1359 187 1416 tiam
209 1372 287 1417 pro
308 1358 468 1404 Christi
498 1373 654 1415 amore,
687 1360 723 1402 si
754 1373 925 1404 necesse
955 1360 1095 1415 fuerit,
1127 1360 1415 1404 indubitanter
1446 1361 1642 1417 excipiat.

73 1436 165 1490 Quo
195 1450 399 1495 responso
429 1438 516 1482 dux
547 1437 773 1481 admodum
806 1437 1085 1493 exhilaratus,
1124 1438 1398 1496 interpretem
1432 1439 1470 1482 ei
1508 1444 1549 1482 et
1579 1439 1646 1483 vie

74 1515 238 1571 ducem,
270 1515 521 1573 utpetebat,
553 1515 724 1570 tribuit3
755 1516 1011 1572 inprecatus,
1037 1517 1075 1559 ei
1097 1530 1302 1574 prospera
1323 1516 1526 1560 divinitus
1548 1517 1646 1560 sub-

73 1580 321 1639 ministrari.
445 1593 519 1638 Ille
551 1596 713 1648 autem,
750 1593 1002 1638 humilitatis
1034 1607 1082 1637 ac
1113 1594 1377 1652 paupertatis
1410 1608 1484 1638 sue
1516 1595 1644 1639 etiam

73 1671 120 1715 in
149 1671 395 1730 episcopatu
425 1673 566 1715 custos
589 1695 644 1701 —
668 1671 828 1716 sciebat
859 1672 971 1716 enim
994 1686 1170 1728 regnum
1193 1672 1350 1716 diaboli
1381 1686 1464 1716 non
1496 1676 1644 1730 poten-

74 1749 136 1800 tia
165 1749 242 1794 sed
269 1748 509 1793 humilitate
530 1748 687 1792 Christi
709 1749 982 1805 destructum,
1016 1754 1058 1794 et
1086 1751 1184 1806 quia
1212 1749 1394 1795 affatim⁸
1418 1751 1534 1795 dives
1567 1754 1644 1807 est,

76 1827 150 1885 qui
177 1840 272 1872 cum
294 1826 462 1871 Christo
493 1841 656 1885 pauper
677 1831 741 1871 est
762 1852 818 1858 -
841 1828 1037 1885 despecto
1060 1828 1207 1872 habitu
1239 1832 1282 1872 et
1310 1829 1436 1872 nudis
1466 1829 1645 1886 pedibus

74 1905 221 1949 urbem
242 1903 375 1949 Iulin²
404 1905 641 1961 ingreditur
671 1906 813 1962 ibique
844 1909 1086 1950 constanter
1113 1906 1211 1950 fidei
1242 1906 1452 1951 katholice
1483 1908 1646 1952 semina

75 1997 275 2043 spargere
296 1983 419 2041 cepit.
466 1982 591 2027 Cives
616 1987 755 2027 autem
778 2008 834 2014 —
859 1997 910 2027 ex
932 1984 1025 2041 ipso
1057 1998 1152 2028 eum
1182 1985 1330 2028 habitu
1351 1985 1644 2042 despicientes,

74 2065 221 2120 utpote
249 2061 324 2118 qui
355 2074 439 2105 non
470 2062 553 2105 nisi
584 2061 810 2105 secundum
852 2062 1003 2106 faciem
1042 2063 1230 2106 iudicare
1261 2063 1451 2107 sciebant
1471 2088 1527 2093 —
1551 2064 1644 2120 quis

75 2142 188 2184 esset
217 2139 284 2183 vel
315 2152 340 2182 a
369 2153 451 2196 quo
483 2139 651 2194 missuS,
683 2140 915 2196 inquirunt.
966 2140 1026 2184 At
1054 2140 1126 2184 ille
1158 2154 1325 2184 servum
1358 2155 1403 2185 se
1435 2142 1524 2185 veri
1548 2141 1642 2197 Dei,

25 2237 29 2239 ·
74 2217 246 2264 factoris
278 2217 357 2262 celi
389 2221 432 2262 et
461 2221 587 2274 terre,
620 2217 841 2275 profitetur
873 2222 916 2262 et
946 2218 998 2262 ab
1021 2231 1068 2262 eo
1091 2232 1136 2262 se
1166 2219 1355 2275 missum,
1388 2222 1435 2262 ut
1464 2219 1559 2263 illos
1592 2220 1644 2264 ab

75 2308 218 2339 errore
248 2294 455 2353 ydolatrie
487 2295 540 2339 ad
571 2296 683 2339 viam
705 2295 895 2339 veritatis
926 2296 1112 2340 reducat.
1161 2296 1227 2340 Illi
1258 2310 1357 2340 vero
1388 2297 1643 2352 indignatib:

77 2373 296 2428 Quomodo
335 2373 532 2430 inquiunt
570 2376 735 2417 credere
772 2389 1015 2431 possumus,
1058 2385 1095 2419 te
1132 2377 1332 2418 nuncium
1371 2378 1526 2419 summi
1559 2377 1646 2420 Dei

75 2452 187 2494 esse?
223 2467 316 2495 wrm
346 2453 418 2495 ille
444 2453 656 2509 ylorioaus
687 2454 742 2495 sit
772 2461 811 2495 et
841 2454 1031 2495 omnibus
1063 2455 1229 2496 diviciis
1258 2454 1429 2510 plenus,
1472 2463 1517 2497 tu
1547 2470 1643 2498 vero

75 2530 344 2587 despicabilis
376 2538 414 2574 et
444 2538 556 2573 tante
580 2532 863 2588 paupertatze,
896 2540 943 2574 ut
971 2547 1046 2573 nec
1070 2532 1342 2575 calciamenta
1364 2532 1514 2574 habere
1541 2548 1642 2590 pos-

74 2609 146 2650 82'8.
194 2607 296 2651 Non
318 2609 564 2665 recipiemus
587 2617 624 2651 te
644 2623 720 2651 nec
740 2610 971 2651 audiemus.
1022 2609 1221 2653 Summus
1253 2611 1361 2652 enim
1382 2610 1501 2653 Deus
1532 2627 1642 2653 nun-

76 2699 205 2742 quam
234 2693 321 2728 tam
352 2685 556 2729 abiectum
585 2686 705 2729 nobis
730 2686 910 2743 Zeyatum
931 2688 1153 2743 dir-zyma,-
1185 2689 1257 2730 sed
1287 2690 1327 2730 εί
1355 2703 1400 2731 re
1420 2703 1520 2731 vera
1544 2705 1642 2732 con-

75 2764 302 2806 versionem
334 2772 522 2806 nostram
552 2765 775 2816 desiderat,
815 2779 894 2821 per
924 2765 1119 2807 idoneum
1152 2773 1189 2808 et
1219 2767 1395 2823 diynum
1424 2782 1498 2809 sue
1524 2776 1642 2824 pote-

75 2842 176 2884 etati
209 2842 449 2884 miniotrum
487 2857 563 2884 nos
602 2842 800 2885 visitabit.
855 2841 920 2884 Tu
950 2857 1047 2885 vero
1060 2875 1073 2895 ‚
1112 2844 1153 2886 si
1187 2845 1270 2887 vite
1306 2853 1374 2887 tue
1410 2845 1643 2889 consultum

172 2949 199 2970 a.
231 2940 354 2971 affatum
380 2940 412 2971 C.
698 2941 727 2971 b.
759 2941 928 2980 indignanti
954 2940 986 2972 0.

170 3004 202 3040 1.
228 3003 436 3040 Boleslaum
455 3004 520 3040 111.
807 3005 840 3041 2.
867 3004 1013 3042 Wollin.

1668 520 1700 546 c.
1716 510 1808 546 1122
