2028 3438
723 222 947 255 nmmum
976 222 1135 254 connx
1690 209 1717 252 3

135 344 250 377 amo
281 330 396 376 1611
430 345 537 389 opus
567 330 665 373 hoc:
698 330 870 383 „Divi
898 329 1354 386 Bamberqenses“
1388 330 1584 382 edentem,
1620 332 1717 386 qui-

134 395 315 454 busdam
351 410 511 452 codicis
547 410 826 452 monumentis
865 409 930 451 uti
969 409 1191 461 concessit,
1235 408 1309 450 sed
1347 408 1440 464 ipse
1472 409 1596 450 etiam
1627 407 1718 450 alia

135 484 356 546 complura
393 488 538 545 capita
576 501 689 530 anno
712 486 849 530 1612
887 488 934 528 in
974 486 1103 539 libro,
1154 487 1231 543 qui
1268 485 1491 538 „Vetera
1535 500 1717 528 monu-

133 565 343 609 monta“
373 565 639 623 appellatur,
672 565 862 607 indidem
890 565 1099 621 prodidit.
1153 562 1364 607 Colloeato
1397 563 1548 606 deinde
1579 564 1720 606 codice

133 646 183 688 in
206 643 467 688 *bibliotheca
506 658 726 696 caesarea,
768 644 826 685 ad
857 657 977 686 omne
1017 641 1213 685 Udalriei
1243 656 1350 699 opus
1379 641 1720 698 pervulqandum

132 719 374 767 intendebat
410 724 600 766 animum
640 730 676 765 et
714 736 828 764 anno
863 721 988 764 1673
1025 720 1277 763 Lambeeius
1291 716 1302 736 ¹
1342 728 1381 763 et
1417 721 1587 762 ineunte
1625 734 1718 762 sae-

134 796 233 845 culo
258 800 433 845 XVIII
454 796 730 844 Leibnitius².
787 799 878 843 Sed
917 815 944 841 a
976 798 1167 841 Iohanne
1201 796 1384 855 Georqio
1418 798 1614 842 Eoo-ardo
1645 799 1719 841 de-

131 894 247 924 mum
278 879 422 937 effecta
451 891 518 922 res
550 887 622 932 est,
657 879 735 935 qui
762 879 809 920 in
830 876 1031 934 Corporis
1056 878 1250 920 historici
1267 878 1401 919 medii
1420 878 1516 919 aevi
1535 884 1645 919 tomo
1668 876 1726 919 II

133 956 333 1002 1-—374
362 972 476 1001 anno
511 957 638 1000 1723
669 958 934 1013 desumptum
965 970 1016 998 ex
1047 957 1189 998 codiee
1217 955 1534 999 Vindobonensi
1564 955 1719 997 librum

127 1031 369 1094 publicavit
374 1051 390 1087 ‚·
429 1037 598 1080 tametsi
635 1035 737 1077 baec
779 1036 908 1077 unica
946 1034 1087 1077 adhuc
1125 1035 1252 1076 editio
1296 1034 1488 1076 omnibus
1518 1035 1719 1076 vitiorum

130 1114 353 1179 qens-ribus
383 1115 735 1158 vehementissime
767 1114 946 1156 laborat.
996 1112 1147 1169 Itaque
1171 1111 1283 1155 nibil
1301 1112 1410 1154 mibi
1429 1113 1620 1155 accidere
1633 1126 1718 1169 po-

132 1194 216 1237 tuit
243 1193 407 1246 utilius,
440 1205 569 1250 quam
598 1200 647 1235 ut
676 1192 873 1235 editionis
895 1206 1011 1234 meae
1032 1192 1304 1234 adiuvandae
1325 1206 1455 1234 eausa
1475 1192 1568 1247 ipse
1588 1190 1720 1233 codem

133 1284 369 1315 caesarem*
384 1273 575 1314 ‘maxima
607 1285 737 1327 eaque
768 1271 856 1313 iam
887 1271 1058 1327 saepius
1092 1279 1266 1327 experta
1298 1268 1550 1312 liberalitate
1577 1270 1636 1311 ad
1655 1283 1720 1311 me

131 1351 375 1394 mitteretur.
427 1348 561 1403 Quem
594 1350 764 1406 quidem
797 1364 891 1391 cum
924 1348 1169 1391 Richardus
1190 1347 1367 1405 Kiepert
1396 1348 1720 1404 diliqentissime

133 1429 386 1481 contulisset,
420 1429 572 1471 iterum
602 1429 694 1484 ipse
726 1427 896 1470 contuli.

251 1505 340 1561 (Z)
378 1504 519 1550 Codea·
554 1507 804 1548 monasterii
843 1504 1166 1547 Zwetlensis
1197 1503 1319 1556 283,
1358 1503 1715 1557 membranaceus,

119 1585 275 1642 forma
295 1586 524 1643 quadrata,
542 1585 809 1641 payinarum
828 1583 932 1636 336,
955 1598 1044 1625 una
1063 1597 1195 1625 manu
1216 1582 1377 1624 saeculi
1395 1581 1500 1624 XII
1514 1583 1714 1639 scriptus,

133 1665 211 1722 qui
238 1665 328 1707 iam
357 1663 524 1706 saeculo
556 1662 648 1705 XV
674 1663 722 1704 in
754 1663 896 1704 eodem
927 1661 1124 1704 coenobio
1144 1661 1288 1717 fuisse
1318 1656 1523 1714 videtur³,
1562 1661 1719 1704 ibidem

132 1742 298 1785 saeculo
330 1741 478 1785 XVII
502 1742 694 1798 siqnatus
728 1749 787 1783 est
816 1741 862 1782 in
892 1741 1058 1797 payina
1086 1740 1109 1783 1
1144 1740 1208 1782 his
1240 1739 1400 1782 verbis:
1433 1739 1721 1791 „Monasterii

131 1821 192 1864 Bu·
211 1820 258 1864 V.
283 1820 347 1864 M.
378 1819 433 1862 In
464 1819 674 1862 Zwetlcl“.
722 1818 851 1861 Hune
881 1819 958 1861 ubi
986 1819 1239 1861 Bernardus
1271 1818 1361 1860 Pez
1391 1819 1439 1859 in
1470 1818 1718 1860 bibliotheca

132 1896 365 1943 Zwetlensi
392 1899 566 1951 invenit,
601 1898 721 1940 breve
751 1906 1045 1954 arqumentum
1073 1898 1262 1939 omnium
1282 1897 1439 1938 codicis
1461 1887 1652 1953 capitum
1671 1897 1719 1938 in

132 1977 290 2030 „Actis
327 1978 591 2020 eruditorum
630 1991 742 2018 anno
776 1975 905 2019 1717
937 1975 1171 2032 publicatis
1211 1974 1425 2032 Isipsiae“
1451 1990 1501 2031 p.
1524 1973 1720 2017 30-48

126 2057 375 2114 proposuit,
410 2055 586 2112 plenam
626 2056 765 2112 operis
797 2056 987 2097 universi
1017 2055 1243 2097 editionem
1274 2061 1563 2096 accuraturus.
1631 2051 1719 2095 Sed

133 2135 250 2191 quod
274 2134 513 2183 intenderat
531 2134 701 2187 Pezius,
735 2148 821 2176 non
844 2133 976 2190 effecit
985 2129 1011 2175 ⁴².
1053 2133 1149 2189 E90
1172 2139 1324 2184 autem,
1360 2131 1540 2188 cupidus
1563 2143 1718 2186 009ηο-

230 2283 264 2319 1.
281 2282 328 2319 V.
348 2281 570 2328 „Catalogus
591 2279 778 2326 librorum,
804 2290 898 2326 quos
915 2280 1046 2316 Petrus
1063 2278 1286 2316 Lambecius
1303 2275 1546 2323 composuit“.
1619 2276 1652 2312 2.
1672 2275 1719 2312 V.

132 2340 380 2388 fragmentum
405 2341 584 2387 epistolae
604 2340 792 2386 Gentiloti,
818 2339 1006 2375 Lambecii
1033 2338 1292 2375 Commentarii
1318 2337 1366 2373 de
1391 2335 1612 2372 bibliotheca
1637 2345 1718 2371 cae-

133 2411 241 2437 sarea
265 2400 323 2437 ed.
340 2400 467 2437 Kollar
483 2401 527 2436 T.
539 2401 557 2436 I
575 2401 664 2436 736:
694 2399 876 2448 „Udalrici
894 2398 1216 2445 Babenbergensis
1234 2397 1352 2434 codex
1374 2395 1580 2443 epistolaris
1606 2405 1719 2431 mem-

132 2460 292 2497 braneus
315 2481 356 2486 —
383 2471 467 2497 cum
491 2459 692 2506 Leibnitio,
726 2460 940 2495 immortalis
966 2459 1164 2495 memoriae
1189 2458 1288 2503 viro,
1321 2457 1385 2503 qui
1416 2456 1496 2492 eius
1521 2454 1719 2490 editionem

132 2520 392 2567 meditabatur,
409 2521 512 2556 iussu
529 2520 690 2555 caesaris
708 2518 1036 2556 communicatus“.
1111 2519 1144 2554 3.
1164 2518 1366 2554 Collocavit
1383 2516 1479 2552 enim
1497 2515 1534 2550 in
1552 2525 1637 2560 pag.
1648 2514 1719 2550 335

133 2589 266 2616 manus
289 2580 428 2616 saeculi
451 2579 523 2616 XV
548 2583 706 2625 quatuor
731 2590 860 2615 versus
885 2578 931 2614 de
957 2579 1095 2615 ordinis
1120 2578 1232 2624 grisei
1255 2578 1279 2613 i.
1298 2587 1331 2613 e.
1357 2575 1613 2613 cisterciensis
1637 2584 1719 2610 coe-

134 2638 273 2686 nobiis3
297 2649 319 2675 e
335 2649 490 2684 quorum
507 2639 655 2685 quidem
673 2649 825 2675 numero
851 2641 908 2674 est
925 2639 1036 2674 etiam
1053 2637 1316 2674 monasterium
1333 2636 1550 2672 Zwetlense.
1598 2634 1634 2670 4.
1652 2634 1719 2670 Pe-

134 2698 182 2735 zii
206 2699 302 2735 enim
328 2699 480 2735 consilio
505 2699 678 2745 opposuit
703 2709 786 2735 sese
811 2698 880 2734 sub
899 2698 1042 2734 Fonteii
1066 2698 1214 2734 nomine
1238 2696 1449 2733 Gentilotus
1472 2693 1719 2731 bibliothecae

134 2768 330 2795 caesareae
343 2758 640 2796 vindobonensis
657 2758 867 2804 praefectus
886 2758 1090 2802 (1706-17
1093 2758 1166 2803 23),
1191 2757 1254 2803 qui
1271 2759 1390 2792 totum
1408 2754 1570 2791 Udalrici
1586 2753 1719 2789 librum

134 2818 316 2855 edendum
342 2828 425 2855 esse
449 2819 612 2865 negavit,
637 2822 834 2865 propterea
858 2817 958 2863 quod
975 2820 1014 2852 et
1030 2817 1212 2863 quaedam
1230 2817 1550 2852 monumentorum
1576 2814 1719 2850 illorum

133 2888 222 2924 pars
245 2878 319 2914 iam
344 2877 445 2914 foras
469 2878 559 2915 data
583 2881 683 2915 esset
707 2882 745 2914 et
770 2877 944 2914 nonnulla
968 2876 1155 2913 haeretica
1172 2877 1211 2913 in
1226 2877 1272 2913 iis
1288 2875 1548 2921 reperirentur.
1586 2874 1720 2909 Exstat

136 2938 215 2974 eius
241 2941 368 2974 contra
384 2938 533 2974 Pezium
559 2937 714 2983 libellus,
742 2938 794 2973 sic
818 2937 1035 2982 inscriptus:
1064 2936 1221 2983 „Angeli
1236 2936 1382 2972 Fonteii
1397 2933 1620 2972 Veronensis
1645 2933 1719 2978 epi-

136 2997 232 3033 stola
255 2997 304 3034 ad
328 3009 364 3034 v.
383 2998 428 3034 cl.
445 2998 497 3034 Io.
516 2997 769 3034 Burchardum
788 2996 1044 3032 Menckcnium
1069 2996 1298 3042 Lipsiensem
1324 2996 1371 3031 de
1395 2996 1596 3040 conspectu
1622 2992 1719 3028 codi-

1378 3059 1432 3096 1*
