2028 3438
378 234 434 277 78
856 250 858 252 ·
895 245 1116 277 nmmum
1146 245 1313 277 con-nx.
1360 244 1406 277 38

259 362 349 397 1071
373 365 519 395 versus
551 365 644 395 eam
657 349 678 395 ¹.
726 351 795 394 Ad
823 351 902 394 hoc
931 364 1112 407 namque
1142 364 1247 407 opus
1269 365 1366 395 vere
1387 364 1460 394 vos
1487 364 1536 395 ea
1558 349 1738 394 instruit.
1758 351 1927 408 etcon-

263 411 339 448 Aug·
373 428 514 471 firmat
542 427 665 483 fides,
706 441 832 483 quam
863 427 1035 471 beatum¹
1061 427 1232 472 Petrum
1263 441 1360 472 caro
1398 431 1440 471 et
1474 427 1643 482 sanguis
1666 425 1929 487 ‘non-‚docuit

375 505 448 549 sed
478 504 591 564 Deus
621 508 743 562 pater
774 505 825 548 de
854 504 1070 560 unigenito
1102 518 1176 548 suo
1215 518 1291 561 per
1325 504 1529 561 Spiritum
1561 506 1766 548 sanctum*
1787 503 1827 549 ci
1851 510 1928 549 υθ-

375 578 571 635 velavit²3
605 595 710 637 quae
741 582 883 637 utique
912 580 1029 636 fides,
1061 581 1169 624 sicut
1198 581 1390 624 dominus
1417 581 1531 625 Iesus
1562 594 1638 638 pro
1670 594 1721 624 eo
1749 579 1926 635 rogavit,

373 671 588 713 nunquam
606 675 608 677 ·
625 657 788 701 deficiet
797 654 824 713 ³,
873 658 946 701 sed
989 672 1065 715 per
1104 658 1247 702 beatas
1286 659 1567 702 successiones
1595 656 1926 716 apostolicorum

375 734 614 791 praesulum
660 735 713 778 ad
758 734 1063 778 confirmandos
1101 735 1252 778 fratres
1297 748 1428 791 usque
1472 736 1518 779 in
1553 733 1677 778 finem
1724 731 1925 790 proficiet,

373 811 508 855 Huius
538 812 680 868 itaque
710 811 807 855 fidei
837 811 1046 855 soliditate
1074 812 1288 867 fundatus,
1320 812 1465 856 beatus
1493 811 1642 856 Petrus
1665 810 1926 868 &momina

374 878 529 931 donum
551 888 732 945 Spiritus
764 889 898 932 sancti
929 902 1004 945 per
1033 889 1348 945 imposicionem
1381 902 1529 932 manus
1559 888 1700 945 precio
1725 885 1927 933 affectam-4

373 969 459 1008 tem
499 969 540 1009 et
576 965 822 1009 kathedram
863 965 1060 1010 ccclesiae
1090 966 1329 1010 venalitatis
1361 965 1574 1021 questibus
1605 964 1830 1009 obnoxiam
1864 963 1928 1011 ἣν,

374 1043 574 1098 cientem,
607 1057 633 1086 a
663 1046 774 1086 sorte
805 1043 1059 1099 apostolicae
1090 1043 1390 1087 benedictionis
1421 1042 1599 1086 exclusit
1621 1044 1671 1086 -et
1699 1043 1927 1098 perpetuae

374 1119 677 1163 maledictionis
708 1119 954 1176 inexpiabili
986 1134 1095 1177 pena
1126 1117 1404 1176 dampnavit⁴.
1452 1119 1520 1163 Ex
1540 1119 1611 1162 illo
1635 1117 1833 1174 usquein
1852 1117 1928 1162 ho,—

375 1196 566 1239 diernum
597 1197 720 1252 diem,
754 1197 862 1240 sicut
891 1200 991 1240 tunc
1021 1196 1251 1253 apostolica
1278 1196 1393 1240 Petri
1421 1195 1538 1251 fides,
1568 1196 1629 1239 ita
1656 1195 1809 1239 deinde
1839 1194 1927 1238 eius

375 1273 604 1330 apostolica
633 1273 751 1317 sedes
773 1273 985 1317 diabolum
1017 1274 1187 1329 eiusque
1218 1273 1484 1318 antichristos
1515 1273 1714 1317 eiusdem.
1729 1271 1828 1316 fidei
1856 1270 1927 1315 fir<-

374 1350 521 1393 mitate
550 1351 802 1407 perdomuit,
835 1363 977 1394 omnes
1000 1364 1163 1407 quoque
1182 1351 1306 1394 inferi
1331 1354 1487 1408 portas,
1517 1347 1928 1394 heresiarchasbuscis-

372 1427 472 1470 licet
502 1440 595 1470 cum
629 1427 891 1482 dogmatibus
924 1431 966 1471 et
996 1428 1239 1483 sequacibus
1273 1429 1371 1483 suis,
1404 1441 1489 1471 non
1520 1427 1686 1484 quidem
1718 1424 1927 1470 obstruxit

375 1503 448 1547 sed
478 1505 644 1561 penitus
677 1504 897 1548 destruxit.
1897 1511 1900 1514 ’

492 1581 592 1624 Inde
624 1585 700 1636 cst,
733 1581 856 1637 quod,
889 1594 982 1624 cum
1012 1594 1088 1624 nos
1119 1580 1262 1624 multis
1286 1581 1371 1624 iam
1393 1581 1538 1624 diebus
1559 1580 1788 1637 expetisset
1816 1581 1927 1624 sata-

373 1665 488 1712 nas⁰,
526 1661 573 1701 ut
603 1658 806 1702 cribraret
835 1671 911 1701 nos
935 1658 1059 1701 *sicut
1092 1656 1302 1701 triticum⁵
1336 1661 1377 1701 et
1413 1671 1489 1701 nos
1528 1657 1581 1701 ad
1610 1660 1820 1711 vestrum,
1859 1655 1927 1700 cui

375 1734 564 1778 Christus
596 1735 732 1778 claves
764 1735 868 1778 caeli
882 1738 942 1778 ..et
971 1735 1105 1778 vicem
1129 1734 1242 1778 Petri
1271 1735 1315 1778 in
1345 1749 1494 1778 manus
1525 1735 1652 1789 dedit,
1685 1733 1926 1787 confugere-

374 1825 467 1854 mus
496 1812 798 1868 patrocinium,
830 1812 890 1855 ita
920 1815 1059 1855 vestra
1089 1826 1232 1855 sumus
1264 1812 1511 1856 auctoritate
1542 1811 1717 1866 firmati,
1749 1814 1797 1853 ut
1826 1819 1927 1866 apo-⁴

374 1889 527 1932 stolum
549 1892 719 1932 satanae
728 1888 756 1943 ¹¹,
790 1889 860 1944 qui
881 1902 955 1932 nos
979 1889 1251 1945 inpugnabat,
1285 1902 1619 1946 expugnaremus
1651 1887 1788 1942 gladio
1809 1885 1926 1930 verbi

373 1966 456 2009 Dei
485 1969 539 2021 et,
571 1978 665 2009 cum
696 1965 885 2022 pestiferi
907 1965 1100 2022 Symonis
1122 1966 1330 2009 virulenta
1360 1967 1466 2009 satio
1497 1967 1542 2009 in
1564 1964 1924 2009 Constantiensem

375 2042 592 2086 ecclesiam
624 2042 778 2085 malam
811 2043 1066 2086 extendisset
1102 2044 1307 2098 radicem,
1346 2056 1422 2086 nos
1463 2043 1501 2087 ei
1540 2043 1592 2085 ad
1631 2040 1925 2085 succidendum

376 2119 667 2163 adhiberemus
696 2119 887 2163 iusticiae
917 2119 1079 2163 falcem.

492 2196 600 2239 Nam
631 2210 724 2240 cum
756 2196 891 2251 regia·
901 2200 1086 2253 potestas
1116 2211 1191 2240 nos
1222 2200 1401 2251 urgeret,
1434 2193 1664 2252 quendam⁶
1686 2195 1737 2239 de
1757 2207 1925 2239 execra-

376 2273 450 2317 bili
489 2273 781 2329 perditissimi⁰
815 2272 1016 2317 Simonis‘
1050 2273 1162 2317 scola
1199 2274 1332 2317 eidem
1373 2273 1570 2317 ecclesiae
1609 2273 1802 2316 ordinare
1838 2271 1925 2329 epi-

377 2363 569 2406 scopum3
616 2364 692 2393 nos
733 2364 831 2394 vero
870 2350 1120 2406 diceremus,
1167 2351 1265 2406 quia
1301 2351 1430 2394 sacris
1469 2350 1696 2394 canonibus
1733 2349 1924 2392 omnibus

376 2427 509 2469 modis
532 2430 696 2469 cautum
722 2431 843 2482 esset,
875 2427 953 2471 hoc
981 2428 1026 2470 in
1047 2431 1236 2470 nostrum
1266 2441 1342 2470 nos
1371 2428 1507 2471 facere
1537 2441 1620 2470 non
1649 2440 1773 2483 posse
1802 2432 1925 2482 prae-

375 2503 594 2556 iudicium3
629 2517 805 2559 cumque
835 2501 934 2547 rcx⁷
964 2505 1117 2558 iugiter
1146 2504 1342 2558 instaret,
1380 2517 1456 2546 nos
1488 2518 1614 2560 super
1643 2504 1720 2547 hac
1750 2517 1796 2546 re
1828 2515 1924 2546 con-

377 2580 531 2622 sentire
563 2579 616 2622 ad
646 2583 792 2623 nutum
823 2581 1037 2637 praecepti
1068 2580 1146 2636 sui,
1178 2583 1220 2623 et
1238 2593 1315 2624 nos
1337 2581 1592 2624 obiceremus
1616 2581 1668 2635 ei,
1699 2580 1802 2623 hoc⁸
1825 2592 1924 2636 apo-

376 2655 525 2699 stolica
544 2657 790 2700 auctoritate
811 2657 1043 2713 prohiberi3
1074 2658 1242 2700 tandem
1263 2657 1359 2700 huic
1379 2657 1566 2700 scismati
1586 2656 1784 2713 sopiendo
1805 2668 1924 2699 sanc-

469 2788 495 2808 α.
529 2778 679 2809 Simonem
702 2779 735 2809 Ζ.
859 2780 887 2810 1).
921 2779 1136 2819 heresyarchas
1154 2780 1183 2810 V.
1309 2789 1334 2809 c.
1367 2780 1508 2810 sathanas
1527 2780 1556 2809 V.
1671 2779 1700 2808 d.
1733 2773 1881 2809 sathanae*
1892 2779 1923 2809 V.

378 2840 403 2861 e.
435 2831 641 2870 perdidissimi
658 2831 688 2861 V.
791 2831 812 2860 f.
845 2831 984 2869 Symonis
1004 2833 1033 2862 V.
1138 2841 1166 2869 g.
1197 2831 1272 2862 haec
1294 2832 1327 2861 Z.

474 2913 505 2947 1.
530 2912 656 2947 Matth.
673 2912 727 2956 16,
748 2912 801 2946 18.
899 2913 930 2947 2.
957 2912 1081 2947 Matth.
1097 2914 1151 2956 16,
1168 2913 1222 2947 17.
1318 2913 1351 2947 3.
1378 2912 1464 2947 Luc.
1478 2912 1534 2956 22,
1552 2912 1609 2946 32.
1703 2911 1738 2946 4.
1763 2910 1846 2946 Act.
1864 2922 1922 2956 ap.

377 2970 410 3015 8,
430 2970 580 3006 18—20.
674 2970 707 3005 5.
733 2971 821 3005 Luc.
839 2971 895 3015 22,
914 2971 970 3006 31.
1067 2972 1100 3006 6.
1125 2971 1311 3006 Karolum.
1408 2970 1440 3005 7.
1465 2970 1656 3006 Heinricus
1670 2969 1734 3006 IV.
