2028 3438
600 199 824 232 nmmum
854 199 1023 232 comm.
1072 198 1130 233 40.
1148 198 1193 231 41
1626 190 1681 234 87

106 307 282 355 ventum
325 311 468 351 meum
508 305 562 349 ad
603 319 677 350 vos
716 305 886 363 aliquod
923 309 1069 363 posset
1104 307 1324 363 negocium
1362 308 1598 364 retardare,
1646 309 1683 352 si

105 385 294 429 tantun·
323 382 494 428 iuvaret
521 382 677 429 virium
706 382 951 428 valitudine.

224 459 308 511 Pro
359 460 598 506 inveterata
651 464 791 505 autem
838 461 1149 517 Thuringorum
1200 461 1477 508 obduratione
1528 476 1682 507 novam

105 537 228 584 vobis
254 537 364 598 §wic
402 538 760 595 conquestionem.
807 538 888 592 Qui
926 540 1036 584 sicut
1073 552 1240 597 semper
1278 541 1341 584 sic
1379 541 1508 585 etiam
1546 541 1683 586 adhuc

106 615 286 674 Spiritui
307 619 469 662 1>saucto
508 617 681 673 eiusque
717 617 961 662 iustissimis
1000 617 1205 662 resistunt
1243 617 1429 674 legibus,
1467 618 1684 663 redituum

104 707 280 741 suumin
306 694 500 751 negando
531 694 877 751 decimationem,
909 709 1043 752 usque
1074 695 1202 751 adeo,
1234 698 1301 751 ut,
1333 696 1434 740 dum
1465 710 1680 741 monerem

104 785 191 829 eos,
215 775 271 816 nt
301 772 581 830 omnipotenti
611 771 702 816 Deo
733 772 971 829 obedirent,
1004 768 1087 831 ipsi
1119 787 1143 817 e
1175 776 1324 818 contra
1355 776 1522 818 armata
1552 788 1681 818 manu

103 849 369 908 promiscuae
407 849 544 908 plebis
590 864 658 895 me
707 854 749 895 et
787 865 904 895 meos
946 851 1199 896 obsiderent.
1253 851 1312 895 Et
1349 852 1432 896 nisi
1470 851 1679 897 Dominus

101 927 386 986 omnipotenti
414 941 545 974 manu
574 928 859 985 liberavisset,
898 929 1078 975 forsitan
1109 929 1336 974 crudelitas
1369 943 1515 975 eorum
1545 944 1679 987 usque

103 1005 160 1050 ad
186 1005 508 1062 internicionem
537 1006 581 1050 in
613 1020 691 1051 nos
722 1006 964 1051 desevisset.
1087 1007 1208 1052 Unde
1238 1021 1340 1063 rogo
1381 1011 1572 1052 sanctam
1603 1022 1678 1066 pa—

102 1083 347 1129 ternitatem
366 1082 590 1140 vestram&
626 1087 670 1128 ut
699 1088 847 1129 contra
876 1089 987 1130 tam⁰
1019 1085 1227 1130 nefarium
1258 1089 1430 1142 tamque
1461 1086 1679 1131 insolitum

101 1161 266 1206 facinus
289 1164 492 1220 respectu
521 1161 829 1207 ecclesiasticae
867 1163 1118 1220 disciplinae
1155 1164 1277 1221 quasi
1320 1166 1448 1221 caput
1477 1158 1679 1210 membris

102 1239 402 1298 compaciendo
433 1240 689 1285 succurratis
722 1243 764 1284 et
794 1244 942 1285 contra
979 1241 1173 1285 inimicos
1203 1241 1286 1286 Dei
1324 1242 1512 1297 gladium
1544 1244 1680 1288 sancti

102 1317 290 1376 Spiritus
321 1318 556 1377 arripiatis3
590 1318 788 1375 quatinus
820 1320 976 1363 sentiat
1001 1322 1229 1364 contumax
1261 1322 1303 1363 et
1332 1320 1501 1365 rebellis
1533 1321 1679 1365 serva‘¹

102 1395 356 1452 Thuringia‚
387 1396 500 1453 quod
531 1396 668 1440 adhuc
698 1397 743 1440 in
774 1396 986 1452 clavigera
1016 1411 1145 1441 manu
1175 1397 1291 1442 Petri
1322 1397 1429 1443 vivit
1459 1402 1501 1443 et
1529 1402 1680 1454 regnat

100 1474 353 1532 imperatrix
381 1473 528 1519 Roma.

102 1607 187 1664 41.
218 1608 448 1663 Heinrious
470 1618 544 1662 IV
568 1633 644 1662 rex
674 1618 1004 1676 Bamberqenses
1036 1620 1249 1672 hortatur,
1283 1634 1335 1662 ne
1367 1629 1515 1664 contra
1545 1621 1676 1665 Hem·-

139 1747 144 1751 ,
219 1711 423 1743 mannum
443 1697 475 1740 I
499 1696 729 1761 leyitimum
750 1699 992 1754 episcopum
1022 1698 1155 1741 ullam
1177 1697 1423 1754 leyationem
1444 1701 1679 1756 suscipiant

144 1823 146 1826 ,
216 1790 321 1821 neve
350 1776 658 1819 accusationem
690 1776 872 1818 eiusdem
904 1776 1117 1819 audianffi.
1495 1775 1548 1831 (E
1574 1777 1675 1830 140)

217 1863 478 1920 H(einricus)
518 1863 600 1908 Dei
638 1864 778 1920 gratia
813 1863 1098 1909 Romanorum
1139 1864 1236 1908 rexr
1274 1865 1475 1911 ecclesiae
1512 1865 1677 1912 Baben-

101 1943 297 2000 bergensi
326 1942 507 1999 gratiam
540 1945 583 1986 et
614 1955 737 1986 omne
768 1942 937 1985 bonum.

218 2020 428 2065 Memores
467 2019 565 2064 fidei
605 2023 647 2064 et
686 2020 920 2063 devotionis
959 2019 1331 2077 praedecessorum
1361 2025 1600 2066 vestrorum
1630 2022 1676 2065 in

99 2110 178 2145 nos
209 2103 252 2144 et
280 2101 471 2154 nostros,
512 2111 633 2156 spem
663 2097 817 2141 bonam
849 2097 901 2141 de
932 2097 1050 2142 vobis
1090 2112 1193 2155 prae
1224 2100 1419 2144 omnibus
1449 2100 1674 2154 habemus3

101 2178 300 2235 quoniam
330 2177 377 2221 in
406 2175 522 2220 nullo
554 2175 690 2220 adhuc
722 2190 794 2219 vos
827 2190 852 2219 a
882 2175 952 2219 via
973 2179 1117 2220 tantae
1140 2177 1309 2221 virtutis
1331 2178 1592 2222 exorbitasse
1613 2178 1675 2221 vi-

101 2255 261 2300 demus.
316 2254 626 2313 Amplectimur
664 2267 763 2310 ergo
801 2257 890 2297 toto
932 2253 1083 2298 affectu
1121 2255 1164 2297 in
1196 2255 1340 2299 vobisc
1378 2258 1540 2299 tantam
1577 2269 1675 2300 con-

61 2351 65 2354 ·
101 2321 342 2388 sanciam}
366 2336 679 2377 antecessorum
718 2335 959 2376 nostrorum
998 2332 1042 2375 in
1089 2332 1208 2376 vobis
1246 2346 1412 2390 semper
1443 2336 1485 2376 et
1520 2333 1674 2390 ubique

95 2408 303 2455 vrenovare
335 2411 552 2455 studentes
585 2411 779 2466 gratiam.
835 2410 917 2454 Sed
949 2423 1066 2466 ecce,
1098 2413 1146 2453 ut
1175 2410 1331 2466 nostis,
1366 2411 1576 2455 humanae
1607 2425 1674 2455 sa-

99 2487 201 2533 lutis
231 2488 364 2533 hostis
394 2489 534 2533 studio
567 2489 764 2545 antiquae
795 2488 988 2532 maliciae
1018 2491 1162 2532 tantae
1193 2488 1341 2532 salutis
1370 2489 1579 2546 profectui
1610 2490 1674 2533 ni-

99 2566 205 2611 titur
236 2566 451 2611 obsistere.
500 2566 585 2611 Vos
618 2570 780 2622 autem,
824 2567 915 2623 qui,
956 2566 1108 2623 spiritu
1140 2566 1220 2610 Dei
1250 2566 1499 2624 illuminati,
1538 2568 1672 2612 nostis

195 2659 222 2681 a.
254 2649 298 2681 tm
316 2649 374 2680 VZ.
459 2649 488 2680 b.
522 2650 714 2680 sanctitatem
736 2651 928 2690 paternitatis
951 2651 1070 2680 vestrae
1099 2649 1134 2680 G.
1225 2659 1250 2680 c.
1284 2660 1340 2681 om.
1359 2650 1394 2681 G.
1480 2650 1510 2681 d.
1544 2660 1615 2681 seva
1637 2650 1672 2682 G.

102 2714 128 2734 ο.
158 2713 197 2734 eoe
221 2703 453 2734 V58v—592
485 2703 667 2743 Epistola
699 2704 871 2734 eiusdem
905 2703 948 2733 de
983 2713 1053 2742 quo
1088 2711 1205 2742 supra
1236 2703 1282 2734 ad
1312 2704 1671 2743 Babenbergensem

101 2756 326 2795 ecclesiam3
354 2756 437 2798 Zp.
453 2758 655 2788 100—-1012
689 2757 871 2796 Epistola
898 2757 1076 2787 Heinrici
1104 2757 1211 2796 regis
1239 2758 1284 2788 ad
1312 2758 1672 2797 Babeubergenscm

102 2809 313 2840 ecclesiam
340 2820 408 2850 pro
438 2810 651 2842 Hermanno
681 2811 1012 2848 Babenbergensi.
1131 2810 1152 2841 f.
1184 2811 1251 2842 Pro
1273 2812 1437 2851 imperator
1458 2812 1603 2851 augustus
1622 2811 1678 2843 VZ

100 2863 217 2903 scripsi
237 2873 300 2899 rex,
323 2863 483 2904 corrigens
499 2862 752 2904 depravacionem
774 2863 813 2894 ab
834 2862 984 2901 Udalrico
999 2863 1093 2894 etiam
1107 2863 1192 2894 alias
1203 2862 1351 2904 sactam,·
1371 2875 1398 2895 v.
1412 2863 1505 2905 infra
1527 2875 1593 2906 epp.
1608 2866 1673 2897 140

100 2921 131 2948 σε
150 2917 223 2948 142.
265 2915 313 2957 Of.
334 2916 428 2948 etiam
450 2917 560 2948 lemma
581 2916 653 2948 huic
674 2916 823 2957 epistolae
844 2916 1062 2956 praepositum
1086 2916 1120 2948 in
1143 2916 1246 2949 codice
1268 2917 1432 2950 Zwetlemi
1454 2917 1565 2959 (supra
1585 2929 1614 2949 n.
1631 2918 1671 2957 e).

101 2978 130 3008 g.
162 2970 194 3000 in
214 2969 301 3001 vobis
322 2980 378 3000 om.
394 2970 425 3001 V.

1728 320 1822 356 1074

1706 378 1732 399 c.
1746 368 1834 400 Febr.

1704 1877 1796 1914 1075
1821 1878 1869 1914 in.
