2028 3438
461 255 702 291 HEBBORDI
731 255 975 288 numetis.
1024 257 1111 288 mn.
1135 257 1170 288 11
1201 255 1248 289 24
1556 246 1639 291 767

0 353 9 398 ἕ
66 356 276 410 marim'
305 360 485 407 Iulinam
519 363 627 406 vecti
665 375 810 407 sumus
849 363 1032 419 navigi0.
1091 363 1171 407 Est
1205 366 1345 407 autem
1377 364 1526 408 civitas
1565 365 1642 409 hec
1667 375 1761 411 1124

3 432 9 464 ³
66 440 305 493 magnast
338 437 482 494 fortis;
521 439 796 497 hominesque
834 441 948 485 illius
987 441 1067 485 loci
1099 440 1290 484 crudeles
1321 445 1442 485 erant
1473 445 1515 486 et
1545 442 1641 486 bar-

67 514 173 560 bari.
212 513 336 561 -Gum
367 520 507 562 autem
539 518 943 575 propinquassemus
975 519 1158 574 civitati,
1200 519 1473 564 conductores
1500 522 1642 565 ⁴nostri

64 591 215 639 herere
243 607 407 652 ¹pavere
443 598 569 652 atque
599 595 711 640 inter
743 610 788 640 se
819 598 1023 642 musitare
1055 600 1269 655 ceperunt.
1334 597 1452 649 Quod
1485 598 1640 642 intelli-

65 682 170 726 gens
196 672 445 731 episcopus:
479 674 597 729 Quid
627 684 706 728 ecc,
749 659 864 732 qued
895 677 953 718 ad
981 678 1159 720 invicem
1189 676 1416 732 confertis?
1465 675 1525 719 At
1554 676 1639 720 illi:

71 747 282 794 Timem'us
311 750 510 808 inquiunt
537 762 674 810 pater,
708 754 788 796 tibi
816 769 868 795 ac
890 754 995 804 tuis,·
1020 754 1210 811 populus
1229 755 1308 797 iste
1327 755 1459 797 durus
1480 770 1642 811 semper

66 835 105 871 et
131 829 362 874 indomitus
380 830 488 887 fuit.
539 830 594 875 Si
623 820 719 887 erqo
748 831 890 888 placet
919 831 1009 884 tibi,
1046 832 1306 889 applicemus
1339 841 1376 875 et
1406 847 1569 875 moram
1594 835 1639 876 in

66 905 203 951 littore
230 922 363 965 usque
393 909 452 952 ad
481 909 772 966 crepusculum
792 910 926 952 noctis
946 909 1167 965 faciamus
1175 926 1190 961 ,-
1220 926 1273 953 ne
1290 910 1412 967 forte
1432 912 1640 954 civitatem

64 984 286 1042 manffeste
329 987 603 1044 inprediendo
651 987 874 1030 tumultum
909 987 1068 1044 populi
1104 1003 1232 1045 super
1268 1003 1345 1031 nos
1382 990 1636 1031 suscitemus,

64 1057 112 1105 In
150 1062 328 1118 singulis
365 1067 508 1108 autem
548 1064 788 1108 civitatibus
829 1064 915 1107 dux
954 1064 1166 1121 palacium
1197 1065 1380 1109 habebat
1412 1069 1454 1109 et
1485 1066 1638 1109 curtim

64 1152 160 1184 cum
191 1140 354 1198 edibus,
387 1141 440 1186 ad
467 1155 594 1198 quam
617 1142 654 1185 si
675 1142 769 1198 quis
791 1142 1062 1198 confugisset,
1093 1142 1163 1186 lex
1185 1143 1282 1187 talis
1306 1147 1409 1199 erat,
1442 1147 1502 1200 ut,
1537 1157 1638 1200 quo-

62 1216 168 1263 libet
196 1217 319 1263 hoste
347 1223 638 1277 persequente,
671 1233 842 1264 securus
874 1220 934 1264 ibi
963 1220 1214 1264 consisteret
1235 1224 1277 1265 et
1297 1221 1456 1265 illesus.
1506 1221 1640 1266 Dixe-

62 1299 164 1340 runt
188 1309 314 1353 ergo:
353 1297 408 1343 Si
433 1314 512 1357 per
531 1307 692 1343 noctem
724 1300 782 1342 ad
812 1300 930 1342 ducis
961 1307 1065 1342 tecta
1095 1301 1317 1353 intramus,
1339 1301 1454 1356 freti
1481 1303 1638 1344 securi-

63 1383 160 1430 tate,
188 1376 400 1434 paulatim
431 1379 539 1420 cives
560 1379 841 1421 conveniendo
863 1379 1162 1434 neyociumque
1181 1387 1371 1421 nostrum
1392 1379 1480 1421 illis
1508 1381 1637 1436 pesle-

63 1455 207 1498 tentim
225 1456 500 1512 insinuando,
523 1456 670 1499 melius
679 1456 872 1512 fortasse
885 1456 1168 1512 proficiemus.
1207 1454 1372 1499 Placuit
1392 1456 1637 1510 consilium3

63 1534 108 1575 et
145 1543 242 1576 cum
274 1531 364 1576 dies
397 1531 689 1589 abscessisset,
728 1533 829 1577 tecti
860 1532 1011 1576 umbra
1041 1533 1198 1589 noctis,
1239 1533 1391 1577 curtim
1425 1537 1479 1577 et·
1498 1534 1639 1578 menia

62 1608 181 1653 ducis
221 1609 475 1666 invasimus,
513 1610 598 1654 illis
629 1610 934 1666 ignorantibus
1059 1610 1107 1653 In
1139 1611 1371 1655 crastinum
1404 1625 1525 1667 vero,
1565 1612 1636 1656 ubi

61 1699 140 1733 nos
175 1687 394 1744 viderunt,
435 1691 479 1732 et
509 1688 679 1745 quinam
714 1702 902 1733 essemus
935 1692 977 1732 et
1007 1688 1116 1732 unde
1149 1692 1191 1732 et
1222 1703 1351 1745 quare
1383 1690 1636 1746 venerimus,

61 1764 238 1821 maligni
267 1765 460 1811 homines
491 1767 668 1810 scrutati
699 1770 809 1810 sunt.
858 1766 1001 1810 Primo
1035 1767 1203 1823 quidem
1226 1768 1385 1812 moveri
1409 1781 1457 1811 ac
1479 1768 1636 1812 sensim

61 1842 247 1899 turbari,
279 1857 448 1888 currere
481 1858 530 1888 ac
561 1845 821 1900 discurrere,
854 1844 996 1889 videre
1027 1858 1104 1888 nos
1135 1845 1374 1902 iterumque
1405 1846 1562 1901 videre,
1596 1849 1639 1890 et

44 1920 134 1965 >alii
156 1921 251 1966 aliis
272 1923 486 1966 nunciare.
534 1922 754 1966 Postremo
775 1936 889 1979 vero,
921 1923 1070 1966 insano
1092 1923 1233 1967 furore
1255 1924 1452 1980 correpti,
1483 1938 1636 1979 magno

61 1999 259 2056 tumultu,
292 2000 508 2045 securibus
541 2003 584 2044 et
613 2001 765 2056 gladiis
797 2000 975 2056 aliisque
1006 2000 1101 2044 telis
1135 2001 1301 2056 armati,
1335 2002 1426 2045 sine
1453 2001 1541 2045 ulla
1569 2016 1636 2045 re-

61 2077 251 2122 verentia
279 2078 325 2122 in
356 2078 493 2136 ipsam
525 2078 644 2122 ducis
675 2079 827 2122 curtim
859 2079 1157 2135 irrumpentes,
1189 2082 1369 2122 mortem
1400 2079 1522 2122 nobis
1545 2080 1635 2123 sine

60 2155 149 2200 ulla
183 2156 503 2211 retractatione,
543 2157 626 2200 nisi
667 2157 915 2213 quantocius
948 2156 1000 2200 de
1031 2156 1149 2199 curia
1181 2159 1223 2200 et
1255 2156 1306 2200 de
1337 2157 1432 2213 ipsa
1463 2157 1634 2201 civitate

58 2220 312 2290 fugeremne,
344 2234 720 2278 comminabantur.
773 2234 880 2278 Erat
912 2237 1051 2277 autem
1083 2234 1127 2277 in
1158 2235 1253 2291 ipsa
1284 2235 1393 2277 curti
1424 2234 1634 2278 edificium

61 2311 271 2367 quoddam
300 2310 594 2368 fortissimum,
625 2312 815 2356 trabibus
848 2315 890 2356 et
921 2311 1076 2356 tabulis
1105 2312 1345 2367 ingentibus
1368 2316 1632 2369 conpactum,

61 2388 172 2445 quod
210 2377 387 2446 stupam
411 2389 478 2433 vel
511 2390 645 2446 pirale
676 2392 849 2445 vocant,
889 2390 934 2432 in
968 2390 1079 2446 quod
1111 2390 1267 2433 scrinia
1308 2393 1350 2433 et
1381 2389 1559 2435 clitellas
1592 2395 1634 2445 et

18 2462 25 2466 “
60 2466 264 2524 capellam
297 2467 485 2524 episcopi
517 2471 559 2511 et
590 2468 810 2524 pecuniam
834 2471 877 2510 et
898 2481 1061 2524 queque
1082 2468 1275 2524 preciosa
1297 2467 1347 2510 de
1369 2468 1467 2511 navi
1491 2472 1634 2525 porta-

60 2557 276 2599 veramus3
309 2545 410 2601 quin
442 2547 485 2589 et
509 2548 689 2602 'propter
718 2545 923 2602 impetum
947 2546 1126 2589 furentis
1149 2545 1296 2602 populi
1318 2559 1413 2589 cum
1436 2547 1632 2604 episcopo

60 2621 203 2678 clerici
233 2635 379 2666 omnes
409 2622 509 2666 illuc
531 2623 817 2678 confugerant.
919 2623 1009 2678 Ego
1033 2627 1174 2666 autem
1198 2636 1246 2667 eo
1268 2626 1457 2680 tempore
1478 2638 1633 2680 magna

58 2699 168 2744 febri
188 2699 380 2755 tenebar,
412 2700 457 2743 in
479 2699 564 2744 alia'
583 2700 707 2743 domo
728 2700 870 2744 iacens
892 2703 934 2743 et
956 2703 1175 2755 egrotans;
1208 2699 1321 2744 ultra
1342 2701 1452 2745 vires
1474 2705 1631 2758 tamen,

61 2776 204 2826 audito
242 2777 422 2840 strepitu
461 2780 511 2821 et·
540 2774 723 2821 clamore
762 2777 1055 2832 bachantium,
1096 2777 1148 2821 de
1185 2781 1321 2821 stratu
1353 2783 1538 2836 erectus,
1579 2780 1631 2823 ad

61 2851 214 2898 ostium
247 2854 395 2915 domus
427 2840 609 2899 constiti.
666 2855 724 2898 Et
754 2868 849 2898 ecce
881 2855 1021 2898 omnia
1053 2847 1178 2911 plena
1207 2855 1439 2912 hominum,
1472 2857 1558 2900 tela
1590 2861 1632 2900 et

60 2934 180 2975 arma
210 2917 482 2988 portantium.
566 2968 569 2971 .
596 2932 945 2976 Vociferabantur
977 2936 1114 2976 autem
1150 2936 1192 2976 et
1222 2933 1482 2988 clamabant,
1515 2934 1630 2977 exire

122 3015 124 3017 ’
157 3020 190 3055 1.
220 3028 286 3065 per
311 3019 532 3056 Diewenow.
