2028 3438
454 247 620 280 Enoms
651 248 756 279 vrrA
789 247 998 279 o'r'roms.
1047 249 1134 278 Lm.
1158 248 1176 278 1
1206 246 1299 280 3-5
1576 236 1663 280 593

89 353 336 399 Heinrieum
376 355 562 410 venisse;
611 359 653 399 et
689 358 787 413 post
824 354 1037 399 modicum
1077 354 1257 399 eundem
1298 354 1545 399 Heinricum
1583 355 1664 400 Dei

79 431 260 476 -nutufin
279 430 457 476 Polonia
478 432 862 490 archiepiscopatus
885 433 1048 490 apicem
1070 432 1376 478 conscendisse.
1423 432 1501 476 Cui
1522 433 1661 490 ipsum

75 507 335 555 ²²fldelissimo
367 509 580 555 adhesisse
610 510 818 554 famulatu
848 512 1058 555 teStantur
1081 514 1135 567 et,
1168 509 1352 555 mirabili
1384 510 1664 554 strennuitate

75 582 382 646 ‘ac¹·'sapientia
410 588 455 632 in
486 588 605 632 brevi
645 601 721 645 per
751 592 883 632 totam
916 589 1131 644 regionem
1164 588 1448 644 divulgatum,
1489 591 1578 632 tam
1610 588 1663 631 ab

90 659 405 724 archiepiscopo
445 678 569 722 quam
612 669 654 710 et
694 680 719 710 a
755 666 986 710 venerabili
1026 665 1164 711 Iudita
1202 665 1414 724 imperiali
1462 665 1556 710 aule
1597 679 1662 709 as-

73 742 323 800 signatum:
375 752 377 755 ’
441 737 444 741 ’
496 746 499 749 ’

110 816 154 852 ·(”-
199 822 250 866 ’4.
285 817 361 866 'Eo
390 824 581 879 tempore
611 821 940 877 gloriosissimus
961 822 1193 878 imperator
1213 820 1661 876 Heinricus-magnum

87 896 193 944 illud
215 902 267 944 et
297 895 782 957 admirabileSpirensis
815 900 989 943 ecclesie
1020 898 1230 943 edificium
1262 899 1314 943 ob
1348 899 1660 943 venerationem

76 980 291 1035 perpetue
319 977 496 1032 virginis
528 977 682 1033 Marie,
726 978 844 1021 cuius
876 978 1070 1035 specialis
1110 978 1334 1035 alumpnus
1372 974 1488 1032 fuit¹,
1528 976 1662 1032 regali

74 1049 403 1111 magnificentia
433 1055 689 1099 exstruebat.
747 1055 830 1099 Sed
868 1056 1062 1111 magistri
1101 1055 1260 1112 operis,
1298 1054 1589 1099 fraudulenter
1621 1058 1663 1098 et

88 1133 180 1178 sine
200 1128 284 1177 Dei
311 1133 463 1177 timore
495 1137 681 1189 agentes,
713 1147 910 1189 magnam
943 1133 1118 1191 pecunie
1144 1133 1423 1188 quantitatem
1456 1132 1543 1176 suis
1575 1133 1661 1176 usi-

74 1210 166 1255 bus
197 1210 484 1265 insumebant3
524 1211 586 1255 ita
622 1215 670 1255 ut
707 1211 951 1267 frequenter
983 1211 1034 1254 ad
1068 1224 1172 1268 opus
1204 1214 1290 1254 tam
1325 1210 1549 1254 mirificum
1586 1224 1661 1267 pe-

80 1287 213 1333 cunia
249 1289 344 1347 ipsa
374 1288 582 1333 deficeret.
638 1288 758 1332 Unde
791 1293 992 1345 augustus
1030 1302 1113 1332 non
1151 1288 1353 1332 mediocri
1385 1288 1527 1332 dolore
1566 1301 1661 1345 per-

86 1369 247 1423 motus,
283 1380 337 1411 ex
371 1366 573 1410 consultis
606 1367 738 1410 accito
776 1367 976 1410 familiari
1014 1367 1265 1411 auriculario
1298 1381 1373 1410 suo
1407 1366 1582 1421 Ottone,
1622 1366 1660 1410 ei

84 1444 220 1489 tocius
241 1446 382 1502 operis
403 1445 693 1501 magisterium
717 1445 947 1499 commisit3
981 1448 1128 1502 utpote
1149 1445 1267 1488 cuius
1290 1444 1512 1501 sapientia,
1536 1456 1661 1488 cunc-

84 1522 141 1566 tis
171 1521 364 1580 probata,
396 1523 522 1567 etiam
557 1523 610 1566 ad
641 1523 804 1566 maiora
828 1536 992 1579 queque
1023 1526 1066 1566 et
1089 1523 1220 1566 ardua
1242 1522 1529 1580 dispensanda
1551 1525 1662 1566 esset

83 1599 248 1645 idonea.
304 1600 398 1657 Qui,
431 1601 639 1656 sagaciter
671 1604 713 1644 et
742 1601 918 1657 provide
950 1601 1172 1644 commisso
1207 1601 1325 1658 operi
1357 1600 1580 1644 intendens
1603 1624 1658 1630 —-

84 1678 245 1723 sciebat
281 1679 392 1723 enim
433 1672 554 1722 iuxta
593 1678 869 1735 apostolicum
909 1678 1154 1723 mandatum
1194 1679 1375 1722 dominis
1420 1677 1660 1722 carnalibus

85 1756 146 1801 sic
176 1757 297 1814 quasi
327 1757 417 1801 Deo
450 1753 742 1801 serviendum’
764 1781 820 1786 -
850 1757 1092 1813 frequenter
1125 1757 1176 1800 ad
1208 1760 1367 1800 curtem
1402 1756 1562 1811 regiam
1594 1769 1660 1800 re-

85 1844 277 1890 gressus,
311 1835 552 1893 pecuniam,
585 1848 664 1891 que
697 1838 917 1891 supererat
947 1838 1106 1878 statuto
1138 1835 1278 1891 operi,
1311 1833 1492 1878 fideliter
1524 1834 1562 1878 ei
1593 1847 1659 1878 re-

77 1913 298 1969 *signaban
337 1913 511 1970 insuper
550 1913 603 1956 ad
640 1912 844 1956 indicium
883 1913 1100 1967 ingeniose
1137 1912 1354 1968 diligentie
1393 1925 1467 1955 sue
1508 1924 1657 1968 equam

83 1991 363 2035 fenestrarum
396 1990 570 2035 ecclesie
600 2003 855 2045 mensuram,
889 1990 1118 2047 prudenter
1151 2004 1176 2034 a
1206 2004 1250 2034 se
1282 1990 1546 2047 dispositam,
1579 1990 1659 2033 im-

84 2068 271 2126 peratori
318 2068 665 2125 considerandam
708 2067 919 2111 offerebat.
983 2068 1064 2111 Pro
1103 2082 1186 2124 qua
1232 2068 1515 2112 sincerissime
1560 2067 1658 2111 fidei

80 2146 324 2190 constantia
352 2157 435 2190 non
469 2146 603 2190 solum
636 2146 725 2201 regi
758 2145 830 2189 sed
863 2148 904 2189 et
931 2146 1091 2189 cunctis
1114 2146 1387 2203 optimatibus
1420 2146 1480 2189 ita
1513 2159 1558 2189 se
1590 2159 1657 2189 ac-

84 2227 252 2282 ceptum
285 2224 481 2280 reddidit,
515 2228 561 2267 ut
582 2223 671 2267 Deo
703 2223 862 2281 gratias
887 2227 1073 2279 agerent,
1108 2223 1219 2279 quod
1252 2223 1305 2266 ad
1337 2223 1425 2266 eius
1457 2222 1657 2266 noticiam

84 2293 388 2359 pervenissent.
447 2301 663 2357 Siquidem
703 2301 946 2344 interiorem
989 2301 1119 2344 animi
1151 2301 1240 2344 eius
1272 2300 1509 2344 sollerciam
1542 2303 1657 2344 exte-

68 2379 209 2424 'rioris
241 2393 406 2436 quoque
436 2379 617 2422 hominis
650 2377 818 2422 habitus
851 2378 1110 2435 preferebat3
1143 2379 1204 2421 ita
1235 2382 1283 2421 ut
1314 2378 1541 2435 prudentes
1566 2378 1657 2434 qui-

85 2468 166 2514 que
197 2471 248 2502 ex
281 2458 374 2515 ipso
406 2457 495 2502 eius
528 2460 728 2512 scemate,
763 2456 872 2512 quod
905 2456 951 2499 in
981 2469 1028 2499 eo
1061 2456 1248 2499 futurum
1281 2459 1412 2511 esset,
1450 2456 1657 2511 sagaciter

83 2533 378 2591 intelligerent.

205 2613 246 2656 5.
294 2612 401 2656 Nam
435 2615 481 2655 ut
512 2612 563 2656 de
594 2611 739 2655 multis
770 2624 899 2654 unum
925 2611 1108 2667 exempli
1139 2624 1266 2654 causa
1297 2613 1531 2667 annectam,
1565 2611 1655 2667 qui-

85 2689 183 2734 dam
215 2693 335 2747 pater
365 2690 548 2733 familias
578 2690 630 2733 de
653 2689 843 2745 Spirensi
875 2689 1046 2732 civitate
1067 2688 1322 2732 Anshelmus
1354 2690 1539 2745 nomine,
1571 2702 1655 2732 non

84 2770 173 2811 tam
194 2768 358 2812 diviciis
380 2781 505 2823 quam
530 2767 732 2822 religione
756 2770 798 2810 et
823 2766 1053 2822 prudencia
1073 2766 1265 2822 insignis,
1297 2766 1475 2810 eundem
1498 2766 1655 2810 Christi

28 2886 32 2888 ,
85 2857 267 2901 servum,
300 2845 435 2889 adhuc
462 2845 506 2888 in
529 2844 735 2888 tenuitate
766 2844 966 2900 positum,
999 2847 1222 2900 antequam
1244 2843 1290 2887 in
1311 2847 1473 2888 curtem
1494 2844 1655 2899 regiam

181 2951 214 2986 1.
240 2949 295 2987 Cf.
314 2950 473 2986 Heinrici
490 2950 542 2986 IV
562 2950 668 2996 epist.
694 2959 805 2995 supra
828 2959 864 2994 p.
883 2949 970 2985 505:
1000 2948 1286 2995 „conquerimur
1310 2950 1389 2987 Deo
1414 2949 1655 2996 omnipotenti

85 3011 124 3045 et
148 3009 324 3046 domine
349 3020 443 3045 mee
467 3012 594 3045 sancte
619 3008 752 3044 Marie“
781 3012 849 3044 cet.
971 3009 1005 3044 2.
1035 3007 1169 3054 Ephcs.
1188 3011 1221 3054 6,
1247 3011 1281 3045 5.

143 3073 250 3108 ἇΑηέ,
272 3075 465 3104 Bibliotheca
478 3076 516 3103 V.
1324 3076 1370 3110 38
