2028 3438
470 251 710 282 nannonm
742 250 983 281 numo-us.
1032 250 1119 280 Lm.
1143 250 1160 280 1
1190 247 1247 282 40.
1265 248 1307 281 41
1584 237 1671 281 739

99 357 151 401 in
174 356 322 412 vigilia
359 356 473 401 beati
503 357 666 413 Egidii,
707 357 760 400 ad
799 356 910 401 aliud
943 358 1110 413 tempus
1143 355 1448 400 dedicationem
1490 356 1671 400 transfe-

98 434 275 479 rendam
305 437 523 478 statueret.
581 434 666 478 Sed
697 434 795 490 qnia
825 436 976 491 parata
1006 436 1128 477 erant
1158 433 1301 477 omnia
1332 436 1374 476 et
1405 434 1670 490 cupientibus

99 511 252 556 animis
282 512 420 556 omnis
452 511 598 556 dilatio
629 511 767 555 invisa
798 515 883 567 est,
915 510 1074 568 duplici
1105 524 1268 554 merore
1301 510 1478 554 ecclesia
1509 511 1671 555 turbari

98 589 225 648 cepit,
261 602 338 648 pro
368 589 570 645 languore
601 589 796 632 videlicet
826 589 1014 647 episcopi
1045 593 1087 634 et
1117 603 1194 646 pro
1226 589 1431 632 frustrato
1463 588 1670 633 desiderio

98 667 318 725 eipectate
348 666 686 711 consecrationis.
734 666 940 718 Quocirca
969 667 1178 711 orationes
1209 680 1292 710 non
1326 679 1467 710 cassas
1497 666 1672 709 mittunt

99 744 152 789 ad
191 743 445 800 Dominum,
494 745 605 788 vires
644 757 694 787 ac
733 745 958 788 sanitatem
997 744 1154 802 presuli
1196 744 1349 788 obnixe
1387 742 1664 800 postulantes.

97 821 230 878 Igitur
250 822 484 866 meridiano
514 825 718 878 tempore,
751 822 932 866 inlecto
964 822 1168 866 recubans
1201 825 1243 865 et
1272 820 1490 878 paululum
1517 834 1669 878 sopore

97 896 292 957 pressus,·
314 913 493 957 puerum
525 913 664 943 coram
698 914 743 943 se
774 914 850 956 per
881 914 1105 958 sompnum
1135 899 1348 942 ludentem
1379 902 1420 942 et
1441 898 1667 942 saltantem

96 977 213 1022 videt
235 978 478 1035 episcopm,
511 991 560 1021 ac
590 977 642 1021 de
672 977 836 1034 psalmo
860 992 1027 1021 versum
1050 977 1195 1021 crebro
1220 980 1482 1020 cantantem:
1517 977 1570 1019 In
1593 978 1668 1020 do-

96 1051 210 1099 mu‘m
229 1056 413 1099 Domini
441 1056 610 1099 letantes
631 1058 782 1098 ibimus
797 1052 819 1098 ¹.
865 1055 1200 1112 Expergefactus
1222 1068 1320 1099 vero
1353 1067 1474 1108 egros
1500 1054 1669 1109 quidem

98 1135 214 1177 artus
243 1133 374 1177 fortes
405 1133 568 1177 invenit
599 1136 641 1176 et
671 1136 856 1188 vegetOS,
889 1146 1040 1189 corpus
1071 1132 1198 1187 levat,
1230 1132 1360 1175 sentit
1390 1131 1572 1186 gratiam
1602 1145 1670 1175 sa·-

96 1210 243 1254 nitatis
280 1208 476 1255 redisse².
534 1209 823 1254 Cubicularios
863 1210 986 1265 citat,
1030 1209 1299 1254 interdictum
1341 1209 1669 1252 consecrationis

97 1291 247 1344 mutat,
285 1288 564 1346 proximaque
594 1288 675 1343 die,
708 1289 751 1331 in
782 1287 1011 1331 festivitate
1043 1287 1178 1330 sancti
1208 1286 1365 1342 Egidii,
1404 1286 1514 1330 sicut
1545 1290 1670 1330 antea

96 1361 307 1421 voluerat,
346 1366 391 1410 in
426 1379 581 1421 magna
612 1366 745 1409 tocius
778 1364 951 1408 ecclesie
982 1364 1118 1408 letitia
1149 1364 1456 1408 dedicationem
1488 1364 1666 1421 peragit,

96 1442 279 1487 Domino
311 1443 391 1487 sibi
423 1443 536 1487 vires
568 1443 918 1487 amministrante.

215 1521 288 1564 41.
333 1520 489 1565 Beatus
515 1521 628 1576 Otto,
661 1524 749 1564 tam
781 1519 927 1563 morbo
961 1533 1086 1576 quam
1121 1520 1236 1563 senio
1270 1519 1486 1562 exhaustis
1508 1519 1669 1562 viribus

96 1598 299 1655 corporis,
330 1599 375 1642 in
406 1599 496 1642 dies
528 1597 700 1642 dissolvi
731 1597 844 1654 cepit
874 1600 916 1640 et
946 1597 1089 1640 labore
1117 1595 1375 1640 infirmitatis
1398 1596 1594 1640 continue
1617 1596 1670 1639 ad

94 1674 286 1720 laborum
307 1674 443 1719 ‚finem
476 1675 661 1719 tendere.
710 1674 980 1730 ltaquecum
1014 1688 1127 1729 sese,
1159 1674 1297 1717 acrius
1329 1678 1548 1730 premente
1578 1674 1669 1717 lan-

95 1766 238 1809 guore,
269 1753 315 1796 in
345 1753 540 1810 proximo
573 1753 627 1796 ad
647 1752 874 1795 Dominum
909 1755 1099 1808 speraret
1130 1752 1425 1806 migraturum,
1457 1751 1561 1794 illud
1588 1751 1669 1795 sibi

96 1830 277 1874 amicum
310 1843 478 1887 semper
509 1843 557 1874 ac
588 1830 757 1873 solitum
792 1843 895 1886 opus
919 1829 1147 1873 elemosine
1168 1832 1285 1872 tanto
1308 1829 1524 1872 ardentius
1548 1842 1669 1872 exer-

95 1907 203 1963 cuit,
238 1911 393 1963 quanto
425 1907 487 1950 illi
518 1908 750 1962 constabat,
784 1907 894 1963 quod
926 1907 999 1950 diu
1030 1906 1134 1950 illud
1167 1920 1361 1950 exercere
1391 1921 1476 1950 non
1510 1910 1666 1963 posset.

95 1983 250 2029 Omnia
283 1985 414 2040 igitur
444 1985 556 2040 loca,
597 1999 742 2028 omnes
775 1985 920 2028 domos
953 1988 995 2028 et
1026 1987 1163 2028 curtes
1196 1985 1308 2028 circa
1338 1984 1460 2027 illum
1491 1984 1667 2041 positas,

94 2062 224 2106 immo
245 2066 377 2107 totam
394 2062 608 2106 civitatem
631 2062 866 2119 peregrinis
889 2064 930 2105 et
946 2062 1203 2118 pauperibus
1220 2061 1388 2118 repleri.
1412 2061 1588 2105 Videres
1606 2061 1667 2104 vi-

95 2139 272 2184 duarum
290 2143 333 2184 et
349 2139 632 2197 orphanorum
655 2139 781 2194 longa
802 2139 1011 2194 examina,
1035 2139 1279 2183 clericorum
1305 2142 1346 2182 et
1367 2138 1666 2182 monachorum

92 2216 343 2261 intrantium
375 2220 418 2261 et
448 2217 692 2261 exeuntium
723 2216 1059 2272 multitudinem,
1098 2217 1172 2273 pii,
1204 2219 1251 2259 ut
1282 2217 1343 2259 ita
1373 2216 1524 2271 dicam,
1557 2229 1668 2259 mer-

93 2294 262 2349 catoris,
283 2293 367 2337 iam
392 2293 508 2339 abire
528 2295 732 2351 parantis,
756 2294 1043 2338 sanctissimas
1065 2293 1277 2337 nundinas
1293 2293 1664 2349 frequentantium.

93 2370 201 2422 Quid
233 2371 344 2415 enim
376 2371 459 2415 nisi
489 2372 627 2414 forum
660 2384 825 2414 sacrum
858 2374 931 2414 aut
962 2372 1172 2415 nundinas
1205 2384 1346 2414 sacras
1369 2371 1562 2426 dixerim,
1594 2371 1666 2414 ubi

93 2448 271 2492 terrenis
308 2448 500 2503 celestia,
540 2448 842 2505 temporalibus
874 2452 1018 2492 eterna
1049 2448 1159 2492 bona
1189 2448 1517 2504 comparantur?
1565 2447 1598 2491 F
1601 2462 1666 2491 er-

93 2524 247 2569 vebant
278 2539 378 2569 sane
410 2526 523 2569 circa
551 2526 666 2569 illius
696 2526 850 2569 lectum
885 2525 963 2568 celi
995 2529 1188 2580 terreque
1220 2526 1394 2579 negocia
1424 2529 1590 2579 sancta3
1624 2529 1666 2569 et

92 2601 280 2657 Martha,
321 2616 488 2659 semper
528 2603 707 2646 sollicita
745 2605 787 2645 et
827 2602 898 2644 diu
937 2599 1130 2646 turbata3
1162 2602 1274 2646 circa
1306 2602 1440 2646 multa
1471 2606 1512 2646 et
1541 2603 1665 2645 innu-

91 2678 312 2723 merabilia
342 2679 618 2724 humanitatis
650 2679 800 2734 officia,
832 2692 910 2722 nec
932 2703 988 2708 ——
1020 2678 1222 2733 languida
1251 2679 1334 2722 iam
1368 2680 1578 2736 mortique
1601 2681 1664 2723 vi-

91 2756 186 2799 cina
217 2780 267 2786 -
305 2757 486 2800 cessavit
517 2757 569 2800 ab
601 2756 797 2813 operibus
830 2756 916 2799 suis
950 2755 1158 2812 plurimis,
1192 2760 1367 2813 propter
1398 2771 1527 2800 unum
1553 2757 1663 2812 quod

92 2833 251 2877 sciebat
281 2847 373 2877 esse
404 2831 725 2878 necessarium⁴.
849 2832 955 2876 Cum
977 2833 1198 2876 abbatibus
1220 2834 1330 2877 enim
1355 2837 1398 2878 et
1419 2835 1661 2891 prepositis,

91 2922 186 2953 cum
224 2911 566 2967 procuratoribus
603 2914 646 2954 et
676 2909 1036 2966 dispensatoribus
1068 2910 1154 2953 suis
1186 2910 1238 2955 de
1269 2911 1463 2955 omnibus
1495 2911 1662 2954 ordina-

186 2997 220 3033 1.
246 2995 464 3043 cf.1>s.121‚
481 2999 513 3034 1.
594 2999 628 3033 2.
656 2996 710 3033 Cf.
729 2996 917 3033 Eb0122.
1001 2998 1035 3032 3.
1061 2997 1150 3034 Luc.
1163 2999 1218 3044 10,
1232 2998 1290 3035 41.
1370 2999 1405 3035 4.
1430 2999 1659 3043 Lu0.10‚42.

1294 3062 1375 3100 474*

1704 366 1794 401 1121

1694 415 1770 452 Aug.
1783 415 1820 444 31

1694 1298 1777 1338 Sept.
1792 1301 1807 1329 1

1698 1529 1789 1564 1139
