2028 3438
400 246 485 289 712
762 258 999 290 Hannonm
1029 258 1269 290 DIALOGUS.
1318 259 1404 289 ΜΒ.
1427 260 1443 289 1
1473 257 1589 290 s-12

401 378 544 408 omnes
567 364 747 420 quidem,
780 365 853 408 sed
875 365 986 421 apud
1016 364 1110 407 illos
1143 338 1377 420 specialiuS,
1409 363 1559 420 quibus
1588 377 1673 408 non
1692 364 1950 422 magisvpaee-

401 454 491 484 esse
523 455 647 497 quam
678 442 875 497 prodesse
905 441 1144 497 incipiebat.

519 518 561 560 9.‘
607 518 751 573 Itaque
782 517 915 561 multa
945 518 983 560 ei
1015 531 1115 560 cura
1144 517 1242 559 fuit:
1284 517 1377 560 iura
1414 520 1456 560 et
1484 517 1690 560 instituta<
1707 500 1950 563 nossffiffma-
2022 505 2028 511 “

401 594 549 637 iorum.
610 594 667 637 Et
705 594 902 649 quicquid
937 594 1106 636 honoris
1139 593 1204 636 vel
1242 593 1510 636 emolumenti
1550 593 1674 637 alicui
1711 593 1853 637 ordini
1882 593 1951 643 ,vel

400 670 649 726 professioni
680 670 747 713 vel
778 671 903 713 etiam
937 670 1131 724 dignitati
1163 670 1302 712 debite
1333 669 1399 712 vel
1437 670 1619 724 gratuito
1650 669 1846 716 exhibere
1875 683 1951 727 po-

400 746 494 800 tuit,
526 760 738 801 nunquam
771 750 919 802 sponte
951 746 1219 802 pretermisit.
1271 746 1495 789 Actionum
1527 746 1790 803 synodalium
1816 747 1865 790 *et
1891 739 1952 790 le-

400 835 497 876 gum
539 823 857 878 provincialium
890 823 955 865 vel
996 823 1119 865 etiam
1161 822 1386 865 feodalium
1424 835 1644 878 processus
1684 826 1726 866 et
1756 823 1951 867 excessus

401 912 561 941 summe
592 900 779 952 cognitos
817 899 1008 943 habebat.
1055 899 1195 953 Atque
1234 899 1286 941 ad
1324 899 1672 955 depromendum,
1692 899 1952 954 ‘quodsen-

400 974 544 1029 tiebat,
589 976 706 1030 gravi
738 979 779 1018 et
808 979 928 1030 grata
959 979 1000 1019 et
1030 979 1177 1018 ornata
1207 975 1371 1018 dicendi
1401 975 1598 1018 facultate
1627 972 1819 1031 comptus
1849 979 1950 1021 erat.

523 1053 589 1094 10.
639 1051 757 1095 Unde
797 1052 895 1095 licet
934 1066 1016 1094 non
1055 1051 1340 1108 philosophice
1378 1065 1511 1107 neque
1549 1055 1634 1094 tam
1673 1051 1877 1108 profunde
1907 1052 1952 1094 in

400 1128 639 1171 litteratura
669 1132 779 1171 esset
809 1129 1068 1182 eruditionis,
1100 1132 1239 1171 tamen
1271 1129 1313 1170 in
1347 1128 1540 1184 populari
1572 1141 1763 1171 sermone
1784 1126 1838 1172 ad
1857 1142 1953 1172 eru-

402 1205 575 1267 diendos
620 1205 664 1247 in
704 1205 856 1247 divinis
901 1209 941 1248 et
980 1204 1270 1247 ecclesiasticis
1308 1205 1431 1247 rebus
1471 1204 1658 1247 homines
1695 1204 1826 1247 nichil
1858 1205 1953 1248 leius

402 1281 639 1338 eloquentia
677 1281 965 1338 prestabilius3
1006 1281 1115 1336 quod
1155 1281 1428 1324 admiratione
1469 1281 1746 1324 audientium?
1766 1285 1813 1324 et
1837 1280 1954 1331 edifi-

402 1359 564 1409 catione
596 1362 922 1414 conpunctorum
956 1362 997 1401 et
1034 1361 1206 1414 peccata
1245 1371 1320 1400 sua
1351 1357 1692 1413 deplangentium
1726 1372 1825 1416 sepe
1855 1372 1954 1402 con-

402 1439 486 1478 stat
517 1436 752 1491 probatum.
800 1435 908 1477 Huic
939 1435 1049 1477 enim
1081 1435 1133 1477 ab
1155 1435 1346 1477 omnibus
1369 1434 1433 1476 sui
1456 1435 1657 1490 temporis
1686 1434 1952 1491 pontificibus

400 1512 444 1554 in
477 1512 660 1555 docendo
692 1511 890 1567 populum
924 1511 1105 1553 naturali
1127 1524 1316 1554 sermone
1338 1511 1598 1567 principatus
1622 1511 1797 1555 minime
1825 1525 1952 1567 nega-

403 1589 544 1642 batur3
586 1589 702 1643 quia,
743 1589 921 1630 disertus
961 1591 1003 1630 et
1031 1588 1214 1630 naturali
1251 1588 1411 1644 pollens
1452 1587 1636 1642 eloquio,
1674 1602 1753 1631 usu
1792 1593 1846 1632 et>
1870 1590 1953 1633 fre-

403 1665 574 1720 quentia
603 1666 646 1707 in
679 1665 852 1707 dicendo
884 1664 1019 1706 facilis
1051 1668 1160 1716 erat3
1200 1665 1300 1719 quid
1331 1664 1443 1721 loc0,
1483 1664 1583 1719 quid
1618 1665 1822 1721 tempori,
1854 1666 1954 1721 quid

402 1741 592 1797 personis
625 1744 877 1796 conpeteret,
910 1740 1148 1783 observans.

451 1849 453 1852 -
525 1819 591 1860 11.
640 1817 722 1859 Sed
744 1818 841 1871 quia
871 1816 1003 1873 pluris
1025 1819 1088 1859 est
1110 1817 1213 1859 bene
1233 1816 1370 1859 facere
1391 1831 1515 1872 quam
1545 1817 1650 1860 bene
1675 1818 1825 1872 dicere,
1856 1817 1955 1862 licet

403 1894 623 1949 utrobique
644 1893 823 1936 valuerit
854 1897 895 1936 et
926 1897 1148 1948 utrumque
1179 1894 1408 1936 rectoribus
1431 1893 1699 1936 ecclesiarum
1720 1895 1953 1956 conveniat,

403 1975 543 2013 tamen
576 1970 820 2026 plerumque
841 1969 1044 2023 contingit
1073 1970 1117 2011 in
1150 1969 1279 2012 altero
1301 1969 1479 2025 aliquem
1506 1984 1596 2013 esse
1626 1971 1952 2027 propensiorem.

404 2047 523 2090 Unde
556 2047 607 2089 ad
638 2047 742 2089 bene
772 2046 1007 2088 faciendum
1040 2045 1187 2088 maluit
1218 2059 1308 2088 esse
1339 2046 1582 2102 proclivior3
1616 2051 1658 2090 et
1677 2047 1720 2089 in
1742 2061 1953 2103 eampar-

405 2128 489 2167 tem
521 2123 739 2177 bonitatis,
778 2136 857 2177 que
889 2136 940 2165 ex
970 2123 1083 2165 fonte
1116 2123 1176 2164 rei
1205 2122 1424 2164 familiaris
1457 2126 1624 2166 emanat
1652 2124 1696 2166 in
1726 2123 1953 2179 proximos,

407 2201 505 2256 quia
535 2200 656 2256 copia
687 2199 862 2252 sinebat,
896 2199 1077 2241 studium
1111 2197 1292 2252 infiexit3
1323 2199 1537 2254 multaque
1556 2200 1600 2241 in
1621 2203 1841 2255 presentes
1864 2213 1953 2243 ero-

406 2291 522 2331 gans,
556 2277 682 2319 etiam
711 2280 974 2332 posterorum
1006 2279 1047 2317 et
1078 2275 1310 2318 absentium
1333 2274 1398 2317 vel
1418 2276 1601 2318 nondum
1625 2280 1819 2319 natorum
1851 2276 1954 2320 obli-

406 2358 474 2395 tus
505 2366 588 2395 non
620 2356 694 2395 est.
742 2352 850 2394 Hinc
882 2356 946 2394 est
976 2351 1085 2406 quod
1115 2351 1199 2393 illis
1229 2351 1367 2404 rebuS,
1400 2365 1478 2406 que
1509 2352 1688 2407 posteris
1709 2353 1833 2395 etiam
1865 2366 1954 2395 ma-

406 2443 506 2472 nere
536 2433 718 2485 possent,
753 2429 931 2471 maiores
964 2432 1154 2483 sumptus
1186 2428 1401 2483 impendit,
1434 2432 1480 2471 ut
1511 2432 1608 2470 sunt
1634 2430 1756 2482 muri,
1789 2434 1952 2485 pontes,

408 2519 608 2561 aquarum
642 2506 802 2558 ductus,
835 2509 876 2547 et
907 2505 1102 2560 quicquid
1133 2504 1185 2546 ad
1217 2503 1439 2546 multorum
1462 2505 1506 2546 in
1526 2504 1695 2559 longum
1717 2509 1859 2561 posset
1878 2506 1953 2548 du-

405 2596 499 2625 rare
531 2582 868 2625 commoditatem
882 2580 903 2623 ¹.

529 2660 594 2700 12.
639 2658 696 2701 Et
730 2658 921 2714 primicie
952 2657 1118 2712 quidem
1161 2663 1330 2712 operum
1371 2656 1459 2698 eius
1491 2656 1665 2699 duorum
1704 2658 1784 2700 fuit
1821 2661 1953 2701 struc-

408 2739 502 2777 tura
541 2735 807 2777 cenobiorum
854 2735 896 2776 in
935 2733 1144 2789 episcopio
1183 2732 1486 2788 Herbipolensi.
1549 2732 1733 2783 Quorum
1778 2734 1952 2776 alterum

503 2856 534 2890 1.
571 2855 696 2890 Cicero
722 2855 777 2890 De
801 2855 862 2890 off.
887 2855 922 2889 II
947 2855 1002 2898 17,
1030 2855 1093 2889 60:
1129 2854 1277 2899 „Atque
1309 2853 1416 2888 etiam
1448 2854 1529 2889 illae
1560 2855 1745 2898 impensae
1777 2855 1952 2900 meliores,

410 2914 521 2958 muri,
546 2913 706 2957 navalia,
735 2916 878 2958 portus,
905 2923 1078 2957 aquarum
1105 2912 1251 2956 ductus,
1277 2911 1469 2956 omniaque
1494 2922 1587 2957 quae
1612 2913 1659 2948 ad
1683 2923 1789 2947 usum
1813 2913 1864 2947 rei
1887 2923 1952 2958 pu-

406 2972 522 3007 blicae
546 2971 764 3018 pertinent“.
