2028 3438
0 1281 6 1307 Ξ

0 1398 4 1417 ἰ

0 1579 6 1651 ἐ

642 227 862 260 nmmum
893 226 1064 259 comm
1112 225 1135 258 2
1497 262 1508 267 γ
1618 213 1674 258 19

388 344 706 382 Salutationes
737 344 1059 391 episcoporum
1091 342 1148 379 ad
1180 346 1378 389 papam⁸.

190 422 370 474 specialis
391 427 597 465 reverentie
620 427 718 474 patri
742 427 798 464 .N.
822 418 940 473 prime
966 426 1065 463 sedis
1090 425 1246 462 antistiti
1271 425 1347 471 .N.,
1371 423 1610 470 Moguntinus
1635 423 1674 460 id

96 491 197 538 qnod
221 495 280 530 est
303 485 374 529 Dei
395 493 526 540 gratia,
552 492 653 539 quod
674 492 772 540 patri
795 491 892 529 filius
917 492 1016 539 quod
1033 492 1197 538 praelato
1214 489 1416 527 subiectus.
1511 488 1673 536 Aposto-

94 557 166 594 lico
194 557 378 596 sacerdoti
401 561 441 595 et
463 558 661 595 universali
685 568 804 605 papae
831 558 887 595 .N.
913 558 1123 604 speculator
1145 556 1383 603 Moguntinae
1408 554 1587 591 ecclesiae
1611 554 1674 591 de-

91 621 211 660 bitam
245 625 289 660 nt
322 624 420 671 patri
449 624 692 661 reverentiam
725 627 763 660 et
793 626 1001 670 promptam
1033 626 1077 660 ut
1106 626 1210 659 tanto
1240 621 1381 668 pastori
1414 620 1672 657 obedientiam.

95 686 406 726 Reverentissimo
429 690 527 736 patri
542 692 581 726 et
597 689 831 726 sanctissimo
847 688 987 735 primae
1004 688 1102 725 sedis
1121 688 1277 724 antistiti
1293 686 1455 724 debitam
1471 689 1514 722 ut
1530 695 1674 722 summo

96 753 281 792 sacerdoti
310 753 576 792 subiectionem
607 758 646 792 et
677 755 842 791 sedulam
868 757 910 790 ut
934 757 1038 791 tauto
1062 753 1160 800 patri
1184 753 1430 790 devotionem.
1527 752 1673 788 Domno

87 817 309 858 ‘beatissimo
333 823 372 858 et
394 831 482 858 vere
507 821 699 868 apostolici
723 820 891 857 culminis
914 819 1053 856 honore
1074 819 1277 856 reverendo
1294 818 1419 855 debite
1435 817 1674 854 subiectionis

94 886 339 934 reverentiam
371 889 410 923 et
440 887 649 924 omnimode
674 886 862 923 servitutis
887 885 1136 932 obsequelam.
1232 884 1331 921 Patri
1354 886 1500 930 patrum
1527 886 1673 930 aposto·

87 950 166 989 ‘1100
189 955 228 989 et
250 952 451 989 universali
474 951 593 1001 papae
618 952 673 989 .N.
691 951 869 998 quidquid
893 950 989 987 filius
1013 951 1120 997 patri,
1145 949 1324 996 quidquid
1340 949 1531 986 menbrum
1549 949 1672 995 capiti,

94 1014 140 1054 id*
163 1017 264 1064 quod
293 1019 352 1055 est
374 1017 446 1055 Dei
477 1018 597 1065 gratia
621 1021 659 1054 et
683 1019 834 1054 sanctae
859 1017 1061 1063 apostolice
1087 1015 1186 1052 sedis
1211 1015 1469 1052 archidiacono
1494 1017 1533 1051 et
1557 1014 1672 1051 archi-

86 1079 311 1120 cancellario
342 1082 525 1120 salutemb
553 1087 592 1120 et
616 1083 821 1120 dilectionis
845 1083 1027 1128 integram
1052 1082 1258 1118 veritatem.
1355 1080 1506 1118 Summo
1532 1083 1571 1117 et
1593 1080 1673 1116 uni-

93 1145 229 1186 versali
258 1159 355 1196 pape
379 1148 504 1186 debite
529 1149 767 1186 subiectionis
792 1148 1037 1185 reverentiam
1063 1149 1102 1183 et
1126 1146 1334 1184 omnimode
1360 1146 1548 1183 servitutis
1573 1145 1673 1182 exhi-

93 1212 283 1269 bitionem.
304 1210 306 1213 ’
369 1213 507 1252 Sancto
531 1218 677 1262 patrum
702 1214 800 1261 patri
824 1217 863 1251 et
887 1224 1031 1250 summo
1055 1213 1266 1259 praesulum
1291 1213 1463 1258 praesuli.
1554 1212 1672 1249 Reve-

94 1280 303 1317 rentissimo
332 1280 429 1326 patri
461 1282 500 1317 et
531 1281 743 1317 sacerdocio
774 1280 891 1327 prime
924 1279 1030 1316 sedis·
1048 1279 1295 1325 apostolicae⁰
1319 1277 1473 1314 infulato
1498 1277 1672 1324 ,sedulam

94 1344 342 1383 benivolentie
377 1346 593 1382 servitutem
628 1349 666 1382 et
702 1345 864 1382 debitam
900 1344 1109 1382 obedientie
1146 1343 1425 1380 subiectionem.
1526 1343 1672 1380 Domno

94 1411 297 1459 venerabili
329 1412 369 1448 et
396 1409 495 1458 patri
524 1412 562 1448 in
587 1411 732 1448 Christo
764 1410 912 1447 amabili
939 1411 1014 1456 .N.,
1046 1410 1084 1446 id
1113 1409 1213 1455 quod
1237 1411 1295 1446 cst
1319 1409 1388 1446 Dei
1413 1409 1552 1455 gratia,
1586 1408 1672 1445 obe·

94 1475 232 1513 clientis
262 1476 528 1514 subiectionem
561 1479 600 1514 et
629 1477 794 1514 sedulam
828 1475 996 1522 obsequii
1021 1475 1265 1512 devotionem.
1361 1474 1672 1511 Reverentissimo

94 1534 352 1580 sacrosanctae
377 1543 602 1590 apostolicae
626 1542 725 1579 sedis
749 1542 987 1589 gubernatori
1013 1541 1068 1578 .N.
1095 1551 1178 1577 cum
1204 1540 1381 1587 singulari
1404 1540 1592 1576 servitutis
1609 1539 1671 1576 de—

93 1607 242 1645 votione
265 1608 411 1646 unicam
435 1601 474 1645 in
498 1608 668 1646 omnibus
694 1607 953 1645 obedientiam.
1050 1607 1197 1643 Domno
1222 1606 1443 1653 apostolico,
1475 1615 1671 1652 praeroga-

93 1673 172 1710 tiva
202 1674 415 1722 meritorum
448 1677 487 1711 et
517 1685 659 1711 morum
685 1674 881 1711 sanctitate
905 1674 1072 1709 Romane
1097 1672 1197 1723 sedis
1222 1673 1327 1718 apice
1353 1671 1535 1717 condigne
1560 1671 1672 1707 subli-

94 1742 206 1786 mato,
228 1738 365 1777 &Dei
388 1740 509 1787 gratia
524 1739 844 1786 Babenbergensis
869 1739 1008 1776 electus
1034 1748 1118 1774 cum
1143 1738 1243 1774 omni
1267 1737 1496 1774 subiectione
1521 1737 1671 1783 spiritus

94 1798 285 1855 orationes·
304 1804 563 1843 devotissimas
588 1809 627 1842 et
650 1805 846 1842 servicium
870 1808 947 1841 tam
972 1804 1218 1841 voluntarium
1244 1814 1355 1850 quam
1380 1802 1558 1839 debitum.

187 1871 289 1908 Patri
317 1880 362 1908 ac
391 1871 533 1918 pastori
563 1881 631 1908 suo
660 1882 771 1918 quam
802 1869 1003 1907 venerabili
1032 1873 1109 1906 tam
1143 1868 1377 1906 desiderabili
1410 1879 1499 1905 oves
1531 1878 1670 1915 pascue

94 1936 192 1984 eins,
218 1936 358 1973 scilicet
381 1937 501 1974 clerus
525 1940 564 1974 et
587 1938 756 1984 populus,
782 1946 889 1974 senes
914 1946 999 1972 cum
1024 1935 1239 1981 iunioribus,
1265 1935 1399 1971 divites
1424 1945 1509 1971 cum
1532 1944 1670 1981 paupe-

93 2002 206 2049 ribus,
230 2003 394 2039 unanimi
418 2002 614 2040 devotione
639 2003 786 2040 sedulas
811 2003 1008 2039 orationes.
1105 2001 1417 2038 Reverentissimo
1442 2001 1616 2047 episcopo
1633 2003 1671 2036 et

93 2067 132 2104 in
156 2067 292 2105 Christi
322 2068 484 2105 menbris
511 2069 622 2106 valde
645 2068 859 2105 honorando
882 2070 963 2104 tota
987 2066 1307 2113 Babenbergensis
1332 2066 1570 2113 congregatio
1596 2076 1670 2102 ser-

93 2133 224 2171 vitium
249 2121 332 2170 cum
356 2137 537 2180 perpetua
561 2135 767 2171 orationum
791 2133 979 2170 instantia.

97 2200 101 2203 ’
189 2199 234 2236 Ν.
251 2199 323 2236 Dei
343 2200 467 2250 gratia
489 2210 556 2236 rex
579 2199 863 2246 archiepiscopis
888 2202 926 2234 et
950 2198 1143 2245 episcopis,
1169 2197 1442 2235 marchionibus
1467 2200 1505 2233 et
1529 2196 1669 2233 comiti-

94 2264 166 2302 bus
195 2267 234 2302 et
265 2265 442 2312 cuiusque
474 2265 666 2312 dignitatis
690 2265 810 2302 ordini
832 2264 954 2301 bonae
979 2274 1069 2300 suae
1093 2264 1294 2300 voluntatis
1319 2264 1517 2309 gloriosam
1542 2262 1669 2309 digna-

94 2329 245 2369 tionem.
264 2363 274 2366 .,

138 2383 141 2387 ¹
187 2397 410 2434 Beatissimo
434 2396 582 2434 domino
608 2399 645 2433 et
670 2397 814 2433 sincera
838 2396 990 2433 caritate
1007 2394 1194 2441 diligendo
1211 2395 1260 2431 ill.
1274 2394 1452 2430 ecclesiae
1468 2392 1670 2430 venerabili

95 2463 269 2511 episcopo
299 2461 498 2500 fraternam
529 2462 760 2499 dilectionem
791 2463 829 2498 in
861 2471 925 2508 eo,
964 2461 1027 2506 qui
1058 2461 1158 2507 prior
1189 2460 1317 2496 dilexit
1347 2470 1416 2496 nos
1450 2462 1489 2496 et
1518 2458 1671 2495 tradidit

95 2532 214 2566 semet
235 2529 357 2576 ipsum
381 2539 448 2575 pro
471 2528 589 2575 nobis,
614 2529 698 2565 Iesu
723 2527 868 2564 Christo
893 2526 1040 2563 domino
1066 2529 1203 2562 nostro.
1300 2525 1453 2562 Dilectis
1469 2525 1508 2561 in
1525 2524 1669 2561 Christo

95 2594 253 2631 dominis
283 2598 322 2631 et
350 2593 524 2631 fratribus
556 2594 840 2640 archiepiscopis
866 2592 1049 2639 episcopis
1073 2590 1229 2628 ducibus
1254 2590 1525 2627 marchionibus
1558 2590 1669 2626 comi-

95 2659 196 2697 tibus
219 2659 447 2709 principibus
470 2660 614 2706 imperii
630 2659 797 2705 Romani,
822 2657 1023 2694 maioribus
1049 2661 1086 2693 et
1110 2656 1322 2703 minoribus,
1348 2656 1445 2692 clero
1470 2659 1509 2692 et
1531 2655 1668 2702 populo

96 2728 246 2762 sanctae
271 2726 448 2762 ecclesiae
473 2725 674 2762 cultoribus
699 2725 769 2770 .N.‚
794 2724 865 2760 Dei
890 2723 1010 2769 gratia
1024 2722 1062 2758 id
1079 2722 1177 2768 quod
1195 2726 1263 2769 est,
1287 2721 1486 2758 fraternam
1505 2721 1669 2757 dilectio-

87 2801 192 2842 ¹nem,
218 2790 379 2828 debitam
405 2791 619 2828 servitutem
645 2793 682 2827 et
702 2792 922 2840 >perpetuam
946 2789 983 2824 in
1008 2788 1165 2824 Domino
1191 2788 1358 2824 salutem.
1454 2787 1614 2823 Domino
1632 2789 1670 2822 et

94 2856 192 2905 patri
214 2856 425 2893 venerando
451 2867 534 2893 cum
557 2855 657 2893 fideli
682 2856 887 2892 orationum
912 2853 1088 2890 instantia
1114 2853 1169 2891 .N.
1196 2853 1438 2890 devotissima
1462 2863 1507 2889 ac
1524 2861 1671 2898 semper

95 2924 228 2968 parata
251 2922 417 2959 servicia.

190 3010 217 3032 a.
250 2999 306 3032 lwc
328 3000 438 3032 lemma
459 3011 515 3032 om.
535 3001 565 3031 V.
690 3000 720 3030 b.
754 3009 778 3030 s.
799 2999 830 3030 V.
955 3008 982 3029 c.
1015 3007 1072 3029 om.
1091 2998 1122 3029 V.

1330 3054 1385 3091 2*
