2028 3438
397 249 485 293 354
642 296 645 300 ,
848 301 850 303 ,
910 264 1131 295 UDAmer
1160 263 1444 297 oonnx.199
1479 292 1482 295 Α

232 390 323 424 1119
395 366 560 412 nensis¹
593 372 634 412 et
667 368 794 412 abbas
827 367 1149 425 Cluniacensis²⁷
1183 371 1315 414 acturi
1348 384 1439 413 cum
1474 384 1520 414 eo
1553 371 1604 414 de
1640 384 1771 428 pace
1768 373 1844 418 et
1839 384 1951 428 mn·

181 437 369 509 segss‘tfssn‘
396 445 538 489 cordia
568 446 678 489 inter
708 460 882 501 regnum
916 451 958 491 et
988 447 1281 491 sacerdotium
1631 481 1633 483 .
1659 480 1661 483 -
1751 455 1943 495 :minse-sxa?

514 523 554 566 A
587 523 736 579 quibus
767 537 861 567 cum
890 538 968 567 rex
999 525 1217 567 consilium
1245 528 1449 581 quereret,
1482 525 1700 580 quomodo
1719 525 1952 585 sinesdfflir

394 601 566 643 nutione
597 602 715 655 regni
747 602 811 644 sui
843 601 921 645 hoc
952 602 1101 657 exequi
1131 606 1295 658 posset,
1337 605 1554 658 assumpta
1582 601 1796 658 parabola·
1806 599 1949 658 stati,

392 678 611 734 respondit
642 679 883 735 episeopus:
919 679 972 723 Si
999 695 1141 722 veram
1167 694 1328 735 pacem,
1362 681 1510 722 domne
1528 694 1616 733 rem,
1642 680 1950 725 desidoeaah»

396 755 505 808 bere,
543 758 830 799 investituram
870 759 1183 813 episcopatuum
1214 765 1252 799 et
1282 757 1545 799 abbatiarum
1582 754 1852 800 onmimodis⁵
1883 758 1949 800 di-

393 835 554 875 mittere
583 841 620 875 te
651 842 821 890 oportet.
879 834 931 876 Ut
961 842 1095 876 autem
1125 836 1172 876 in
1203 834 1279 876 hoc
1298 836 1419 889 reyni
1437 836 1502 876 tui
1519 835 1687 876 nullam·
1705 835 1950 878 daniam

393 925 486 952 nem
513 926 594 967 pro
627 920 735 953 certo
764 919 914 962 teneas,
948 913 1071 953 scito:
1105 926 1178 963 me,
1211 913 1257 953 in
1277 926 1404 967 reqno
1424 911 1690 954 Francorum
1712 913 1951 969 episcopum

394 988 584 1040 electum,
624 1003 698 1030 nec
730 997 824 1030 ante
856 990 1202 1031 consecrationem
1232 995 1328 1030 nec⁰
1354 997 1454 1045 post
1490 990 1838 1031 consecrationem
1867 988 1949 1031 abi-

393 1066 498 1122 quid
527 1067 752 1121 suscepisse
783 1067 833 1107 de
862 1080 992 1107 manu
1021 1067 1131 1122 reqis
1141 1062 1166 1107 ⁴.
1222 1064 1300 1107 Cui
1333 1073 1469 1108 tamen
1501 1066 1551 1108 de
1582 1066 1756 1118 tributo,
1789 1066 1851 1109 ἅθ’
1868 1067 1948 1119 mi-

394 1143 506 1195 licia,
542 1144 592 1184 de
613 1143 796 1184 theloneo
819 1151 855 1185 et
876 1144 926 1185 de
948 1143 1150 1195 omnibus,
1178 1157 1255 1198 que
1276 1144 1334 1184 ad
1352 1157 1438 1184 rem
1458 1143 1671 1199 publicam
1683 1143 1951 1200 pertinebant

393 1221 623 1276 antiquitus
659 1221 732 1262 sed
762 1236 789 1261 a
823 1220 989 1276 reqibus
1029 1220 1267 1262 christianis
1306 1220 1496 1262 ecclesiae
1526 1220 1613 1262 Dei
1651 1221 1821 1263 donata-
1837 1227 1946 1272 sunt,

391 1300 452 1341 ita
475 1292 666 1353 fideliter
688 1298 886 1350 deservio,
920 1299 1027 1340 sicut
1056 1299 1101 1339 in
1133 1311 1258 1353 reqno
1291 1305 1359 1339 tuo
1393 1297 1470 1339 tibi
1490 1299 1678 1354 episcopi
1699 1298 1945 1360 deservitum,

394 1390 496 1432 quos
527 1376 606 1417 liuo
636 1389 766 1430 usque
795 1376 1049 1418 investiendo
1082 1375 1189 1416 lianc
1228 1375 1484 1416 discordiam
1513 1375 1640 1416 immo
1675 1367 1948 1418 anathematis

392 1454 634 1494 sententiam
664 1450 917 1494 incurristid.
1039 1451 1107 1493 Ad
1138 1450 1261 1493 haec⁰
1293 1464 1390 1505 reX,
1424 1450 1595 1493 elevatis
1626 1449 1949 1506 manibus‚>hoo

391 1542 639 1585 responsum
688 1527 826 1570 dedit:
873 1529 958 1570 Eia
1000 1528 1137 1583 inquit
1182 1530 1243 1570 sic
1274 1529 1368 1583 flat.
1435 1529 1536 1570 Non
1581 1542 1707 1584 quero
1751 1528 1945 1585 anvplius.

392 1606 508 1649 Tunc
540 1605 755 1648 subiunxit
791 1604 1032 1660 episcopus:
1075 1604 1128 1648 Si
1165 1607 1295 1661 iyitur
1334 1607 1598 1648 investituras
1638 1603 1842 1648 dimittere
1875 1619 1946 1648 vo-

392 1684 541 1733 lueris‚·
580 1692 618 1726 et
650 1683 928 1739 possessiones
969 1682 1232 1724 ecclesiarum
1271 1691 1308 1725 et
1346 1697 1507 1735 eorum,
1549 1684 1627 1739 qui
1634 1735 1637 1739 s
1660 1697 1740 1739 pro
1779 1673 1948 1727 ecclesia

392 1762 706 1812 laboraverunt,
747 1761 918 1801 reddere
927 1774 940 1808 ,·
983 1768 1020 1801 et
1049 1774 1189 1801 veram
1222 1774 1368 1816 pacem
1399 1762 1456 1802 eis
1487 1761 1611 1810 dare,·
1649 1760 1944 1812 laborabimus,

391 1839 484 1881 Deo
518 1838 758 1894 opitulante,
792 1837 888 1878 huic
919 1838 1172 1878 contentioni
1189 1837 1319 1890 finem
1350 1839 1573 1894 imponere.

484 1923 512 1944 8.
543 1923 599 1943 om.
613 1913 644 1944 V.
737 1913 766 1943 b.
799 1912 971 1942 omnimodo
986 1911 1020 1942 Z.
1117 1922 1143 1943 c.
1174 1921 1231 1942 nec
1251 1913 1322 1951 post
1337 1913 1595 1944 consecrationem
1615 1922 1672 1943 om.
1686 1911 1745 1943 VZ.
1839 1912 1870 1943 d.
1899 1912 1946 1943 in-

391 1966 528 1997 curristis
550 1966 581 1996 V.
653 2001 655 2003 ¹
706 1976 731 1996 e.
765 1965 823 1996 hoc
844 1965 901 1996 VZ.

390 2024 589 2070 praepositi
619 2023 653 2058 d.
677 2034 708 2058 a.
729 2024 821 2059 1118
853 2025 931 2069 (ap.
947 2023 1172 2059 Wiirdtwein
1196 2023 1218 2058 l.
1237 2023 1258 2058 1.
1271 2019 1340 2060 VII
1368 2024 1429 2069 19,
1462 2022 1678 2059 Grandidier
1701 2020 1821 2060 l.l.11
1841 2021 1945 2068 2315,

392 2083 479 2129 quin
503 2083 612 2118 etiam
646 2082 682 2117 in
707 2082 822 2127 ipsius
848 2082 1016 2117 Heinrici
1024 2082 1058 2118 V
1083 2082 1280 2128 diplomate
1306 2082 1340 2117 d.
1362 2093 1394 2118 a.
1414 2083 1506 2118 1119
1538 2084 1616 2128 (ap.
1630 2082 1857 2119 wurdtwein
1880 2083 1944 2119 1.1.

390 2142 461 2179 VII
478 2142 534 2187 30,
561 2141 777 2177 Grandidier
799 2142 822 2176 1.
842 2142 864 2176 l.
883 2141 918 2176 II
943 2141 1037 2184 234).
1075 2141 1249 2176 Eiusdem
1266 2151 1353 2176 vero
1379 2141 1586 2187 diplomatis
1610 2141 1715 2177 testis
1738 2132 1947 2187 perhibetur

392 2199 495 2237 Cuno
520 2201 713 2246 episcopus
740 2200 1035 2246 Argentinensis,
1065 2210 1172 2246 quem
1198 2201 1349 2245 scimus,
1377 2211 1481 2245 „cum
1507 2201 1545 2236 in
1568 2200 1743 2246 obsequio
1767 2201 1863 2248 regis
1889 2211 1945 2237 as-

391 2259 495 2295 sidue
526 2258 689 2304 fuisset“‚
722 2258 850 2294 eodem
875 2263 1037 2304 tempore
1063 2270 1134 2304 quo
1159 2258 1254 2294 hunc
1278 2259 1437 2294 libellum
1466 2257 1637 2296 formavit
1660 2260 1794 2306 Hesso,
1827 2260 1864 2296 id
1889 2263 1946 2296 est

393 2319 536 2365 „statim
560 2322 645 2364 post
660 2318 839 2353 Remense
864 2318 1066 2363 concilium,
1093 2318 1374 2353 misericordiam
1399 2318 1642 2362 postulavisse
1667 2323 1704 2354 et
1727 2330 1749 2355 8
1773 2319 1946 2355 cardinali

391 2380 516 2414 sancte
534 2378 695 2412 Romane
713 2377 864 2412 ecclesie
882 2376 1144 2412 absolutionem
1163 2377 1364 2422 recepisse“
1384 2378 1432 2419 (v.
1447 2376 1634 2413 Adelberti
1651 2378 1667 2413 I
1685 2378 1946 2425 archiepiscopi

390 2436 592 2481 Moguntini
623 2436 777 2481 epistola
806 2446 916 2481 supra
940 2435 982 2470 T.
1001 2435 1052 2470 IlI
1078 2446 1112 2481 p.
1132 2436 1233 2478 393).
1280 2434 1403 2480 Atque
1433 2436 1484 2470 ita
1508 2436 1722 2472 Hessonem'
1741 2436 1944 2474 scholarum

391 2496 605 2540 magistrum
630 2506 704 2530 una
729 2506 811 2530 eum
837 2494 1007 2540 episcopo
1028 2505 1093 2530 suo
1113 2494 1261 2530 Cunone
1279 2494 1325 2530 ab
1342 2495 1558 2540 imperatore
1575 2494 1752 2532 defecisse
1776 2498 1943 2542 patet.—

390 2554 590 2598 Principem
624 2553 704 2589 libri
736 2553 931 2589 editionem
958 2565 980 2589 a
1004 2554 1252 2599 Tengnagelio
1285 2564 1378 2589 anno
1405 2555 1497 2589 1612
1531 2554 1681 2597 (Vetera
1711 2557 1945 2591 monumenta

391 2616 517 2648 contra
547 2612 797 2648 schismaticos
829 2624 862 2657 p.
882 2613 1106 2655 329—338)
1136 2613 1322 2658 vulgatam
1355 2612 1569 2658 repetebant
1599 2613 1944 2650 a.1671'Labbeus

391 2670 631 2707 Sacrosancta
656 2672 807 2707 eoncilia
831 2672 865 2707 X
890 2672 1111 2717 872-8783
1138 2682 1169 2706 a.
1189 2672 1281 2707 1735
1305 2671 1341 2706 in
1363 2670 1523 2706 Gretseri
1547 2681 1631 2717 opp.
1646 2672 1698 2708 VI
1722 2672 1942 2719 550—5543

391 2740 423 2766 8.
443 2731 535 2766 1760
559 2729 766 2765 Hartzheim
794 2730 954 2766 Concilia
979 2730 1099 2766 Germ.
1118 2730 1170 2765 III
1194 2730 1413 2775 275-2783
1443 2741 1475 2764 a.
1495 2730 1586 2765 1776
1610 2730 1726 2766 Mansi
1751 2730 1943 2767 Sacrorum

390 2789 622 2824 conciliorum
654 2799 749 2824 nova
774 2789 853 2824 coll.
871 2789 960 2824 XXI
987 2789 1206 2832 244-2503
1238 2800 1269 2824 a.
1290 2789 1381 2824 1806
1406 2788 1503 2823 Brial
1535 2788 1572 2823 in
1596 2788 1745 2824 Recueil
1769 2789 1834 2825 des
1858 2788 1942 2825 hist.

389 2847 478 2883 XIV
503 2848 714 2882 200-204.
760 2847 811 2882 At
841 2848 1040 2884 novissima
1071 2847 1198 2892 editio,
1231 2847 1269 2882 in
1299 2847 1395 2882 Mon.
1418 2845 1539 2882 Germ.
1565 2846 1628 2882 SS.
1647 2847 1718 2883 XII
1740 2848 1942 2884 423-428

389 2909 544 2951 quatuor
569 2915 614 2941 ex
638 2905 823 2941 codicibus
848 2910 1067 2952 comparata,
1094 2906 1246 2942 debetur
1263 2904 1531 2942 Wattenbachii
1555 2915 1675 2942 curae.

486 2966 517 3000 1.
544 2964 744 3000 Willelmus
770 2964 830 3007 (de
857 2965 1076 3010 Campellis).
1188 2966 1221 3000 2.
1247 2964 1409 3000 Pontius.
1518 2964 1553 2999 3.
1583 2963 1637 3000 Cf.
1654 2964 1803 3001 Numeri
1826 2965 1883 3011 23,
1901 2965 1940 3001 7:

392 3026 673 3069 „assumptaque
697 3022 871 3068 parabola
896 3034 972 3069 sua,
999 3022 1125 3059 dixiff‘.
1245 3023 1279 3058 4.
1303 3021 1479 3058 Ludovici
1496 3021 1559 3058 VI.
