2028 3438
397 257 482 299 140
879 269 1098 300 UDALRICI
1127 267 1294 300 conux.
1342 267 1398 301 67.
1417 267 1462 300 68

222 385 358 421 1056—
393 387 538 418 rumve
556 374 813 418 decursibus
843 375 966 418 molis
997 375 1247 418 molendinis
1277 373 1578 432 piscationibus
1598 374 1779 418 exitibus
1811 377 1948 418 etro*-

216 432 307 468 1084
321 432 367 476 (‘?)
393 451 564 506 ditibus,
596 452 676 495 viis
709 455 751 495 et
779 451 919 506 inviis,
952 451 1125 507 quesitis
1157 455 1199 495 et
1228 451 1501 507 inquirendis,
1534 454 1576 495 et
1605 464 1699 495 cum
1723 451 1840 494 omni
1864 451 1948 495 u'ti-

161 512 163 514 *
392 528 532 583 litate,
573 542 651 584 que
682 528 766 571 ullo
797 528 921 571 modo
951 528 1048 572 inde
1080 529 1299 585 provenire
1330 528 1505 585 poterit,
1544 528 1589 571 in
1629 525 1846 585 proprium
1869 527 1948 572 de-

393 605 529 648 dimus
561 608 685 661 atque
716 605 1008 659 donavimus‘¹;
1050 619 1100 649 ea
1129 605 1322 649 videlicet
1351 605 1526 660 ratione,
1558 608 1604 648 ut
1634 603 1875 662 praedictus
1892 603 1945 647 H.

391 681 569 726 liberam
608 682 658 725 de
695 682 884 738 praefato
924 679 1096 738 praedio
1136 681 1215 725 sibi
1247 695 1272 724 a
1301 681 1421 724 nobis
1452 681 1607 725 tradito
1646 681 1796 725 dehinc
1830 679 1948 738 pote-

393 762 543 802 statem
581 758 752 814 habeat,
791 758 949 802 scilicet
978 762 1120 802 tenere
1151 758 1317 802 tradere
1346 758 1526 803 vendere
1559 755 1830 802 commutare
1851 771 1947 814 pre·-

393 836 553 879 cariare
583 835 650 879 vel
681 835 876 891 quicquid
898 835 978 878 sibi
998 835 1096 878 inde
1116 835 1320 891 placuerit
1337 836 1486 878 facere.
1533 835 1591 878 Et
1610 838 1658 878 ut
1683 835 1760 878 hec
1778 836 1948 878 nostrae

392 913 635 956 tradicionis
666 912 819 966 regalis
852 912 1077 955 auctoritas
1108 925 1218 955 nunc
1249 916 1290 955 et
1319 926 1395 968 per
1427 912 1691 955 succedentia
1712 910 1947 968 temporum

393 989 599 1033 curricula
636 989 798 1032 stabilis
837 992 878 1032 et
914 989 1158 1032 inconvulsa
1187 992 1449 1045 permaneat,
1486 989 1595 1032 hanc
1623 989 1820 1046 paginam
1850 987 1947 1032 inde

393 1067 674 1123 conscriptam
705 1079 832 1108 manu
862 1066 1048 1122 propria,
1080 1069 1127 1108 ut
1156 1066 1266 1109 infra
1297 1066 1480 1121 videtur,
1517 1065 1875 1110 corroboravimus
1905 1068 1947 1109 et

393 1142 521 1198 sigilli
550 1143 684 1186 nostri
713 1143 988 1199 impressione
1018 1143 1215 1186 iussimus
1245 1143 1451 1197 insigniri.

395 1284 475 1331 68.
509 1283 735 1327 Heinricus
757 1284 831 1327 IV
854 1299 928 1327 γεω
951 1284 1004 1327 R.
1028 1286 1224 1327 servienti
1252 1300 1326 1327 suo
1359 1294 1539 1341 quatuor
1568 1299 1734 1328 mansos
1764 1299 1849 1329 non
1878 1299 1945 1328 re-

508 1362 624 1419 qales
655 1360 836 1404 tribuitb.
1770 1361 1821 1414 (E
1845 1361 1945 1414 104)

169 1455 371 1491 1077-1084
510 1449 558 1492 ln
588 1451 757 1492 nomine
788 1452 956 1492 sanctae
988 1452 1030 1492 et
1061 1449 1300 1493 individuae
1332 1450 1546 1493 trinitatis.
1599 1449 1852 1504 H(einricus)
1884 1449 1946 1493 di-

391 1527 491 1570 vina
519 1527 686 1570 favente
717 1526 938 1569 clementia
967 1540 1054 1569 rex.
1103 1526 1304 1570 Omnibus
1326 1526 1480 1570 Christi
1511 1527 1726 1582 nostrique
1753 1524 1946 1571 fidelibus

390 1609 477 1647 tam
508 1604 660 1646 futuris
692 1617 817 1658 quam
849 1603 1139 1659 praesentibus
1160 1607 1304 1646 notum
1326 1618 1417 1647 esse
1439 1604 1640 1659 volumus,
1673 1603 1851 1660 qualiter
1870 1617 1945 1647 nos

392 1681 444 1724 ob
474 1681 753 1724 interventum
777 1679 988 1733 B(erthae)
1021 1681 1137 1734 regni
1170 1684 1211 1723 et
1240 1681 1351 1723 thori
1382 1681 1531 1736 sociae,
1562 1680 1783 1735 H(einrici)
1814 1680 1945 1738 patri—

391 1757 540 1801 archae
554 1755 576 1812 ¹,
621 1747 862 1813 R(uperti)⁵⁶“
890 1756 1268 1812 BabenbergensiS,
1314 1743 1531 1812 6(dalrici)
1570 1757 1819 1801 Eistetensis
1855 1757 1944 1814 'epi-

390 1848 611 1891 scoporum
650 1838 966 1889 ceterorumque
1001 1833 1185 1876 fidelium
1225 1835 1489 1877 nostrorum·i
1535 1835 1700 1878 cuidam
1748 1834 1945 1878 servienti

389 1914 532 1954 nostro
563 1910 611 1953 R.
634 1911 815 1966 nomine,
847 1911 972 1953 militi
1003 1911 1217 1966 laudabili,
1251 1915 1428 1967 quatuor
1448 1925 1531 1954 non
1552 1911 1713 1967 regales
1733 1897 1942 1967 mansus⁶,

390 2001 492 2044 quos
529 1988 639 2031 idem
680 1988 725 2030 in
756 1987 1001 2031 beneficium
1034 1988 1199 2043 habuit,
1239 1989 1283 2031 in
1323 1989 1539 2045 proprium
1570 1988 1772 2032 tradendo
1802 1988 1943 2032 firma-

390 2065 539 2120 vimus,
570 2064 773 2108 firmando
807 2065 1069 2120 tradidimus,
1103 2065 1204 2107 sitos
1235 2066 1280 2107 in
1306 2065 1405 2108 villa
1434 2065 1485 2108 N.
1507 2066 1552 2108 in
1573 2066 1772 2109 comitatu
1800 2065 1851 2109 N.
1875 2079 1944 2109 co-

387 2142 516 2198 mitis,
550 2155 643 2184 cum
675 2142 866 2185 omnibus
898 2142 1177 2198 appendiciis,
1217 2142 1293 2185 hoc
1331 2145 1394 2186 est
1423 2143 1639 2198 utriusque
1670 2156 1794 2186 sexus
1826 2154 1942 2186 man-

387 2219 509 2275 cipiis
549 2218 677 2261 areis‘
718 2218 917 2262 aedificiis
964 2219 1096 2275 pratis
1135 2220 1299 2276 pascuis
1337 2220 1461 2263 terris
1507 2219 1629 2263 cultis
1675 2223 1717 2263 et
1759 2219 1941 2275 incultis,

388 2295 465 2338 viis
504 2299 545 2338 et
575 2296 722 2351 inviis,
764 2296 879 2339 silvis
922 2295 1209 2339 venationibus
1246 2296 1363 2351 aquis
1400 2310 1655 2351 aquarumve
1686 2297 1941 2353 decursibus,

387 2372 508 2415 molis
539 2372 790 2416 molendinis
821 2373 1120 2429 piscationibus
1153 2372 1333 2415 exitibus
1366 2376 1407 2416 et
1435 2373 1658 2429 reditibus,
1698 2374 1869 2429 quesitis
1902 2377 1943 2418 et

386 2431 645 2504 inquirendis
685 2463 732 2492 ac
771 2463 865 2492 cum
897 2450 1010 2492 omni
1041 2449 1242 2504 utilitate,
1283 2463 1362 2505 que
1394 2450 1477 2493 ullo
1509 2450 1631 2493 modo
1667 2450 1763 2493 inde
1793 2464 1941 2507 prove-

386 2526 476 2569 nire
497 2527 664 2582 poterit.
713 2526 915 2570 Dedimus
938 2530 1077 2569 autem
1099 2526 1246 2569 devote
1266 2526 1309 2569 in
1329 2526 1626 2570 hereditariam
1642 2527 1941 2584 proprietatem

386 2602 470 2646 tale
501 2603 718 2659 praedium
750 2604 884 2647 eidem
916 2607 1058 2646 nostro
1091 2603 1302 2658 servienti,
1335 2604 1432 2659 quia
1454 2604 1573 2647 nobis
1596 2607 1815 2661 pergratus
1837 2607 1939 2660 erat,

387 2682 532 2735 utpote
554 2680 616 2722 vir
637 2679 784 2735 fidelis,
818 2680 936 2724 miles
959 2676 1196 2735 strennuus,
1228 2680 1316 2724 dies
1348 2683 1389 2724 et
1418 2685 1559 2724 noctes
1592 2681 1643 2724 ad
1668 2696 1789 2725 omne
1810 2683 1940 2725 servi-

340 2768 348 2778 ’
386 2756 493 2799 tium
530 2759 718 2798 nostrum
758 2761 977 2813 promptus
1020 2761 1061 2801 et
1090 2761 1275 2814 paratus.
1330 2757 1387 2800 Et
1425 2761 1471 2800 ut
1508 2758 1583 2802 hec
1604 2751 1787 2802 'tradicio
1818 2759 1940 2802 firma

479 2882 506 2903 a.
538 2874 717 2903 tradidimus
740 2874 772 2903 Z.
908 2875 937 2904 b.
969 2885 1006 2905 ex
1029 2876 1055 2905 V
1073 2876 1249 2911 40v—41‚
1278 2875 1307 2905 Ζ
1325 2876 1453 2914 p.16‘2‚
1487 2874 1518 2906 0.
1648 2885 1673 2906 c.
1705 2876 1742 2907 H.
1761 2877 1824 2913 VZ,
1852 2877 1888 2907 R.
1908 2876 1938 2908 0.

389 2926 419 2956 d.
452 2926 498 2956 .N.
516 2925 600 2956 VZC.
705 2936 730 2956 e.
763 2936 883 2957 mansos
910 2927 941 2957 C'.
1046 2928 1066 2957 f.
1099 2929 1177 2958 areis
1196 2944 1226 2948 —
1246 2928 1432 2967 inquirendis
1454 2938 1509 2958 om.
1529 2928 1559 2959 0.

483 2996 514 3030 1.
542 2995 794 3040 Aquileiensis,
823 2997 963 3031 1077—-
978 2997 1076 3032 1084.
