2028 3438
243 373 334 409 1007

231 421 301 452 Mai.
312 422 350 452 27

373 246 431 289 26
908 256 1129 288 nmmum
1158 256 1326 289 oonnx.
1374 255 1396 288 6

376 363 636 420 disponimus
684 377 733 407 ac
751 387 754 389 Δ
775 363 1117 420 praedecessores
1159 365 1327 406 nostros
1373 362 1623 419 equiparare
1665 362 1744 407 hac
1787 362 1834 410 in
1878 376 1926 408 re

375 440 559 484 maxime
590 440 843 496 satagimus.¹
884 440 1004 484 Unde
1034 439 1225 483 fidelibus
1254 440 1409 483 nostris
1441 439 1672 495 quibusque
1707 452 1784 496 per
1817 438 1927 486 hanc

375 517 580 561 cartulam
610 521 774 574 pateat,
812 519 962 573 rogatu
999 520 1041 561 et
1077 517 1315 560 interventu
1350 515 1570 572 willigisi·
1608 515 1926 573 archiopiseopi,

377 608 476 649 erga
504 597 692 638 nostram
723 594 968 638 fidelitatem
998 607 1100 651 prae
1131 593 1323 637 omnibus
1350 592 1529 638 fideliter
1559 593 1755 648 extantis,
1784 593 1928 638 omnia

373 684 520 726 regum
552 676 594 715 et
622 672 926 728 imperatorum
957 670 1154 715 ecclesiae
1175 683 1276 714 suae
1297 670 1640 728 archiepiscopali
1656 669 1928 725 Mogentiana

375 748 475 791 data
503 749 660 792 tradita
698 752 741 791 et
771 761 968 791 concessa
996 736 1073 791 nos
1108 760 1224 790 more
1262 747 1378 801 regio
1407 747 1562 790 iterum
1590 747 1824 792 roborando
1853 746 1927 793 de-

375 825 486 868 disse
525 829 567 869 et
603 824 842 868 firmissime
867 824 1152 883 concessisse:
1192 824 1469 879 monasteria,
1511 823 1700 868 abbatias
1738 827 1827 869 tam
1856 836 1927 870 ea-

373 902 546 945 nonicas
578 915 703 957 quam
733 902 1010 957 monachicas,
1042 904 1168 956 atque
1200 900 1303 944 alias
1333 901 1434 944 sitas
1463 900 1701 957 ubicunque
1729 900 1927 946 eeclesias

374 990 468 1021 cum
507 992 652 1022 earum
689 979 966 1034 utilitatibus,
1003 981 1192 1021 monetas
1223 990 1318 1021 cum
1348 977 1552 1024 theloneis
1582 978 1767 1033 integre,
1804 977 1927 1023 villas

375 1055 502 1098 etiam
539 1055 585 1098 in
610 1068 868 1111 quacunque
905 1055 1075 1110 regione
1113 1055 1237 1110 sitas,
1281 1054 1415 1099 eidem
1453 1054 1799 1111 metropolitanae
1835 1054 1927 1100 sedi

375 1132 703 1188 appertinentes,
737 1132 904 1176 colonos
934 1132 1088 1176 liberos
1121 1144 1169 1175 ao
1188 1145 1330 1175 servos
1363 1131 1548 1175 eiusdem
1572 1132 1794 1188 potestatis
1824 1144 1927 1188 qua-

374 1222 536 1265 cunque
565 1212 774 1253 terrarum
806 1212 928 1266 parte
957 1208 1216 1264 habitantes,
1248 1221 1344 1251 cum
1375 1208 1567 1252 omnibus
1595 1208 1720 1253 rebus
1751 1221 1800 1252 ac
1829 1222 1928 1266 pos·

374 1287 629 1330 sessionibus
658 1287 759 1330 illuc
789 1287 880 1330 iure
899 1286 1171 1342 legaliterque
1201 1285 1534 1342 respicientibus.
1579 1285 1649 1330 Ad
1677 1285 1781 1331 haec
1810 1288 1927 1337 ante-

373 1376 584 1407 cessorum
616 1367 856 1408 nostrorum
875 1364 945 1421 pio
967 1376 1164 1407 concessa
1184 1361 1467 1406 confirmando
1495 1362 1700 1418 iubemus,
1731 1363 1926 1419 quatinus

373 1440 513 1484 nullus
550 1441 678 1485 iudex
709 1453 847 1485 comes
880 1441 1103 1484 advocatus
1138 1439 1205 1483 vel
1242 1439 1348 1482 alius
1386 1439 1563 1495 quilibet
1594 1439 1822 1485 iudicariae
1852 1452 1928 1497 po·—

373 1517 538 1561 testatis
570 1519 659 1562 sine
679 1518 850 1562 licentia
871 1517 1174 1574 archiepiscopi
1194 1514 1429 1570 Moguntini
1450 1530 1523 1560 seu
1550 1529 1720 1560 suorum
1751 1516 1927 1561 alicuius

375 1594 570 1638 ecclesias
602 1595 844 1651 parrochias
876 1594 1045 1638 cellulas
1077 1607 1199 1648 agros
1231 1593 1319 1636 sive
1349 1593 1531 1649 reliquas
1558 1594 1842 1650 possessiones
1861 1594 1927 1638 in-

373 1671 526 1715 vadere
555 1675 811 1728 praesumat,
843 1672 910 1715 vel
941 1671 1027 1731 suis
1059 1671 1280 1714 cuiuslibet
1308 1683 1512 1727 personae
1540 1669 1713 1714 familiis
1743 1670 1927 1726 aliquam

373 1748 621 1791 iniuriarum
653 1748 887 1792 molestiam
919 1736 1074 1792 inferre
1105 1748 1268 1791 audeat.
1317 1746 1363 1791 Si
1393 1747 1492 1803 quid
1527 1749 1668 1791 autem
1697 1747 1740 1790 in
1773 1760 1843 1791 eos
1873 1747 1926 1792 ab

375 1824 514 1880 aliquo
545 1826 750 1881 exigatur,
783 1839 923 1869 eoram
955 1825 1266 1881 archiepiscopo
1297 1824 1364 1868 vel
1394 1824 1594 1867 advocato
1625 1837 1701 1868 suo
1729 1826 1804 1869 aut
1833 1823 1926 1868 aliis

374 1902 733 1958 ministerialibus,
764 1906 889 1959 prout
909 1915 976 1946 res
997 1902 1137 1956 fuerit,
1158 1901 1397 1958 incipiatur,
1429 1905 1472 1945 et
1495 1901 1809 1945 determinando
1828 1914 1926 1958 pro-

374 1979 599 2033 grediendo
640 1980 693 2023 ad
729 1979 856 2023 finem
886 1993 1017 2035 usque
1050 1981 1278 2035 peroretur.
1326 1978 1501 2035 Insuper
1538 1978 1584 2022 in
1620 1978 1813 2023 omnibus
1850 1978 1925 2024 abs

375 2055 560 2111 quolibet
591 2057 726 2100 eidem
758 2057 847 2100 sedi
876 2056 1220 2112 archiepiscopali
1240 2056 1326 2099 iam
1358 2055 1569 2100 attributis
1599 2054 1667 2099 vel
1696 2055 1831 2099 adhuc
1849 2055 1926 2099 tri-

373 2132 549 2176 buendis
582 2134 823 2177 emunitatis
844 2133 909 2176 ius
931 2134 1280 2190 archiepiscopus,
1313 2133 1385 2189 qui
1401 2133 1560 2190 praesit
1578 2131 1646 2176 vel
1665 2133 1815 2188 quibus
1834 2133 1926 2189 ipse

374 2211 640 2266 concesserit,
663 2211 914 2267 potestative
935 2210 1118 2254 habeant
1139 2214 1181 2254 et
1200 2211 1459 2267 possideant3
1483 2212 1524 2253 et
1545 2209 1623 2264 sui,
1645 2209 1925 2266 cuiuscunque

374 2287 628 2330 condicionis
661 2288 758 2343 sint,
791 2301 938 2331 causas
970 2301 1067 2331 suas
1100 2287 1246 2331 alienis
1278 2286 1504 2330 audiendas
1534 2299 1619 2329 non
1650 2287 1770 2340 dent3
1805 2286 1926 2330 freda

374 2376 448 2406 seu
486 2363 680 2408 thelonea
718 2378 802 2408 non
842 2365 931 2408 sine
963 2378 1038 2408 suo
1078 2365 1277 2408 advocato
1317 2364 1368 2407 ab
1401 2363 1540 2418 aliquo
1571 2362 1814 2419 exigantur,
1853 2366 1926 2407 aut

373 2440 610 2484 mansiones
643 2445 714 2484 aut
755 2442 918 2497 aliquae
948 2441 1217 2485 redibitiones
1252 2440 1424 2484 illicitae
1459 2440 1738 2496 requirantur.
1790 2440 1847 2484 Et
1877 2444 1926 2485 ut

373 2516 500 2559 tuicio
537 2517 651 2560 illius
691 2519 954 2573 emunitatis,
990 2518 1229 2561 traditionis
1242 2551 1254 2573 ,
1292 2517 1359 2560 vel
1388 2518 1533 2574 pocius
1563 2517 1845 2561 renovationis
1876 2531 1925 2562 ac

372 2592 549 2636 iteratae
580 2593 906 2638 confirmationis
929 2596 1154 2638 auctoritas
1183 2598 1278 2638 rata
1306 2593 1427 2637 firma
1448 2594 1692 2649 stabilisque
1713 2595 1922 2651 perpetim

373 2673 542 2713 maneat
573 2683 622 2714 ac
653 2671 872 2726 diligenter
904 2673 1123 2716 observata
1152 2673 1197 2715 in
1226 2674 1439 2728 posterum
1470 2673 1651 2726 constet,
1690 2671 1769 2714 hoc
1803 2684 1924 2727 prae-

373 2749 555 2803 ceptum,
587 2747 704 2790 iussu
733 2751 876 2792 nostro
908 2749 1135 2792 secundum
1156 2748 1389 2792 consultum
1411 2748 1671 2804 quorundam
1691 2748 1923 2804 primorum

373 2826 612 2867 nostrorum
644 2826 933 2869 auctoritative
965 2826 1246 2882 conscriptum
1276 2828 1500 2881 nostroque
1531 2825 1667 2880 sigillo
1698 2824 1921 2879 signatum,

375 2914 503 2944 manu
541 2904 687 2945 nostra
724 2901 868 2945 subtus
905 2901 1116 2946 firmatum
1147 2901 1447 2945 roboravimus.
1499 2901 1610 2945 Data
1646 2914 1754 2944 anno
1790 2900 1922 2944 domi-

464 3003 491 3024 a.
522 2994 559 3025 N.
577 2995 607 3026 V.
