2028 3438
394 232 480 277 146
913 245 1133 279 UDALRIOI
1162 245 1330 278 oonnx.
1377 244 1423 280 '13

275 359 366 394 1089
389 351 610 405 negocium
638 350 745 395 illud
774 351 898 395 radix
937 355 978 396 et
1008 352 1124 407 origo
1160 355 1393 397 ceterorum
1422 352 1680 408 flagiciorum
1711 352 1943 409 videbam

390 426 567 484 placuit:
608 427 660 471 de
700 434 771 472 eo⁶
808 428 992 484 primum
1029 430 1202 473 tractari
1242 429 1391 473 debere
1430 433 1492 485 et,
1535 442 1660 486 quam
1681 429 1874 487 pessima
1894 432 1946 476 et

392 503 541 560 quamb
571 504 806 561 periculosa
827 505 883 548 sit
902 505 1141 549 huiusmodi
1162 505 1410 562 adhortatio,
1443 506 1618 549 ostendi.
1663 505 1783 551 Unde
1801 506 1846 550 in
1864 506 1946 551 im-

390 584 627 638 peratorem
640 579 651 599 ¹
682 583 1153 627 excommunicationem
1173 579 1176 582 ’
1191 582 1497 640 promulgatam
1536 583 1789 627 necessariisx
1807 575 1945 627 ..uotiui-

389 659 543 703 mentis
579 655 930 716 improbaVimusg
972 661 1071 716 quia
1091 655 1221 703 'illius
1258 673 1311 703 ex
1349 660 1564 704 occasione
1593 657 1874 718 periuriorum
1904 663 1947 704 et

391 736 579 780 omnium
618 736 895 780 assertionum
935 750 1106 780 suarum
1137 737 1246 780 vires
1277 738 1535 781 contraxisse
1564 737 1824 782 videbantur.
1876 735 1947 780 Ad

392 813 719 857 convincendam
757 813 899 869 itaque
937 827 1078 857 eorum
1118 814 1396 858 temeritatem
1435 828 1528 858 cum
1565 814 1863 872 plurimam
1893 827 1947 858 ex

392 890 523 934 sacris
569 889 798 934 canonibus
843 904 968 946 quam
1014 891 1141 935 etiam
1187 905 1239 935 ex
1277 892 1500 936 mundanis
1546 891 1708 947 legibus
1752 891 1947 949 exempla

391 970 676 1023 occurrerent,
713 967 789 1012 illa
824 970 1013 1011 tantum⁰
1052 969 1104 1012 ad
1136 968 1339 1012 auxilium
1355 1017 1358 1020 ⁴
1377 972 1567 1012 nostrum
1601 968 1791 1013 sufficere
1820 969 1946 1013 deeu—

391 1047 534 1088 menta
569 1045 661 1088 visa
698 1047 816 1099 sunt3
857 1045 1033 1088 scilicet:
1073 1045 1183 1101 quod
1213 1045 1259 1088 in
1289 1058 1378 1101 eos,
1417 1046 1487 1101 qui
1517 1059 1601 1089 non
1633 1049 1731 1090 sunt
1759 1046 1946 1102 legitime

391 1121 530 1166 vocati
566 1125 608 1165 et
642 1121 948 1165 rationabiliter
986 1122 1179 1165 convicti·
1203 1123 1356 1179 quique
1395 1122 1514 1166 bonis
1553 1123 1640 1166 suis
1679 1127 1796 1168 sunt·
1817 1137 1947 1181 expo-

391 1198 497 1254 liati,
530 1199 738 1242 sententia
775 1199 1086 1255 dampnationis
1123 1213 1207 1243 non
1237 1200 1294 1243 sit
1322 1199 1591 1257 proferenda3
1630 1200 1811 1245 Niceno‘¹
1840 1213 1947 1245 >‹zon-

393 1275 488 1320 eilio
527 1276 805 1332 approbante:
846 1277 1012 1320 Incerta
1049 1292 1166 1320 nemo
1192 1279 1440 1335 pontificum
1467 1279 1657 1321 iudicare
1680 1287 1947 1336 praesumam

394 1356 516 1411 quia,
557 1356 747 1411 quamvis
783 1369 882 1397 vera
923 1356 1020 1407 sint,
1053 1370 1138 1398 non
1168 1364 1305 1399 tamen
1336 1356 1540 1398 credenda
1569 1364 1686 1409 eunt,
1725 1356 1813 1400 nisi
1841 1369 1948 1414 quae

392 1431 626 1486 manffestis
664 1433 835 1474 indiciis
874 1433 1216 1489 comprobantur,
1264 1435 1352 1475 nisi
1391 1447 1498 1489 quae
1531 1434 1753 1490 manifesto
1789 1434 1947 1477 iudicio

394 1509 707 1562 convincuntur,
730 1510 817 1551 nisi
836 1523 915 1565 que
934 1511 1183 1552 iudiciario⁰
1200 1511 1346 1552 ordine
1362 1507 1668 1567 publicantur-².
1710 1509 1759 1553 In
1780 1510 1945 1554 eudemi

394 1583 575 1629 Caveant
602 1587 760 1629 iudices
792 1586 996 1639 ecclesiae,
1034 1602 1087 1629 ne
1116 1587 1280 1629 absente
1309 1602 1369 1640 eo,
1405 1590 1521 1630 cuius
1552 1602 1679 1630 eausa
1708 1588 1945 1642 ventilatur,

393 1665 642 1706 sentenciam
669 1663 911 1720 proferant,·
945 1666 1044 1720 quia
1074 1666 1199 1707 irrita
1221 1660 1331 1707 erist.
1378 1663 1426 1706 In
1448 1664 1615 1708 eodem:
1646 1665 1749 1708 Non
1769 1673 1829 1708 est
1853 1667 1947 1723 pri-

393 1740 612 1797 vileyium,
654 1754 735 1796 quo
767 1741 948 1796 spoliari
968 1742 1107 1797 possit
1135 1743 1222 1783 iam
1251 1742 1444 1784 nudatus.
1491 1740 1597 1785 Item
1626 1740 1773 1785 beatus
1803 1740 1948 1797 Augu-

395 1817 529 1860 stinus
560 1815 724 1873 plenius
753 1816 800 1859 in
819 1816 926 1860 libro
957 1817 1219 1873 penitentiali
1239 1820 1423 1861 tractans
1450 1818 1512 1861 ita
1536 1818 1647 1862 inter
1667 1818 1807 1862 cetera
1825 1818 1946 1862 dicit:

394 1893 487 1937 Nos
509 1910 535 1936 a
555 1895 840 1937 communione
861 1909 1108 1951 quemquam
1133 1896 1356 1952 prohibere
1384 1911 1468 1939 non
1496 1911 1732 1953 possumus,
1764 1898 1852 1940 nisi
1875 1904 1950 1940 aut

396 1980 540 2028 sponte
577 1971 810 2027 confessum
848 1981 922 2015 aut
957 1973 1003 2014 z'n
1041 1973 1184 2029 aliquo
1225 1975 1310 2015 sive
1339 1974 1520 2016 seculari
1555 1976 1640 2016 sive
1678 1974 1947 2017 ecclesiastico

395 2049 553 2091 iudicio
590 2050 849 2092 nominatum
887 2058 1010 2105 atque
1048 2051 1276 2093 convictum
1286 2047 1312 2092 ⁴.
1442 2049 1499 2092 Et
1533 2052 1582 2093 ut
1610 2049 1949 2094 manifestissime

397 2124 589 2167 omnibus
619 2127 802 2180 pateret,
843 2137 913 2168 eos
943 2125 1057 2182 ipsos
1090 2126 1274 2170 eiusdem
1307 2127 1746 2171 excommunicationis
1778 2129 1949 2171 senten-

396 2202 500 2245 tiam
531 2201 712 2256 subisse,
742 2201 846 2245 utile
876 2202 1012 2245 visum
1042 2203 1122 2246 fuit
1151 2203 1227 2246 hec
1257 2217 1309 2247 ex
1340 2203 1462 2247 dictis
1493 2203 1605 2247 beati
1626 2203 1854 2259 Augustini
1882 2216 1949 2247 re-

397 2279 548 2322 citare:
584 2279 768 2332 Quidam
785 2305 840 2311 —
857 2282 1058 2323 intuentes
1076 2289 1300 2337 praecepta
1319 2283 1559 2335 severitatis,
1593 2282 1741 2338 quibus
1761 2281 1950 2324 iubemur

397 2370 482 2399 non
519 2357 620 2399 dare
659 2365 847 2400 sanctum
886 2358 1077 2410 canibus,
1116 2366 1163 2400 ut
1200 2358 1404 2401 ethnicum
1441 2359 1588 2401 habere
1624 2358 1815 2401 ecelesiae
1851 2372 1949 2401 con-

398 2441 655 2489 temptorem,
696 2450 723 2476 α
768 2449 964 2491 compaqe
1009 2437 1196 2491 corporis
1233 2436 1479 2488 membrum,
1528 2437 1641 2491 quod
1675 2435 1946 2488 scandalizat,

399 2509 566 2552 evellere
583 2535 639 2541 -—
656 2512 716 2553 ita
730 2512 983 2567 perturbant
1003 2511 1192 2554 ecclesiae
1209 2527 1369 2568 pacem,
1394 2520 1442 2555 ut
1460 2521 1658 2555 conentur
1678 2520 1772 2556 ante
1791 2520 1949 2569 tempus

397 2587 566 2629 zizania
597 2601 737 2630 eruere
744 2603 758 2638 ,·
790 2597 914 2644 atque
934 2589 1009 2631 Ῐιοο
1030 2603 1168 2631 errore
1199 2591 1326 2631 cecati
1345 2590 1433 2645 ipsi
1458 2591 1599 2645 potius
1624 2604 1650 2630 a
1671 2588 1826 2632 Christi
1851 2590 1948 2631 uni-

398 2670 480 2706 tate
509 2672 772 2719 separantur.
895 2664 972 2707 His
1002 2664 1144 2720 itaque
1176 2664 1229 2707 ad
1250 2664 1434 2708 medium
1455 2665 1654 2720 recitatis,
1687 2665 1950 2708 adiudicante

492 2789 519 2809 a.
551 2779 606 2809 deo
625 2780 656 2810 V.
748 2780 777 2810 b.
811 2791 867 2811 om.
886 2781 943 2812 VZ.
1039 2792 1064 2812 c.
1096 2783 1196 2812 tamen
1218 2783 1256 2812 Β.
1346 2782 1375 2812 (1.
1407 2782 1529 2820 Nyceno
1547 2782 1578 2812 V.
1673 2792 1698 2812 e.
1729 2783 1874 2813 iudicatio
1891 2782 1949 2814 VZ.

494 2860 527 2895 1.
553 2860 760 2895 Heinricum
778 2862 840 2897 IV.
938 2864 970 2897 2.
997 2863 1061 2898 Ivo
1078 2863 1164 2898 Pan.
1180 2863 1231 2899 IV
1247 2863 1333 2908 1153
1361 2861 1405 2897 cf.
1426 2862 1517 2897 Sixti
1534 2862 1568 2897 II
1593 2872 1649 2907 ep.
1668 2863 1703 2897 ΙΙ
1727 2873 1805 2908 cap.
1820 2864 1852 2908 7,
1878 2863 1948 2899 De-

399 2918 552 2954 cretales
576 2918 635 2953 Ps.
658 2918 743 2954 Isid.
771 2919 827 2954 ed.
852 2920 1046 2956 Hinschius
1070 2932 1106 2966 p.
1126 2921 1204 2957 193.
1362 2921 1397 2956 3.
1427 2920 1628 2956 Burchardi
1660 2920 1757 2956 decr.
1778 2921 1866 2958 XVI
1893 2921 1948 2957 14.

399 2976 434 3012 4.
457 2976 504 3014 V.
522 2975 685 3012 Gratiani
710 2977 805 3013 decr.
828 2977 868 3013 P.
886 2979 922 3013 II
947 2978 985 3014 C.
1005 2979 1039 3014 11
1064 2990 1122 3024 qu.
1144 2980 1161 3014 1
1189 2990 1219 3015 c.
1240 2980 1295 3015 18.
