2028 3438
462 220 703 252 nmmum
733 220 975 252 DIALOGUS.
1024 222 1111 252 1213.
1134 222 1169 252 11
1199 221 1220 254 5
1543 210 1629 254 749

59 323 120 369 Et
147 323 247 382 quia
275 325 523 383 paganismo
555 325 818 382 tenebantur,
851 326 934 370 dux
968 340 1038 371 eos
1071 331 1157 371 aut,
1174 327 1343 385 penitus
1375 327 1529 373 elidere
1558 332 1631 373 aut
1655 339 1746 375 1121

59 401 172 446 ferro
201 401 256 447 ad
286 400 411 447 fidem
443 402 743 447 christianismi
775 407 948 448 conatus
981 407 1045 448 est
1075 404 1304 462 impellere.
1358 405 1416 449 At
1446 405 1509 448 illi
1542 406 1628 450 suis

59 478 127 524 fisi
150 479 338 536 viribus,
368 493 416 525 eo
449 481 560 537 quod
585 481 782 525 civitates
814 485 857 525 et
887 484 1026 526 castra
1055 485 1210 526 natura
1240 486 1283 526 et
1314 485 1402 526 arte
1433 482 1556 526 firma
1584 484 1628 526 in

59 556 235 602 introitu
259 559 384 626 'terre
421 557 626 602 haberent
665 572 790 615 quam
832 558 1036 615 plurima,
1076 573 1121 604 se
1159 559 1508 617 inexpugnabiles
1539 560 1629 604 fore

61 633 255 680 arbitrati
291 638 410 690 sunt3
450 649 700 692 omnemque
738 636 1016 680 substantiam
1057 650 1177 681 suam
1214 637 1259 680 in
1291 637 1464 681 urbibus
1502 637 1629 681 collo-

59 715 217 769 cantes,
249 725 463 757 armorum
486 713 670 771 presidia
691 727 921 770 preparare
942 713 1185 758 moliuntur.
1310 714 1392 759 Sed
1416 715 1516 771 quia
1537 714 1626 758 Deo

59 788 220 847 placuit
250 789 412 847 aliquos
444 804 498 835 ex
529 792 589 835 eis
617 794 847 847 conterere,
881 794 926 834 ut
946 795 1106 836 ceteros
1129 792 1182 836 ad
1203 791 1328 836 fidem
1351 795 1625 847 converteret,

58 867 274 924 ingenium
306 871 350 913 et
368 868 480 913 vires
511 871 661 912 contra
691 882 762 912 eos
792 868 989 913 Bolezlao
1018 870 1290 926 ministravit,
1321 870 1383 913 ita
1403 873 1451 913 ut
1482 869 1626 913 multis

59 947 103 990 et
130 945 296 1002 magnis
335 945 524 990 cladibus
565 960 635 990 eos
673 946 914 1002 frequenter
946 946 1142 991 afficeret.
1197 947 1306 991 Nam
1340 951 1381 991 et
1412 947 1626 991 civitatem

60 1021 362 1079 Stetinensem,
401 1037 482 1080 que
520 1027 668 1079 stagno
711 1027 753 1067 et
790 1024 909 1079 aquis
946 1025 1132 1081 undique
1163 1025 1322 1080 cincta,
1364 1025 1478 1068 omni
1517 1025 1627 1068 hosti

57 1099 361 1145 inaccessibilis
391 1101 632 1158 putabatur,
664 1115 744 1158 que
776 1102 908 1145 eciam
940 1102 1074 1146 tocius
1105 1102 1354 1147 Pomeranie
1383 1102 1628 1160 metropolis

57 1178 159 1235 fuit,
198 1177 371 1223 hiemali
408 1182 599 1236 tempore
640 1179 829 1222 strictam
869 1192 946 1236 per
983 1179 1159 1234 glaciem
1199 1193 1284 1223 non
1320 1181 1410 1224 sine
1442 1180 1628 1237 periculo

59 1256 290 1301 exercitum
321 1256 491 1312 ducens,
522 1256 743 1313 inopinata
774 1256 893 1300 clade
916 1257 1137 1313 percussit.
1184 1257 1359 1301 Naclam
1383 1271 1547 1314 quoque
1568 1258 1627 1300 ei-

57 1333 233 1378 vitatem
262 1334 471 1378 munitam
503 1337 546 1378 et
573 1334 724 1378 fortem
746 1333 869 1378 valde
899 1334 1027 1390 fregit
1058 1338 1100 1378 et
1126 1335 1354 1391 succendit,
1388 1338 1430 1379 et
1461 1348 1626 1379 omnem

57 1411 101 1455 in
133 1411 311 1456 circuitu
340 1411 555 1468 regionem
588 1412 678 1455 eius
707 1412 797 1467 igni
828 1415 871 1455 et
900 1412 1012 1456 ferro
1045 1413 1240 1468 vastavit,
1273 1413 1375 1456 adeo
1407 1416 1454 1456 ut
1483 1413 1627 1456 ruinas

58 1491 102 1533 et
132 1488 374 1552 adustiones
413 1492 455 1533 et
493 1503 666 1533 acervos
703 1489 953 1533 cadaverum
992 1490 1309 1534 interfectorum
1340 1490 1475 1534 incole
1505 1490 1627 1534 nobis

57 1567 135 1625 per
173 1567 342 1625 diversa
378 1566 471 1611 loca
508 1570 794 1611 monstrarent
832 1570 927 1624 post
968 1581 1099 1611 annos
1138 1565 1247 1611 tres¹
1283 1568 1368 1611 acsi
1405 1568 1456 1611 de
1488 1571 1628 1623 strage

57 1645 230 1689 recenti.
283 1645 389 1689 Tam
427 1644 677 1700 gravissime
715 1648 854 1689 autem
885 1645 930 1688 in
960 1645 1128 1688 illarum
1161 1645 1380 1689 civitatum
1413 1659 1628 1702 expugna-

57 1721 174 1766 tione
203 1721 366 1766 subacti
397 1726 516 1778 sunt,
554 1726 621 1778 ut,
655 1735 759 1779 quos
798 1723 892 1766 neci
924 1725 966 1766 et
996 1723 1257 1780 captivitati⁸
1290 1723 1375 1766 dux
1407 1736 1627 1780 superesse

56 1813 208 1857 passus
247 1802 330 1856 est,
371 1813 465 1843 cum
505 1813 580 1843 suo
620 1797 833 1857 principe²
866 1799 1117 1844 christianos
1149 1815 1193 1844 se
1227 1804 1350 1857 atque
1381 1800 1627 1844 tributarios

57 1871 161 1934 fore,
193 1863 305 1934 quod
334 1877 476 1921 iurare
506 1876 640 1933 licuit,
680 1891 757 1934 pro
789 1877 906 1921 lucro
938 1878 1100 1933 ingenti
1131 1878 1344 1922 ducerent.
1467 1877 1628 1922 Ferunt

59 1958 223 2011 autem,
256 1954 388 2011 quod,
427 1954 570 1998 decem
604 1958 646 1998 et
675 1958 768 1998 octo
799 1954 970 1998 milibus
1002 1956 1187 1999 virorum
1221 1959 1503 2013 pugnatorum
1534 1955 1627 1999 neci

57 2031 246 2087 traditis,
286 2035 379 2076 octo
419 2031 538 2075 milia
577 2045 673 2076 cum
703 2032 906 2076 uxoribus
939 2035 981 2076 et
1011 2033 1198 2090 parvulis
1231 2034 1285 2076 ad
1314 2037 1473 2076 terram
1506 2046 1625 2077 suam

58 2109 247 2166 captivos
279 2109 513 2154 abduxerit.
562 2109 619 2153 Et
648 2110 693 2153 in
723 2109 971 2167 periculosis
1004 2111 1285 2154 marchiarum
1317 2110 1441 2166 locis,
1481 2111 1526 2153 in
1557 2125 1627 2154 ur—

58 2185 181 2230 bibus
213 2188 256 2230 et
286 2186 436 2230 castris
468 2199 538 2230 eos
570 2187 799 2243 collocans,
840 2201 921 2244 quo
952 2193 1065 2232 terre
1096 2202 1170 2232 sue
1201 2188 1386 2245 presidio
1416 2188 1556 2232 forent
1587 2192 1629 2231 et

58 2275 153 2308 cum
185 2262 376 2307 hostibus
408 2264 510 2320 suis,
541 2264 735 2319 gentibus
767 2265 927 2309 scilicet
954 2266 1161 2321 externis,
1193 2265 1304 2309 bella
1324 2268 1531 2320 gererent,
1562 2266 1628 2308 in-

58 2340 188 2395 dixit3
221 2339 300 2384 hoc
331 2341 487 2396 addito,
521 2345 580 2397 ut,
613 2342 817 2386 abdicatis
849 2343 999 2400 ydolis,
1032 2343 1243 2387 chr1stane
1265 2357 1309 2387 se
1330 2342 1524 2397 religioni
1551 2356 1627 2399 per

59 2417 202 2462 omnia
233 2417 556 2462 conformarent.

179 2494 263 2539 Sed
299 2508 394 2539 cum
425 2495 609 2552 reliquos
640 2495 692 2539 de
723 2499 847 2550 gente
878 2496 1062 2553 perfida,
1101 2511 1204 2553 quos
1235 2497 1278 2540 in
1310 2500 1424 2540 terra
1455 2497 1628 2554 propria

58 2563 305 2616 tributarios
337 2572 567 2629 dimiserat,
600 2573 685 2616 dux
716 2572 813 2617 fidei
844 2574 1071 2618 christiane
1094 2587 1306 2631 apponere
1327 2578 1506 2629 curaret,
1538 2588 1627 2618 om-

58 2662 134 2693 nes
174 2649 393 2707 episcopos
429 2653 541 2694 terre
573 2664 646 2693 sue
678 2650 950 2706 conveniens,
989 2650 1152 2694 nullum
1183 2651 1435 2708 persuadere
1466 2652 1625 2708 potuit:

59 2730 107 2770 ut
137 2725 210 2770 illo
241 2727 303 2770 ire
336 2730 461 2784 atque
491 2727 536 2770 in
564 2726 750 2771 tenebris
772 2731 814 2771 et
833 2728 984 2772 umbra
1003 2728 1151 2771 mortis
1174 2725 1439 2772 sedentibus³
1458 2728 1625 2772 lumenb

59 2803 144 2849 vite
176 2804 301 2848 vellet
332 2804 574 2860 ostendere,
607 2803 782 2859 singulis
814 2818 912 2848 suas
944 2805 1233 2850 excusationes
1267 2806 1624 2863 pretendentibus·

157 2914 184 2935 a.
216 2905 360 2944 captivati
381 2905 422 2935 N.
636 2905 667 2935 b.
698 2905 810 2935 lumem
832 2905 872 2936 N.

155 2969 189 3004 1.
216 2978 311 3005 anno
337 2968 440 3005 1124.
585 2969 619 3004 2.
646 2967 857 3005 Wortizlao.
1001 2970 1036 3005 3.
1061 2970 1120 3006 ΡΒ.
1140 2970 1220 3017 106,
1240 2971 1296 3007 10.
