2028 3438
272 397 363 432 1127

212 447 283 484 post
301 445 371 475 Mai.
384 446 424 475 22

437 268 522 311 798
805 282 1044 314 nnnnonm
1073 283 1313 315 nmmo-ns.
1362 284 1448 315 Lm.
1470 284 1522 315 111
1551 281 1585 317 c.
1601 282 1623 317 7

437 386 538 442 quid
574 386 619 429 in
659 386 736 431 hoc
772 392 1083 432 sacrosanctum
1123 403 1171 433 ac
1210 403 1371 446 pagane
1406 390 1622 444 religionis
1653 390 1906 448 auspicium,
1943 390 1987 434 in

437 466 601 507 tantum
639 466 688 507 ut
723 478 934 520 nunquam
974 467 1055 509 nisi
1093 466 1191 510 belli
1229 466 1487 510 solummodo
1518 470 1707 524 tempore
1737 481 1764 511 a
1791 457 1883 512 loco
1912 480 1987 511 suo

438 540 595 583 moveri
628 540 808 585 deberet.
855 542 976 597 Nam,
1009 547 1056 586 ut
1086 546 1230 599 postea
1261 545 1552 601 comperimus,
1584 544 1660 588 deo
1680 558 1756 588 suo
1775 543 1986 600 Gerovito,

438 618 510 673 qui
546 618 692 673 lingua
721 618 876 662 Latina
904 619 1016 662 Mars
1057 620 1229 676 dicitur·⁷
1267 625 1359 664 erat
1395 625 1683 677 consecratus,
1721 624 1770 665 ct.
1798 621 1852 666 in.
1874 621 1989 665 omni

436 695 568 751 prelio
599 696 776 740 victores
808 710 899 739 sese
929 696 1006 739 hoc
1037 697 1179 752 previo
1207 697 1480 742 confidebant.
1528 698 1713 743 Clericus
1739 701 1892 754 autom,
1923 698 1990 742 vir

437 772 545 815 acris
575 772 746 828 ingenii,
778 772 876 815 dum
907 776 1021 816 metu
1044 775 1190 817 mortis
1211 775 1256 817 in
1276 775 1432 832 templo
1453 776 1534 819 huc
1553 776 1735 832 illucque
1753 774 1986 830 diffugeret,
2010 813 2015 815 <

435 849 565 892 telum
607 849 775 905 aliquod
814 849 880 893 vel
915 849 1135 894 latibulum
1177 852 1412 908 queritans,
1457 853 1641 910 clipeum
1677 852 1899 910 corripuit,
1946 855 1988 895 et

436 929 601 969 amento
641 926 745 970 collo
784 926 959 982 iniecto,
1000 926 1173 983 levaque
1209 928 1311 972 loris
1351 929 1530 985 inserta,
1569 930 1615 973 in
1653 930 1837 974 medium
1866 925 1987 973 turbe

434 1003 611 1046 furentis
644 1017 666 1046 e
700 1003 828 1046 ianua
864 1004 1058 1060 prosiliit.
1105 1004 1265 1049 Rustici
1295 1020 1392 1050 vero
1424 1006 1699 1064 prodigialem
1731 1009 1986 1051 armaturam

436 1080 642 1135 videntes,
674 1081 830 1137 partim
860 1081 905 1124 in
935 1081 1078 1136 fugam
1109 1083 1312 1138 conversi,
1346 1085 1498 1140 partim
1533 1084 1659 1128 etiam
1691 1083 1814 1140 quasi
1843 1083 1987 1127 exani-

433 1170 522 1200 mes
553 1157 654 1201 facti
683 1157 727 1200 in
757 1161 914 1201 terram
945 1159 1118 1212 cadunt3
1159 1159 1230 1203 ille
1259 1163 1414 1216 autem,
1446 1161 1631 1218 proiecto
1661 1160 1809 1217 clipeo,
1840 1172 1985 1203 versus

433 1233 666 1290 hospicium
699 1234 750 1277 ad
782 1235 916 1278 socios
946 1248 1113 1280 currere
1143 1237 1266 1293 cepit,
1299 1241 1341 1280 et

763 1344 949 1355 .......
983 1312 1158 1369 pedibus
1189 1313 1316 1357 timor
1347 1314 1507 1357 addidit
1536 1315 1624 1358 alas
1637 1312 1658 1358 ¹.

435 1387 622 1443 Cumque
653 1388 852 1431 anhelans
885 1392 926 1432 et
957 1390 1137 1446 pallidus
1169 1391 1222 1434 ad
1253 1405 1350 1434 suos
1373 1393 1646 1448 pervenisset,
1679 1391 1731 1436 de
1749 1391 1845 1448 ipsa
1860 1391 1985 1436 huius

434 1465 711 1521 trepidatione
743 1469 785 1509 et
815 1480 979 1521 eorum,
1017 1468 1087 1522 qui
1118 1468 1237 1511 missi
1267 1469 1455 1523 fuerant,
1486 1468 1683 1512 triduana
1712 1468 1986 1513 occultatione

435 1542 546 1598 apud
577 1556 733 1597 omnes,
767 1544 964 1599 precipue
987 1558 1085 1587 vero
1109 1545 1220 1601 apud
1240 1546 1479 1602 episcopum
1504 1548 1546 1589 et
1565 1546 1726 1601 ducem,
1757 1549 1847 1590 tota
1866 1549 2005 1591 nocte⁴

433 1618 506 1662 illa
535 1619 714 1663 iocunda
744 1624 834 1663 erat
863 1620 1062 1663 narratio.
1109 1621 1272 1665 Monuit
1301 1625 1443 1666 tamen
1473 1623 1568 1679 pius
1600 1626 1721 1679 pater
1749 1621 1857 1666 filios
1888 1637 1985 1666 suos

434 1699 476 1738 et
506 1696 746 1752 discipulos,
777 1701 950 1753 propter
981 1698 1155 1741 insidias
1185 1698 1354 1742 latentis
1375 1699 1535 1742 inimici
1555 1702 1602 1742 ut
1622 1713 1666 1742 se
1687 1699 1985 1756 circumspecte

433 1776 617 1827 agerent.
665 1773 764 1816 Tam
799 1774 871 1816 diu
902 1788 998 1828 ergo
1030 1776 1186 1818 mansit
1215 1776 1260 1818 in
1289 1776 1379 1819 loco
1411 1776 1482 1819 illo
1505 1776 1722 1832 disputans
1744 1780 1786 1820 et
1806 1777 1984 1821 suadens

434 1849 484 1892 de
515 1863 643 1904 regno
674 1850 768 1905 Dei,
801 1864 1013 1907 quousque
1044 1852 1179 1895 omnis
1211 1852 1403 1908 populus,
1435 1852 1533 1896 fidei
1564 1854 1985 1898 sacramentasusci-
2019 1871 2023 1873 ’

432 1927 572 1983 piens,
612 1927 712 1970 fana
750 1941 827 1970 sua
857 1928 1091 1972 destrueret
1121 1933 1163 1972 et
1194 1930 1364 1973 ecclesie
1395 1931 1678 1974 sanctuarium
1708 1943 1803 1975 cum
1835 1931 1983 1978 altario

431 2007 689 2060 prepararet.
745 2004 863 2055 Quod
895 2005 1114 2062 episcopus
1145 2019 1413 2062 consecrans,
1451 2007 1675 2050 Iohannem
1706 2008 1983 2064 presbiterum

432 2081 491 2123 eis
523 2080 733 2124 ordinavit
764 2085 817 2136 et,
848 2085 896 2125 ut
925 2082 1126 2138 reliquam
1159 2083 1331 2131 basilice,
1348 2084 1551 2128 fabricam
1571 2088 1668 2141 post
1687 2098 1809 2128 suum
1829 2085 1983 2131 disces-

431 2171 522 2200 sum
554 2162 860 2214 promoverent,
892 2160 1135 2203 ammonuit.

550 2235 589 2276 7.
622 2234 744 2290 Dein,
778 2235 891 2278 omni
921 2237 1075 2292 populo
1099 2237 1347 2280 valefaciens
1379 2241 1420 2280 et
1450 2237 1494 2280 in
1524 2237 1658 2281 multa
1688 2238 1862 2282 caritate
1894 2251 1982 2282 om-

430 2311 638 2367 nipotenti
667 2311 757 2355 Deo
797 2311 892 2355 illos
932 2314 1218 2368 committens,
1257 2314 1310 2356 ad
1341 2313 1623 2368 Gozgaugiam
1662 2313 1979 2359 iter‘divertit².

430 2387 477 2430 In
522 2387 601 2430 hac
639 2388 845 2443 siquidem
883 2389 1051 2433 civitate
1090 2390 1195 2434 mire
1233 2390 1532 2445 magnitudinis
1573 2404 1621 2434 ac
1659 2391 1980 2447 pulchritudinis

430 2464 633 2520 templum
670 2464 769 2519 fuit3
808 2465 881 2508 sed
922 2466 1142 2522 episcopus
1180 2479 1274 2510 cum
1313 2466 1364 2510 de
1401 2466 1483 2510 fide
1513 2467 1738 2511 christiane
1768 2467 1980 2522 religionis

430 2554 500 2584 eos
539 2554 617 2597 per
654 2542 926 2598 interpretem
967 2542 1247 2599 alloqueretur
1278 2568 1332 2573 —
1373 2557 1469 2586 nam
1503 2543 1587 2586 dux
1619 2545 1673 2587 ad
1704 2558 1780 2587 sua
1809 2545 1980 2599 negocia

429 2618 512 2660 iam
554 2618 605 2661 ab
644 2632 691 2661 eo
723 2619 972 2662 discesserat
1003 2643 1058 2649 —
1089 2619 1152 2662 illi
1186 2620 1238 2662 ad
1270 2621 1411 2663 omnia
1441 2634 1485 2664 se
1525 2623 1693 2677 paratos
1724 2621 1977 2676 asserebant,

430 2693 464 2735 si
490 2694 614 2736 modo
634 2695 776 2738 fanum
800 2709 943 2738 eorum
964 2695 1169 2739 intactum
1190 2710 1406 2740 remanere
1427 2696 1650 2752 potuisset;
1683 2697 1845 2752 magnis
1866 2697 1977 2740 enim

429 2771 664 2826 sumptibus
704 2785 838 2828 nuper
877 2775 1135 2816 exstructum
1164 2773 1322 2827 fuerat3
1360 2772 1619 2828 multumque
1650 2774 1694 2816 in
1723 2773 1796 2817 illo
1826 2773 1978 2828 gloria-

428 2845 601 2902 bantur,
643 2860 689 2890 eo
731 2848 841 2903 quod
870 2848 1082 2892 videretur
1119 2863 1314 2904 magnum
1353 2849 1485 2893 tocius
1517 2849 1697 2893 civitatis
1735 2863 1825 2894 esse
1855 2863 1977 2894 orna-

427 2926 627 2966 mentum.
676 2924 955 2980 Temptabant
982 2926 1106 2968 etiam
1130 2926 1302 2981 occulte,
1333 2926 1605 2970 immittentes
1628 2927 1842 2982 quosdam,
1874 2939 1976 2983 pon-

524 3011 556 3045 1.
581 3009 682 3055 Virg.
702 3009 793 3046 Aen.
808 3011 895 3048 VIII
920 3012 1000 3047 224.
1284 3013 1318 3047 2.
1353 3011 1407 3048 Cf.
1432 3011 1513 3048 Ebo
1537 3012 1590 3048 III
1615 3014 1648 3049 9.
