2028 3438
401 284 487 327 834
747 297 987 328 Hunssoam
1015 297 1257 329 DIALOGUS.
1306 299 1392 329 Lm.
1415 299 1467 329 111
1495 296 1554 331 40.
1570 296 1613 330 41

517 387 723 445 Dominus
766 405 905 446 autem
944 402 1195 460 apostolicus
1234 403 1336 446 visis
1373 403 1525 447 litteris
1563 404 1734 458 gavisus
1770 406 1859 459 est,
1905 409 1954 448 eo

400 478 511 534 quod
548 479 670 535 pauci
709 479 917 536 episcopi·
949 480 1165 523 Teutonici
1195 480 1315 534 regni
1346 480 1389 523 in
1421 493 1471 524 ea
1501 480 1764 535 malignitate
1793 484 1955 539 tempo-

398 569 492 598 rum
522 556 649 599 matri
681 570 767 612 sue,
799 560 847 599 ut
876 557 1032 600 iustum
1066 560 1143 611 est,
1175 556 1404 611 deferrent3
1436 570 1486 601 ac
1515 557 1620 602 tales
1641 558 1681 602 ei
1700 557 1867 603 litteras
1882 557 1955 603 de-

399 633 592 676 stinavit:

519 708 759 765 „Paschalis
786 723 930 753 servus
951 723 1166 753 servorum
1187 709 1267 753 Dei
1289 710 1433 754 Ottoni
1454 711 1604 755 dilecto
1624 711 1760 767 fratri,
1791 710 1953 756 Baben-

399 785 612 840 bergensis
644 787 815 830 ecclesie
845 787 970 841 digno
1003 786 1146 841 electo,
1179 786 1355 830 salutem
1387 791 1429 831 et
1459 787 1730 845 apostolicam
1759 788 1953 833 benedic-

398 863 568 906 tionem.
701 863 849 906 Filius>
874 864 1041 919 sapiens
1078 863 1250 907 letificat
1285 867 1463 908 matrem
1502 863 1657 908 suam¹.
1712 865 1853 922 Opera
1880 868 1954 909 tua

400 942 442 983 et
481 940 656 983 consilia
686 943 760 983 tua
790 941 926 983 virum
959 941 1175 997 preferunt
1205 945 1431 985 sensatum.
1475 941 1561 985 Nos
1591 941 1720 996 igitur
1748 941 1954 986 honorare

399 1020 440 1060 te
473 1020 514 1060 et
544 1017 755 1073 profectus
787 1020 881 1060 tuos
912 1018 1057 1061 iuvare
1088 1030 1318 1072 congruum
1349 1018 1558 1061 duximus.
1604 1018 1744 1062 Niehil
1773 1031 1872 1074 ergo
1902 1018 1954 1062 de

397 1093 565 1137 nostrab
587 1094 869 1137 benivolentia
890 1094 1099 1150 dubitans,
1130 1098 1245 1138 tuam
1266 1095 1401 1150 nobis,
1433 1095 1677 1151 quantocius
1696 1095 1826 1151 vales,
1857 1108 1953 1153 pre·

397 1171 575 1214 sentiam
598 1171 803 1214 exhibeto.
845 1171 959 1214 Certi
981 1172 1091 1214 enim
1114 1186 1272 1227 sumus,
1304 1173 1414 1228 quod
1434 1172 1578 1217 divina
1597 1172 1806 1229 sapientia
1825 1172 1952 1217 etiam

397 1248 520 1291 malis
552 1248 766 1291 hominum
799 1248 903 1291 bene
934 1249 997 1291 uti
1027 1247 1185 1292 novit“.

280 1335 371 1370 1106
515 1326 586 1368 41.
633 1324 764 1379 Igitur
796 1325 976 1381 acceptis
1007 1323 1197 1381 litteris2,
1228 1325 1348 1369 iuxta
1368 1325 1542 1369 verbum
1564 1326 1705 1369 domni
1735 1326 1953 1383 apostolici

269 1413 338 1443 Mai.
355 1414 373 1443 3
397 1402 542 1445 beatus
575 1402 694 1456 Otto,
725 1401 902 1445 Romam
932 1403 978 1445 in
1010 1403 1251 1446 ascensione
1282 1399 1476 1446 Domini³
1507 1403 1699 1459 venienS‚
1734 1404 1951 1459 transivit3

399 1482 439 1521 et
469 1479 513 1521 in
533 1478 743 1534 Anagnia,
775 1479 944 1522 civitate
976 1478 1218 1536 Campanie,
1250 1480 1448 1523 domnum
1481 1479 1755 1536 apostolicum
1776 1480 1949 1525 invenit.

396 1555 527 1598 Porro
558 1556 638 1599 viri
673 1555 887 1610 honorati,
921 1556 991 1611 qui
1022 1569 1115 1599 cum
1149 1570 1196 1600 eo
1229 1560 1367 1611 erant,
1401 1557 1499 1600 data
1529 1559 1571 1600 et
1601 1559 1772 1613 accepta
1801 1556 1950 1613 salute,

397 1633 596 1675 domnum
629 1632 903 1688 apostolicum
936 1633 1060 1675 etiam
1092 1647 1142 1676 ex
1165 1637 1284 1689 parte
1306 1633 1491 1677 salutant
1511 1633 1697 1689 ecclesie,
1728 1634 1952 1679 subdentes

396 1710 641 1766 petitionem
674 1713 716 1752 et
736 1712 836 1752 vota
866 1723 942 1752 sua
971 1723 1048 1766 pro
1079 1710 1222 1753 electo.
1270 1710 1366 1753 Otto
1387 1724 1499 1766 vero,
1531 1710 1591 1753 nil
1619 1714 1853 1767 cunctatus,
1884 1724 1951 1755 or-

398 1786 537 1830 dinem
579 1789 621 1829 et
658 1786 827 1829 modum
871 1786 1117 1829 accessionis
1159 1787 1315 1842 aperit,
1354 1787 1509 1831 fatetur
1547 1787 1709 1841 omnia;
1759 1787 1951 1831 baculum

398 1864 518 1919 ponit
549 1866 590 1906 et
622 1863 792 1906 anulum
824 1863 876 1906 ad
907 1863 1034 1919 pedes
1066 1863 1304 1919 apostolici3
1345 1864 1593 1908 temeritatis
1626 1864 1692 1908 vel
1722 1865 1851 1909 errati
1880 1879 1951 1910 ve-

396 1940 511 1982 niam
548 1940 674 1996 petit,
712 1940 929 1982 insinuans
967 1943 1108 1983 tamen
1145 1954 1230 1983 non
1268 1941 1482 1984 voluntate
1518 1955 1594 1984 sua
1631 1942 1705 1985 sed
1744 1945 1951 1998 potestate

396 2017 555 2060 factum
595 2017 751 2070 aliena3
791 2030 867 2073 pro
908 2030 987 2072 quo
1028 2020 1070 2060 et
1101 2031 1269 2061 severus
1299 2018 1344 2060 in
1375 2031 1420 2061 se
1450 2018 1649 2062 canonice
1679 2019 1950 2062 districtionis

399 2094 567 2137 sibimet
594 2094 850 2149 imprecatur
880 2094 1095 2137 ultionem.
1141 2094 1410 2151 Apostolicus
1431 2108 1542 2150 vero,
1574 2095 1638 2139 vir
1659 2109 1820 2139 summe
1850 2109 1950 2152 pru-

399 2170 551 2225 dentie,
584 2171 862 2214 constantiam
894 2171 982 2214 eius
1011 2171 1255 2226 admiratus,
1287 2171 1426 2215 levare
1446 2172 1563 2215 iubet
1582 2171 1776 2227 insignia.
1815 2172 1951 2228 Negat

398 2247 488 2302 ille,
528 2247 747 2302 indignum
784 2261 828 2290 se
860 2251 901 2290 et
930 2251 1191 2304 peccatorem
1223 2251 1490 2303 protestatus.
1539 2248 1645 2291 Tum
1676 2249 1948 2305 apostolicus:

400 2324 550 2368 Sancti
580 2324 767 2380 Spiritus
804 2324 942 2379 inquit
968 2325 1130 2380 festum
1161 2327 1480 2381 appropinquat
1485 2341 1501 2375 ‚-
1532 2328 1641 2369 tanti
1671 2327 1824 2369 arbitri
1852 2342 1948 2370 con-

398 2402 505 2444 siliis
541 2416 629 2443 rem
666 2402 773 2443 hanc
811 2403 1095 2444 commendare
1133 2403 1334 2444 debemus.
1389 2401 1518 2456 Dein,
1557 2401 1629 2444 ubi
1669 2402 1720 2445 de
1750 2402 1815 2446 his
1846 2403 1949 2446 satis

398 2477 608 2532 utrimque
649 2477 805 2520 dictum
846 2481 928 2532 est,
967 2477 1253 2521 benedictione
1290 2481 1480 2534 accepta,
1520 2477 1616 2521 Otto
1654 2491 1748 2521 cum
1779 2479 1866 2522 suis
1897 2479 1950 2522 ad

397 2553 630 2609 hospicium
663 2554 904 2608 digreditur.
952 2554 1015 2597 Ibi
1043 2554 1176 2597 multa
1197 2567 1336 2597 secum
1357 2558 1446 2598 tota
1465 2557 1586 2598 nocte
1605 2554 1679 2598 illa
1699 2558 1741 2598 et
1760 2556 1950 2611 sequenti

399 2630 465 2673 die
496 2631 716 2685 tractabat,
748 2630 957 2674 maliciam
988 2634 1237 2686 temporum,
1270 2632 1502 2674 anxietates
1533 2635 1575 2675 et
1600 2631 1786 2687 pericula
1804 2636 1947 2688 pasto-

398 2719 505 2760 rum,
536 2706 862 2750 inobedientiam
884 2710 925 2750 et
944 2707 1253 2762 inquietudines
1274 2707 1553 2764 subditorum3
1585 2710 1810 2764 postremo,
1833 2709 1948 2764 quic-

399 2782 499 2836 quid
528 2782 573 2824 in
602 2783 677 2825 tali
708 2797 754 2826 re
786 2783 880 2826 duri
901 2783 967 2826 vel
999 2784 1164 2827 adversi
1185 2798 1275 2827 esse
1306 2787 1456 2839 potest,
1489 2787 1584 2827 ante
1606 2784 1746 2828 oculos
1769 2785 1947 2841 ponebat

401 2869 448 2900 ac
485 2858 609 2913 plena
647 2859 965 2914 deliberatione,
1006 2860 1197 2903 omnibus
1229 2860 1451 2916 depositis,
1490 2860 1679 2916 privatus
1710 2864 1752 2905 et
1783 2861 1946 2917 quietus

494 2966 520 2986 a.
554 2966 611 2987 om.
626 2957 663 2987 N
664 2970 675 2994 ‚·
695 2958 798 2997 recepi
819 2968 857 2989 ex
878 2959 917 2989 R.
1035 2990 1038 2992 ,
1081 2959 1112 2989 b.
1143 2969 1199 2990 om.
1215 2960 1251 2989 N
1253 2972 1263 2996 ;
1284 2959 1388 2998 recepi
1407 2968 1445 2989 eae
1467 2959 1506 2989 R.

494 3021 526 3055 1.
551 3020 657 3055 Prov.
674 3021 729 3065 10,
750 3021 780 3055 l.
923 3023 957 3057 2.
983 3020 1038 3058 Cf.
1055 3021 1135 3057 Ebo
1151 3022 1204 3057 111
1222 3022 1278 3057 11.
1420 3022 1454 3056 3.
1478 3022 1562 3057 Mai.
1579 3023 1613 3058 3.
