2028 3438
420 270 505 313 618
809 283 972 316 neon-rs
1003 286 1109 316 vrrA
1140 285 1348 317 orroms.
1395 286 1481 317 nm.
1503 287 1538 317 11
1570 286 1586 319 1

257 397 395 433 c.1122
420 404 504 432 8888
523 390 717 444 volueris,
752 394 996 448 quantocius
1027 394 1085 435 ad
1115 393 1262 446 locum,
1295 395 1406 436 unde
1426 395 1636 451 diqressus
1660 408 1716 448 es,
1747 403 1968 448 reverter&

418 482 492 509 nec
529 469 587 509 ad
621 470 808 511 inuriam
845 472 998 512 summi
1025 470 1113 520 Dei
1146 471 1317 512 missum
1356 472 1443 512 eius
1478 479 1516 514 te
1551 472 1818 528 profitearia·
1835 502 1838 510 «
1856 472 1969 527 Quia

416 559 496 601 pro
527 545 619 587 sola
649 553 715 588 tue
745 548 1021 589 mendicitatis
1052 548 1200 602 inopia
1230 547 1452 589 relevanda
1483 548 1569 590 huc
1591 549 1795 605 miqrasm‘.
1837 547 1968 592 Bum-

417 620 572 663 hardus
604 625 764 677 autem,
803 622 1038 678 intrepidus
1076 623 1204 665 immo
1244 622 1360 666 illato
1392 623 1472 666 sibi
1502 627 1661 668 terrore
1687 624 1969 669 ‘constantium

420 697 473 740 Si
490 699 624 740 verbis
644 701 745 741 meis
777 699 913 754 inquit
931 714 1017 742 non
1038 701 1218 752 creditis,
1251 700 1316 742 vel
1336 701 1528 757 operibus
1550 702 1701 744 credite
1713 698 1741 744 ¹³·
1781 702 1968 745 Domum

419 773 642 830 quamlibet
667 784 863 819 vetustate
882 777 1126 833 conlapsam
1157 786 1194 820 et
1221 779 1351 820 nulli⁸
1375 781 1474 821 usui
1502 787 1645 835 aptam
1674 780 1768 835 iym'
1794 780 1966 832 misso

417 853 648 895 succendite
676 867 820 909 meque
857 855 903 895 in
933 855 1115 897 medium
1143 857 1316 904 iactate‚·
1355 864 1392 898 et
1421 857 1481 908 si,
1522 857 1646 898 domo
1674 856 1862 912 flammis
1884 856 1967 899 ab·-

416 938 596 985 sumpta,
640 944 712 985 eqo
745 930 883 973 illesus
916 931 966 973 ab
998 933 1094 987 iqne
1125 947 1378 988 apparuero,
1416 934 1557 975 scitote
1585 946 1649 975 me
1668 932 1730 975 -ab
1756 932 1835 975 'illo
1865 935 1966 975 mis-

416 1020 521 1058 sum,
555 1008 672 1048 cuius
701 1009 877 1063 imperio
911 1016 947 1050 et
975 1011 1088 1064 iqnis
1110 1017 1147 1051 ct
1168 1012 1300 1051 omnis
1321 1009 1447 1051 simul
1478 1017 1669 1051 creatura
1698 1009 1880 1055 subiecta
1909 1018 1968 1053 est

417 1091 454 1125 et
475 1085 616 1125 omnia
646 1084 772 1126 simul
801 1085 996 1128 elementa
1020 1086 1305 1140 famulantur.
1352 1085 1429 1128 His
1461 1085 1627 1141 auditiS,
1659 1085 1895 1130 sacerdotes
1925 1089 1968 1130 et

416 1159 600 1202 seniores
631 1159 786 1215 plebis,
827 1161 1002 1205 multam
1032 1163 1143 1205 inter
1173 1176 1218 1206 se
1248 1162 1598 1218 conquisieionem
1628 1162 1966 1219 habentemwaie-

417 1236 539 1279 bant:
572 1237 655 1279 Iste
679 1239 853 1281 insanus
875 1247 910 1282 et
931 1240 1172 1296 desperatus
1195 1249 1252 1283 est
1259 1256 1273 1290 ,·
1303 1242 1437 1282 nimia
1466 1248 1632 1296 coyente
1658 1242 1833 1297 inopia,¹
1851 1254 1964 1284 mor-

416 1322 494 1357 tem
525 1316 697 1370 appetit,
730 1318 857 1358 morti
885 1331 928 1358 se
956 1318 1066 1359 ultro
1097 1319 1263 1373 inqerit.
1312 1317 1399 1360 Sed
1419 1326 1456 1360 et
1475 1325 1862 1373 arqumentosanos
1879 1321 1964 1362 cir-

416 1393 672 1434 cumveniens
710 1395 924 1448 nequicia,
964 1394 1216 1450 repulsionis
1254 1409 1325 1437 sue
1354 1411 1382 1436 a
1410 1395 1530 1437 nobis
1560 1396 1802 1438 vindictam,
1821 1397 1962 1452 eoeiqit,

413 1479 460 1512 ut
489 1472 578 1512 sine
597 1478 738 1512 nostro
760 1484 844 1512 non
865 1473 1072 1513 moriatur
1093 1473 1246 1521 eaicio3
1279 1473 1380 1528 quia
1410 1472 1578 1524 scilicet,
1609 1487 1695 1514 una
1717 1473 1840 1516 domo
1870 1486 1964 1515 suc-

415 1562 549 1600 censa,
583 1549 715 1590 tocius
745 1549 862 1590 urbis
891 1549 1103 1590 interitum
1133 1549 1329 1604 subsequi
1356 1563 1516 1591 necesse
1545 1557 1614 1591 est.
1644 1559 1647 1561 ’
1671 1548 1786 1592 Unde
1817 1564 1963 1592 caven-

414 1626 513 1667 dum
535 1633 594 1666 est
613 1624 745 1677 nobis,
777 1639 830 1666 ne
859 1625 1064 1667 hominem
1094 1628 1240 1667 vesani
1269 1627 1420 1681 capitis
1443 1627 1677 1668 audiamus.
1725 1626 1825 1669 Non
1855 1628 1964 1670 enim

415 1702 580 1758 eapedit
598 1701 732 1753 nobis,
764 1704 1031 1758 pereqrinum
1054 1703 1303 1758 nudipedem
1326 1703 1562 1756 interficere.
1612 1703 1724 1757 Quia
1742 1712 1783 1746 et
1798 1703 1962 1759 fratres

412 1781 548 1821 nostri
576 1768 808 1821 Priczenses
839 1787 934 1821 ante
964 1794 1096 1821 annos
1127 1776 1315 1835 aliquos²
1346 1780 1614 1823 Adelbertum
1644 1782 1872 1837 quendam,
1903 1783 1961 1823 si—

413 1856 532 1898 milia
563 1854 684 1898 huicb
713 1857 1017 1912 predicantem,
1059 1852 1329 1908 occiderunt³‚
1372 1865 1410 1899 et
1439 1872 1490 1899 ea*
1520 1872 1564 1900 eo
1598 1859 1730 1900 omnis
1764 1873 1962 1914 pressura

414 1941 452 1976 et
482 1933 698 1975 calamitas
729 1934 1006 1989 apprehendit
1036 1949 1101 1976 eos
1130 1942 1295 1990 totaque
1314 1934 1552 1977 substancia
1572 1949 1712 1977 eorum
1742 1935 1800 1977 ad
1825 1935 1961 1978 nichi-

415 2010 500 2052 lum
530 2012 700 2053 redacta
730 2019 800 2053 est.
850 2010 937 2054 Sed
966 2013 1006 2053 si
1034 2011 1264 2054 consultum
1294 2012 1412 2054 nobis
1440 2026 1524 2054 esse
1543 2012 1744 2064 volumus,
1777 2013 1866 2055 sine
1893 2014 1961 2054 in-

413 2089 527 2129 iuria
566 2103 657 2130 eum
689 2103 715 2129 a
743 2087 902 2142 finibus
940 2090 1093 2130 nostris
1132 2089 1385 2131 eliminemus
1425 2091 1605 2145 navique
1640 2090 1867 2145 inpositum
1905 2091 1963 2132 ad

414 2165 521 2206 alias
552 2173 683 2207 terras
714 2166 1014 2220 transmiqrare
1037 2165 1268 2219 faciamus.
1389 2164 1561 2208 Interim
1589 2178 1687 2208 vero
1718 2178 1863 2208 servus
1882 2165 1962 2209 Dei

412 2240 693 2295 Bernhardus,
726 2253 866 2283 amore
888 2241 1067 2283 martirii
1086 2240 1281 2296 flagrans,
1313 2245 1506 2298 correpta
1535 2255 1677 2285 secure
1697 2241 1960 2299 columpnam

412 2318 517 2360 mire
548 2317 862 2372 magnitudinis,
893 2317 997 2360 Iulio
1019 2317 1162 2360 Cesari
1187 2331 1212 2360 a
1233 2331 1312 2373 quo
1345 2318 1442 2361 urbs
1463 2318 1571 2361 Iulin
1600 2331 1752 2362 nomen
1782 2319 1962 2375 sumpsit

413 2394 606 2448 dicatam,
639 2394 829 2437 excidere
861 2407 1080 2448 aggressus
1111 2398 1187 2437 est.
1235 2394 1352 2445 Quod
1382 2395 1536 2451 pagani
1563 2409 1648 2438 non
1666 2396 1861 2450 ferenteS,
1893 2409 1960 2439 ae-

412 2472 547 2514 eensis
580 2471 730 2514 animis
761 2471 925 2514 irruunt
956 2484 1080 2527 super
1101 2485 1194 2514 eum
1217 2471 1520 2527 crudeliterque
1540 2485 1680 2516 cesum
1711 2472 1959 2516 seminecem

411 2547 681 2603 reliquerunt.
804 2547 886 2591 Sed
917 2547 1000 2591 illis
1025 2548 1285 2603 abeuntibus,
1317 2562 1460 2591 servus
1481 2549 1561 2592 Dei
1581 2532 1869 2605 BernhardusJ
1892 2562 1959 2592 ac-

412 2628 604 2667 currente
643 2625 696 2667 ad
734 2639 827 2668 eum
867 2624 1081 2681 capellano
1128 2638 1201 2667 suo
1240 2624 1363 2668 Petro
1408 2626 1575 2669 nomine
1621 2639 1669 2669 ae
1705 2639 1876 2669 manum
1920 2626 1959 2669 ei

412 2701 550 2755 dante,
583 2702 784 2754 surrexit3
816 2702 1123 2757 resumptisque
1143 2702 1314 2756 viribuS,
1346 2702 1495 2744 iterum
1518 2702 1672 2758 populo
1693 2703 1864 2756 verbum
1892 2716 1958 2746 sa·-

411 2777 510 2820 lutis
543 2778 795 2821 annunciare
827 2791 999 2821 exorsus
1031 2781 1107 2821 est.
1160 2777 1402 2821 Sacerdotes
1434 2792 1544 2833 ver0,
1577 2779 1628 2822 de
1657 2779 1794 2822 medio
1825 2779 1958 2836 plebis

413 2867 506 2896 eum
528 2853 730 2897 violenter
752 2854 1052 2909 abstrahentes,
1085 2868 1179 2898 eum
1207 2854 1421 2911 capellano
1453 2858 1494 2898 et
1522 2855 1750 2912 interprete
1779 2869 1853 2899 suo
1883 2869 1958 2899 na-

507 2962 533 2982 a.
565 2953 648 2983 nullo
674 2952 735 2983 GE.
1016 2954 1046 2984 b.
1077 2954 1148 2984 hinc
1172 2953 1203 2985 C.

506 3016 538 3052 1.
565 3014 620 3052 Of.
643 3016 719 3052 Ioh.
738 3017 793 3063 10,
819 3017 875 3052 38.
1018 3018 1052 3053 2.
1083 3020 1168 3053 ante
1193 3026 1306 3053 annos
1333 3017 1411 3053 125.
1553 3018 1588 3054 3.
1614 3028 1646 3053 a.
1664 3018 1745 3054 997.
