2028 3438
392 232 480 274 464
903 243 1123 275 UDALRIGI
1147 244 1321 276 connx.
1370 242 1439 275 279

604 348 820 393 Def2titulo
850 348 1040 393 Damasi·
1057 349 1338 393 Christoforus
1371 350 1641 394 associeturv-
1666 355 1720 394 21<l

606 425 776 481 Sergius
807 426 904 469 hinc
933 426 1119 474 rutilans
1142 426 1367 470 Anastasio
1399 426 1719 483 copulamus-³³

603 502 660 546 Et
689 502 848 557 Laudo,
881 503 1025 547 vivens
1055 503 1287 557 modicum,
1310 512 1444 559 super·
1459 506 1583 555 'astra
1612 494 1787 547 lavatura

605 579 807 623 Omnibus
839 580 902 623 his
933 580 1103 623 tandem
1135 579 1846 634 decimumlconiungeflohannem,

544 656 903 700 85›Cui·Leo.,seu
936 656 1171 713 Stephanus
1204 657 1430 701 succedunt
1460 657 1652 711 dogmate
1678 656 1881 711 grandem

596 732 660 777 Et
689 733 785 777 Leo.
807 748 901 777 cum
935 733 1146 790 Stephano
1169 756 1222 775 —2—
1247 734 1462 791 praecedit
1491 748 1604 790 papa
1620 733 1837 779 {Iohannes
1861 757 1913 762 -—

602 810 690 854 Nec
719 825 804 854 non
834 811 1022 854 Marinus
1054 815 1096 855 et
1124 811 1499 867 Agapitus..atque.
1519 806 1748 855 Iohannes}

603 887 844 931 Presulibus
876 888 1046 944 quintus
1077 888 1343 943 coniungitur
1373 888 1781 942 hisBenedictusy:

603 965 681 1008 Cui
709 964 802 1009 Leo
826 966 1037 1022 iungatur,
1069 965 1285 1009 Iohannes.
1307 969 1361 1009 et'
1378 965 1642 1020 Benedictus,

543 1054 582 1083 90
603 1041 660 1084 Et
689 1041 878 1086 Domnus
910 1054 987 1086 nec
1018 1056 1101 1085 non
1131 1042 1393 1086 Bonifacius¹¹
1426 1047 1467 1086 et
1495 1042 1758 1086 Benedictus.

602 1119 659 1162 Et
688 1123 884 1175 quartum
916 1120 1123 1166 decimum
1154 1123 1250 1176 post
1280 1121 1382 1163 istos
1415 1121 1548 1163 scribe
1570 1119 1817 1173 ¹hihannem,

602 1196 659 1240 Et
689 1197 878 1252 quintum
912 1197 1119 1240 decimum
1149 1200 1245 1253 post
1274 1197 1376 1240 istos
1409 1197 1541 1252 scribe
1571 1196 1811 1251 Iohannem,

602 1273 659 1316 Et
689 1277 855 1318 sextum
886 1274 1091 1317 decimum
1124 1277 1220 1330 post
1248 1275 1352 1317 istos
1384 1274 1519 1318 scribe
1548 1273 1795 1325 Iohannem

602 1350 850 1405 Gregorium
883 1352 1074 1406 quintum
1104 1352 1236 1408 prius,
1269 1355 1310 1394 et
1340 1355 1437 1407 post
1467 1351 1600 1394 scribe
1632 1351 1868 1403 Iohannem.

541 1439 580 1470 95
603 1427 704 1470 Post
735 1441 858 1483 quem
890 1428 1137 1471 Silvestrum
1171 1429 1301 1485 prius,
1334 1432 1376 1471 et
1406 1427 1940 1485 post'scribe-slohanncm3

601 1505 709 1548 Huic
740 1506 866 1548 etiam
897 1519 1051 1548 nonum
1085 1505 1291 1548 decimum
1323 1504 1827 1549 subscribelohannemb.

601 1582 769 1637 Sergius
800 1583 897 1625 hinc
929 1587 1100 1638 quartus
1133 1583 1390 1626 subnectitur
1422 1586 1464 1626 et
1492 1582 1755 1637 Benedictus,

599 1660 746 1703 Restat
776 1660 996 1702 vicesimus
1027 1660 1252 1715 Iohannes,
1278 1674 1351 1703 seu
1380 1659 1642 1703 Benedictus.
1716 1688 1718 1693 ,

599 1737 722 1780 Hunc
751 1751 907 1780 nonum
939 1737 1146 1780 decimum
1178 1738 1429 1793 depromunt
1459 1737 1616 1793 scripta
1645 1736 1889 1788 Iohannem3

517 1828 575 1857 100
598 1814 715 1865 Quod
746 1828 819 1857 cur
851 1815 1026 1869 eveniat,
1059 1814 1174 1857 dabit
1205 1814 1281 1857 hoc
1314 1828 1536 1868 agnoscere
1569 1822 1757 1858 carmen:

600 1891 812 1943 Quendam
845 1891 1071 1935 Iohannem
1102 1891 1138 1934 si
1167 1891 1418 1934 Mercurium
1451 1891 1693 1945 vocitamus,
1719 1917 1722 1921 ι

599 1969 745 2023 Istum,
777 1969 1034 2023 vicesimum,
1067 1969 1459 2021 nonumosdeeimum,
1491 1981 1772 2012 numeramus.

601 2046 800 2090 Silvester
830 2060 924 2089 cum
956 2046 1170 2100 Gregorio,
1204 2045 1477 2101 Clemensque
1507 2045 1712 2089 secundus
1777 2082 1780 2086 .

600 2123 704 2166 Cum
735 2123 919 2166 Damaso
951 2123 1109 2177 rutilat,
1140 2122 1225 2166 Leo
1256 2128 1352 2179 post
1377 2123 1599 2178 Victorque
1631 2121 1847 2165 secundus.

518 2213 576 2243 105
600 2200 836 2257 Stephanus
869 2201 965 2243 hinc
994 2213 1127 2242 nonus
1159 2213 1235 2243 nec
1265 2213 1349 2242 non
1380 2200 1562 2243 decimus
1593 2199 1863 2252 Benedictus3

598 2278 654 2320 Et
685 2278 870 2321 succedit
900 2278 958 2320 eis
990 2277 1197 2333 Nycolaus
1227 2277 1271 2319 in
1303 2277 1446 2320 ordine
1477 2277 1647 2320 mixtus.

598 2354 718 2397 Alter
747 2355 993 2398 Alexander
1020 2358 1062 2398 et
1092 2353 1322 2408 Gregorius,
1347 2354 1606 2410 copulantur,

599 2431 741 2474 Victor
773 2435 814 2474 et
847 2431 1036 2474 Urbanus
1068 2445 1160 2474 cum
1193 2430 1383 2473 Paschali
1414 2434 1700 2474 numerantur.

598 2508 810 2552 Gelasium
841 2509 996 2551 mundo
1027 2509 1231 2552 concessit
1260 2513 1405 2565 postea
1436 2508 1645 2562 Christus;
1715 2541 1718 2548 1

517 2598 576 2626 110
599 2585 697 2628 Cui⁰
730 2586 946 2629 decedenti
977 2586 1174 2629 successit
1205 2599 1316 2642 papa
1347 2585 1552 2628 Kalixtus.

597 2662 806 2705 Honorius
837 2663 1084 2705 kathedram
1117 2668 1212 2718 post
1244 2676 1386 2705 omnes
1416 2662 1491 2704 hos
1524 2661 1747 2704 decoravit.

597 2739 743 2794 Hincd,
775 2739 1003 2794 Innocenti,
1036 2743 1077 2782 te
1108 2753 1261 2795 papam
1293 2739 1425 2781 Roma
1455 2738 1630 2795 vocavit,

595 2814 697 2858 Post
727 2815 973 2871 Celestinus,
1005 2816 1147 2859 celesti
1178 2817 1371 2870 dogmate
1400 2815 1579 2869 functus,
1652 2849 1655 2853 x

598 2892 832 2936 Chrismate
861 2893 1051 2936 laeticiae
1083 2893 1138 2936 sit
1168 2907 1268 2949 prae
1300 2892 1560 2935 consortibus
1590 2894 1752 2934 unctus.

480 2995 507 3015 a.
538 2985 593 3016 sic.
716 2986 746 3016 b.
777 2986 832 3017 sic.
957 2996 981 3017 c.
1014 2987 1071 3024 Qui
1094 2987 1123 3017 V.
1249 2986 1278 3016 d.
1310 2986 1360 3017 Sic
1383 2987 1413 3016 V.
