2028 3438
426 243 514 287 514
799 255 1049 288 EPISTOLAE
1078 255 1449 287 BAMBERGENSES.
1496 252 1553 287 20.
1571 253 1613 287 21

309 374 399 410 1117
543 360 674 404 Porro
715 361 751 404 si
782 361 939 404 auxilio
970 361 1036 405 vel
1078 361 1250 404 consilio
1288 363 1432 404 nostro
1471 360 1689 416 egueritis,
1728 359 1907 417 qualiter
1935 359 1980 403 id

426 437 564 481 velitis
594 436 698 494 fieri,
731 438 993 482 discretionis
1022 441 1162 481 vestre
1193 437 1358 481 ordinet
1386 437 1622 493 prudentia.
1668 436 1738 480 Ad
1767 435 1880 493 quod
1907 449 1980 480 ex-

426 515 662 571 equendum
682 515 1000 572 promptissima
1019 515 1255 558 invenietur
1274 517 1419 557 nostra
1440 514 1669 569 diligentia.
1714 513 1844 570 Ergo,
1862 513 1980 570 quic-

427 592 528 647 quid
557 592 676 635 vobis
712 592 756 635 in
796 605 1015 635 commune
1053 591 1278 648 placuerit,
1316 591 1437 634 nobis
1467 591 1753 635 desideramus
1782 590 1978 644 rescribi3

425 682 510 711 non
540 669 708 725 quidem
731 668 849 712 vobis
881 668 1132 723 diffidentes,
1165 668 1238 711 sed
1268 669 1312 711 in
1342 668 1556 725 responsis
1583 667 1734 712 vestris
1762 666 1980 712 iocundari

425 745 624 800 volentes,
655 749 716 800 ut,
749 745 858 801 quod
889 744 1097 801 corporali
1128 745 1206 788 hoc
1236 748 1425 802 tempore
1455 745 1602 802 nequit
1630 744 1979 806 fieri-presentia,

425 822 574 866 saltem
605 835 680 865 suo
711 821 909 866 beneficio
940 822 1061 865 nobis
1093 822 1287 866 exhibeat
1318 822 1516 879 epistola;
1555 822 1674 866 cuius
1704 825 1768 865 est
1797 819 1980 865 officium

426 900 618 944 absentes
657 900 776 956 quasi
814 902 1030 956 presentes
1068 898 1231 943 efficere
1269 902 1311 943 01
1347 899 1458 943 inter
1501 900 1679 943 amicos·
1715 899 1804 943 tam
1842 897 1980 942 dulcia

425 992 550 1034 quam
581 979 741 1021 secreta
771 976 978 1032 colloquia
1007 976 1195 1019 miscere.
1240 976 1399 1020 Valete.

543 1054 713 1098 Ceteras
734 1053 938 1108 civitates,
972 1066 1051 1109 que
1072 1053 1287 1097 vobiscum
1313 1057 1424 1108 sunt,
1457 1054 1688 1098 confortate
1717 1054 1764 1097 in
1782 1053 1976 1097 Domino.

428 1195 509 1240 21.
545 1196 789 1238 Fridericus
806 1196 837 1237 I
851 1196 1186 1252 archiepiscopus
1208 1195 1463 1239 Coloniensis
1484 1197 1639 1252 synodi
1651 1195 1978 1257 Mediolaneneis

545 1275 758 1330 episcopos
779 1274 1023 1329 interroqat,
1060 1271 1252 1317 Gelasius
1275 1273 1332 1315 II
1356 1274 1501 1316 electas
1526 1289 1650 1330 papa
1676 1288 1759 1331 quo
1778 1275 1826 1318 in
1847 1273 1979 1317 Hein-

542 1352 677 1393 rieum
706 1350 747 1392 V
770 1351 1062 1406 imperatorem
1092 1352 1232 1393 animo
1263 1349 1354 1393 sith.

260 1450 353 1485 1118
542 1437 861 1481 Venerabilibus
893 1438 1074 1481 dominis
1107 1438 1429 1495 archiepiscopis
1461 1442 1502 1482 et
1530 1438 1736 1496 episcopis
1766 1438 1979 1483 omnibus-

200 1498 403 1570 Ἑῖἶίζήθῖζι-
426 1528 505 1571 que
536 1515 772 1570 catholicis,
812 1515 855 1557 in
887 1515 964 1558 hoc
996 1518 1090 1558 cetu
1121 1515 1173 1558 ad
1203 1515 1283 1558 Dei
1313 1515 1512 1559 honorem
1551 1519 1593 1560 et
1623 1515 1771 1560 eclesie
1801 1515 1979 1560 salutem

426 1592 702 1647 congregatis,
732 1591 969 1634 Fridericus
991 1591 1070 1635 Dei
1101 1592 1239 1646 gratia
1268 1595 1410 1636 sancte
1434 1592 1693 1636 Coloniensis
1725 1592 1873 1637 eclesie
1902 1593 1979 1636 hu-

426 1669 538 1712 milis
568 1669 760 1712 minister
791 1668 962 1711 devotas
994 1669 1216 1724 orationes,
1247 1670 1364 1726 pium
1395 1669 1439 1712 in
1466 1669 1632 1713 Christo
1663 1670 1907 1727 obsequium
1937 1673 1980 1714 et

425 1747 572 1789 intime
604 1745 837 1788 dilectionis
870 1745 1075 1788 affectum.

543 1823 659 1866 Patri
679 1822 1059 1865 misericordiarum
1083 1826 1125 1866 et
1146 1823 1234 1866 Deo
1255 1824 1388 1866 tocius
1411 1821 1729 1868 consolationis¹
1752 1825 1977 1869 immensas

425 1900 654 1955 gratiarum
678 1899 860 1943 actiones
882 1894 1115 1955 referimus,
1142 1901 1212 1955 qui
1232 1924 1281 1931 ——
1300 1901 1344 1943 in
1367 1902 1502 1944 0111111θ
1523 1901 1815 1946 tribulatione·¹
1831 1905 1979 1945 ‘nostra

426 1977 649 2033 multiplici
671 1976 954 2019 consolatione
975 1990 1050 2019 nos
1072 1977 1256 2021 crebrius
1278 1978 1453 2021 visitans
1475 2002 1530 2007 —
1553 1979 1690 2035 aperit
1711 1979 1838 2023 etiam
1857 1978 1978 2023 nobis

426 2054 471 2096 in
492 2057 628 2097 vestre
659 2053 894 2096 sanctitatis
926 2057 1132 2097 conventu
1163 2055 1300 2097 sinum
1329 2055 1513 2099 fraterne
1536 2056 1849 2113 compassionis,
1880 2069 1977 2113 pro-

426 2130 598 2173 mittens
635 2131 755 2174 nobis
786 2132 831 2174 in
870 2145 944 2188 spe
982 2131 1128 2174 auxilii
1166 2134 1208 2174 et
1247 2132 1411 2175 consilii
1442 2133 1570 2176 vestri
1608 2133 1738 2176 ubera
1773 2133 1844 2190 pie
1880 2145 1977 2176 0011-

427 2205 679 2250 solationis².
726 2207 881 2262 Longis
914 2209 1024 2252 enim
1057 2212 1099 2252 et
1127 2208 1323 2263 gravibus
1346 2208 1489 2252 afflicti
1515 2210 1852 2266 persecutionum
1872 2213 1977 2253 tem-

425 2285 656 2341 pestatibus
689 2298 714 2327 a
744 2286 951 2341 perversis
992 2289 1034 2328 et
1068 2285 1304 2329 infidelibus
1336 2290 1504 2329 sanctae
1534 2286 1682 2330 matris
1720 2286 1869 2331 eclesie
1897 2287 1976 2330 im-

425 2361 741 2417 pugnatoribus,
773 2362 902 2404 nichil
932 2363 1095 2406 tristius
1125 2363 1169 2405 in
1200 2363 1279 2405 hac
1302 2362 1538 2406 calamitate
1558 2363 1820 2419 pertulimus,
1852 2377 1978 2419 quam

427 2439 536 2493 quod
569 2438 745 2482 desolati
776 2453 919 2482 sumus
952 2453 976 2482 a
1007 2439 1259 2483 sanctissimi
1297 2440 1431 2496 patris
1466 2440 1599 2483 nostri
1636 2437 1878 2496 apostolici3
1908 2453 1976 2484 ca-

426 2515 582 2558 tholica
611 2515 906 2559 consolatione.
962 2516 1069 2567 Quia
1096 2516 1187 2572 ipse
1218 2519 1327 2571 erat,
1369 2517 1439 2572 qui
1470 2517 1675 2560 vestiebat
1703 2531 1780 2561 nos
1811 2518 1975 2561 coccino

520 2642 547 2662 a.
578 2634 673 2663 amico
695 2643 720 2664 e.
823 2634 852 2663 b.
884 2633 1047 2673 Descripsi
1068 2644 1105 2664 ea:
1127 2633 1312 2664 Annalistae
1335 2633 1471 2664 Saxonis
1492 2634 1556 2664 cod.
1573 2634 1642 2665 bibl.
1664 2634 1735 2674 imp.
1751 2634 1858 2666 Paris.
1874 2636 1976 2666 11851

428 2683 516 2722 (olim
533 2685 564 2715 S.
578 2685 726 2716 Germani
747 2685 826 2723 440)
845 2685 908 2725 fol.
922 2687 1001 2723 222,
1024 2686 1078 2716 ubi
1097 2687 1189 2717 rebus
1211 2686 1286 2717 anni
1301 2688 1382 2717 1118
1403 2687 1547 2727 apposita
1567 2686 1643 2718 haec
1660 2688 1791 2728 epistola
1812 2693 1865 2719 est.
1897 2688 1974 2718 Edi-

426 2737 539 2767 derunt
559 2738 703 2768 Martem
722 2743 752 2768 et
772 2738 911 2769 Durand
935 2738 1008 2769 Con.
1023 2739 1042 2769 I
1062 2740 1131 2770 641.
1255 2748 1280 2769 c.
1313 2738 1344 2770 ’ὀῑ
1367 2749 1392 2770 c.
1512 2740 1543 2770 d.
1573 2740 1767 2771 tribulatione
1788 2740 1976 2772 addiderunt

426 2790 570 2820 Martem
591 2795 620 2821 ct
640 2791 785 2821 Durand.

508 2864 554 2900 ’1.
580 2866 602 2900 2
625 2865 706 2901 Cor.
727 2866 758 2910 1,
783 2866 824 2900 3:
852 2866 980 2911 „Pater
1003 2866 1329 2902 misericordiarum
1361 2869 1399 2901 01
1421 2866 1522 2902 Deus
1545 2867 1658 2903 totius
1683 2867 1974 2904 consolationis“.

426 2924 460 2959 2.
485 2923 569 2959 Isai.
588 2924 644 2969 66,
663 2924 725 2959 11:
760 2925 997 2969 „repleamini
1028 2924 1074 2961 ab
1099 2924 1211 2960 ubere
1235 2925 1491 2961 consolationis
1515 2925 1594 2961 eius
1606 2924 1638 2961 “.
1755 2926 1790 2961 3.
1819 2926 1975 2963 Pascha-

425 2981 470 3017 lis
487 2982 521 3017 ΙΙ
544 2992 672 3028 papae,
698 2982 756 3017 die
781 2984 825 3017 21
846 2983 1002 3018 Ianuarii
1028 2994 1060 3019 a.
1080 2984 1171 3019 1118
1196 2984 1338 3019 mortui.
