2028 3438
397 275 453 318 22
935 286 1154 318 nmmum
1185 285 1352 318 connx.
1399 284 1421 317 2

396 391 472 427 suis
505 389 673 427 omnibus
705 392 959 426 sacrosanctae
990 390 1038 426 ill.
1065 391 1240 426 ecclesiae
1272 391 1455 427 canonicis
1483 390 1527 427 N.
1552 390 1671 436 gratia
1695 390 1766 427 Dei
1786 387 1951 428 worma-

395 455 522 492 tiensis
547 455 685 491 electus
710 455 903 491 servicium
929 464 1034 491 suum
1064 458 1101 491 et
1125 456 1341 491 orationes·.
1437 455 1594 492 Domino
1618 465 1685 492 suo
1702 455 1959 493 ‚Romanorum-

394 520 606 567 imperatori
631 522 788 565 augusto
814 519 858 556 N.
884 529 972 556 suus
997 520 1204 557 omnimodo
1228 521 1271 557 N.
1297 530 1370 557 non
1394 521 1600 566 episcopale
1633 520 1699 557 sed
1729 520 1861 557 servile
1883 519 1951 558 ob·

396 585 562 631 sequium
590 585 627 620 in
652 584 831 621 omnibus.
926 585 1233 621 Reverentissimo
1258 585 1430 631 episcopo
1454 585 1498 622 N.
1523 585 1667 621 humilis
1697 588 1737 621 et
1765 585 1953 622 luctuosus

395 649 713 695 Babenbergensis
744 649 862 685 clerus
891 648 1104 695 obsequium
1138 653 1176 686 et
1206 650 1358 686 devotas
1389 650 1427 686 in
1451 649 1595 686 Christo
1620 650 1812 687 orationes.
1906 650 1952 686 11-

395 715 500 750 lustri
524 717 562 750 et
585 712 779 759 magnifico
804 714 847 750 N.
870 713 954 750 duci
977 714 1122 750 humilis
1147 717 1184 750 et
1207 715 1394 751 luctuosus
1410 714 1726 760 Babenbergensis
1749 715 1867 752 clem
1890 713 1952 751 de-

394 781 502 815 votas
526 779 564 814 in
580 778 723 814 Christo
748 779 941 814 orationes.
1037 780 1070 816 N
1073 778 1099 815 .¹·
1123 783 1199 816 tam
1224 780 1381 826 glorioso
1406 789 1516 825 quam
1531 778 1725 825 magnifico
1740 777 1812 816 Dei
1834 780 1954 826 gratia

395 844 640 880 Romanorum
665 843 874 888 imperatori
899 847 1055 889 augusto
1080 846 1196 882 clerus
1214 844 1393 891 Spirensis
1420 845 1574 880 salutem
1598 847 1636 881 et
1655 843 1846 882 victoriam
1869 853 1952 881 cum

396 908 634 945 devotissima
657 908 859 944 orationum
885 909 1069 945 instantia.
1166 910 1404 946 serenissimo
1429 910 1576 947 domino
1599 919 1667 946 suo
1685 909 1728 947 N.
1745 909 1954 956 imperatori

397 973 514 1009 cesari
539 982 683 1019 semper
707 976 863 1018 augusto
887 973 1204 1019 Babenbergensis
1229 975 1383 1011 ecclesia
1411 975 1560 1021 speciali
1585 974 1742 1021 quadam
1765 971 1952 1020 fidelitate,

396 1037 466 1074 sibi
482 1038 631 1084 suisque
648 1037 938 1074 antecessoribus
956 1048 1098 1084 semper
1115 1039 1295 1085 devincta,
1319 1038 1427 1075 fidele
1443 1042 1481 1076 et
1497 1039 1626 1076 stabile
1651 1039 1844 1076 servicium
1869 1047 1952 1075 cum

397 1103 541 1139 devotis
566 1102 802 1139 orationibus.
885 1103 955 1138 Dei
971 1104 1090 1148 gratia
1102 1103 1416 1150 wirzeburgensis
1433 1105 1609 1141 ecclesiae
1633 1104 1826 1151 episcopus
1848 1113 1953 1150 prae—

395 1168 516 1214 posito
541 1170 579 1203 et
603 1167 742 1204 decano
767 1170 916 1203 sanctae
941 1167 1257 1214 Babenbergensis
1282 1169 1457 1206 ecclesiae
1484 1179 1567 1205 cum
1590 1172 1671 1205 tota
1691 1165 1845 1206 fratrum
1868 1178 1952 1206 con-

396 1233 610 1278 gregatione
634 1231 817 1268 fraternae
834 1232 1035 1268 dilectionis
1060 1232 1329 1270 exhibitionem.
1424 1235 1469 1271 N.
1486 1234 1556 1271 Dei
1573 1234 1694 1281 gratia
1707 1234 1952 1271 Romanorum

395 1297 593 1343 imperator
625 1299 803 1342 augustus
834 1297 878 1334 N.
903 1297 1222 1344 Ratisponensium
1257 1299 1427 1346 episcopo
1458 1300 1612 1346 gratiam
1643 1309 1747 1336 suam
1779 1301 1818 1336 et
1845 1308 1954 1336 omne

395 1361 531 1398 bonum
554 1363 597 1398 ut
619 1361 718 1398 fideli
741 1362 945 1398 karissimo.

490 1426 536 1462 A.
554 1427 801 1473 Moguntinus,
833 1427 874 1463 F.
894 1427 1129 1473 emoniensis,
1156 1415 1196 1464 ὁ.
1215 1427 1514 1476 Constantianus,
1539 1429 1881 1476 affirmationis,
1906 1429 1952 1467 A.

396 1491 577 1537 Spirensis
601 1502 667 1538 per
683 1492 752 1528 Dei
769 1492 1052 1528 misericordiam
1074 1492 1335 1540 archiepiscopi
1360 1498 1398 1530 et
1421 1494 1593 1541 episcopi,
1618 1483 1659 1531 ὁ.
1675 1494 1867 1531 Fuldensis
1891 1494 1953 1531 ab·

395 1555 473 1603 bas,
498 1557 544 1593 H.
562 1566 706 1602 quoque
724 1556 809 1602 dux,
835 1557 875 1592 F.
895 1557 979 1602 dux,
1006 1556 1050 1593 G.
1068 1557 1250 1603 palatinus
1268 1568 1400 1605 comes,
1426 1559 1468 1595 B.
1482 1569 1615 1606 comes,
1641 1561 1679 1595 et
1695 1559 1805 1596 ceteri
1821 1560 1952 1596 utrius-

396 1631 467 1667 que
491 1620 727 1667 professionis
750 1622 950 1667 principes,
981 1622 1043 1667 qui
1068 1623 1231 1668 exequiis
1255 1624 1483 1669 imperatoris
1510 1624 1724 1671 intererant,
1754 1624 1954 1661 venerabili

394 1685 499 1722 fratri
524 1686 565 1722 Ο.
583 1685 879 1732 Babenbergensi
903 1687 1075 1732 episcopo
1107 1687 1190 1723 hinc
1223 1686 1401 1724 fraternas
1433 1689 1471 1724 in
1496 1689 1639 1726 Christo
1663 1688 1845 1726 orationes
1867 1690 1952 1726 inde

395 1749 645 1787 fidelissimum
678 1750 810 1787 devote
842 1751 1027 1787 servitutis
1059 1751 1287 1797 obsequium.
1383 1754 1426 1790 N.
1451 1754 1488 1790 in
1513 1753 1647 1791 Christi
1677 1753 1836 1791 menbris
1865 1765 1953 1792 vero

395 1825 505 1852 verae
530 1816 715 1861 religionis
740 1817 889 1862 speculo
917 1817 982 1863 D.,
1012 1818 1081 1853 Dei
1105 1818 1224 1863 gratia
1248 1818 1279 1854 si
1303 1818 1389 1864 quid
1413 1822 1486 1865 est,
1515 1819 1610 1855 inter
1632 1829 1826 1866 erumpnas
1849 1819 1952 1856 inmi-

395 1881 515 1916 nentis
547 1881 744 1927 procellae,
780 1881 825 1916 ad
851 1891 911 1927 ea,
946 1891 1017 1927 que
1048 1893 1191 1918 sursum
1220 1886 1321 1929 sunt,
1352 1883 1598 1920 indesinenter
1621 1884 1812 1930 suspirare.
1906 1885 1951 1922 N.

396 1947 545 1981 sanctae
562 1946 796 1991 Moguntinae
821 1947 996 1983 ecclesiae
1019 1947 1165 1983 humilis
1190 1958 1317 1984 servus
1343 1951 1380 1984 et
1402 1949 1601 1995 apostolice
1617 1949 1716 1986 sedis
1730 1950 1874 1996 legatus
1890 1960 1952 1987 ve-

395 2009 546 2046 nerabili
570 2013 608 2046 et
631 2011 669 2046 in
686 2010 828 2047 Christo
855 2011 986 2048 dilecto
1010 2011 1113 2048 fratri
1137 2015 1175 2048 et
1199 2013 1414 2059 coepiscopo
1437 2014 1570 2050 domno
1593 2014 1633 2051 O.
1650 2015 1804 2051 salutem
1828 2017 1866 2051 et
1888 2015 1952 2052 ob-

396 2075 561 2120 sequium
586 2074 767 2111 fraternae
786 2076 999 2113 dilectionis.
1094 2078 1138 2114 N.
1158 2078 1274 2114 amico
1301 2088 1367 2114 suo
1391 2079 1519 2124 plenae
1543 2079 1744 2116 dilectionis
1769 2080 1951 2116 affectum.

395 2140 561 2176 Dominis
592 2143 629 2175 et
659 2139 830 2176 fratribus
862 2142 1204 2187 conprovincialium
1237 2144 1469 2180 ecclesiarum
1494 2143 1538 2181 N.
1563 2144 1660 2180 illius
1683 2145 1860 2181 ecclesiae
1882 2146 1950 2182 uti-

343 2218 345 2220 ·
395 2215 480 2240 nam
510 2205 548 2241 in
573 2205 691 2250 gratia
715 2205 783 2241 Dei
807 2207 1036 2252 praepositus
1060 2207 1220 2244 decanus
1246 2209 1420 2254 magister
1445 2219 1527 2245 cum
1552 2209 1796 2246 devotissimis
1820 2212 1951 2248 oratio-

396 2269 503 2305 nibus
528 2270 690 2305 sincerae
715 2270 876 2306 caritatis
902 2271 1128 2317 obsequium.
1223 2273 1379 2310 Domino
1404 2274 1447 2310 N.
1473 2273 1670 2310 venerabili
1701 2275 1750 2311 ill.
1776 2275 1951 2312 ecclesiae

396 2333 667 2381 archiepiscopo
693 2335 737 2371 N.
759 2336 969 2372 clericorum
994 2337 1163 2373 minimus
1188 2348 1270 2374 cum
1295 2338 1438 2383 devotis
1463 2338 1686 2375 orationibus
1709 2338 1815 2376 fidele
1839 2341 1950 2377 servi-

396 2399 502 2434 cium.
599 2400 643 2436 N.
661 2400 859 2437 venerabili
876 2404 1023 2437 sanctae
1040 2402 1283 2439 Traiectensis
1301 2403 1475 2439 ecclesiae
1496 2404 1705 2449 praeposito
1721 2404 1859 2441 decano
1875 2416 1950 2442 ma-

395 2463 510 2509 gistro
528 2463 823 2501 Monasteriensis
845 2467 1105 2512 qualiscunque
1133 2468 1286 2503 ecclesia
1309 2478 1349 2504 se
1373 2469 1489 2514 ipsam
1513 2478 1596 2504 cum
1620 2467 1852 2506 fidelissimae
1876 2480 1949 2506 ser-

395 2528 522 2564 vitutis
547 2532 584 2564 et
607 2529 781 2565 orationis
802 2529 1015 2576 frequentia.
1110 2531 1266 2568 Sanctae
1290 2533 1338 2568 ill.
1356 2533 1531 2570 ecclesiae
1548 2533 1702 2570 dominis
1719 2545 1762 2570 ac
1777 2533 1950 2572 fratribus

396 2591 433 2635 S.
459 2593 720 2638 qualiscunque
748 2595 795 2630 ill.
821 2596 998 2632 ecclesiae
1030 2597 1259 2644 praepositus
1283 2598 1443 2634 decanus
1468 2598 1650 2644 ceterique
1673 2597 1822 2646 fratres,
1855 2609 1949 2646 quae

395 2666 579 2702 nunquam
605 2658 740 2694 excidit
766 2660 953 2696 caritatem
979 2664 1016 2697 et
1033 2672 1126 2707 quae
1144 2672 1286 2707 semper
1301 2662 1466 2708 invigilat
1485 2663 1696 2699 orationem.
1792 2663 1949 2702 Sanctae

395 2722 443 2757 ill.
469 2722 645 2757 ecclesiae
670 2722 824 2759 dominis
857 2728 894 2760 et
925 2725 1097 2762 fratribus
1125 2727 1334 2772 praeposito
1365 2727 1503 2763 decano
1533 2728 1723 2764 scolastico
1747 2730 1948 2776 ceterisque

395 2786 563 2822 omnibus
588 2786 788 2823 confratres
812 2788 860 2823 ill.
879 2791 1054 2826 ecclesiae
1079 2801 1123 2828 ex
1147 2792 1255 2837 plena
1279 2790 1504 2828 fraternitate
1529 2793 1682 2829 devotas
1707 2794 1887 2830 orationes
1910 2795 1948 2831 in

394 2850 562 2886 Domino.
659 2852 702 2887 N.
728 2852 797 2888 Dei
828 2854 947 2898 gratia
977 2858 1125 2891 sanctae
1149 2856 1382 2901 Moguntinae
1414 2857 1588 2893 ecclesie⁰
1612 2857 1755 2893 humilis
1786 2858 1948 2894 minister

396 2917 434 2950 et
458 2915 679 2961 apostolicae
702 2916 799 2952 sedis
829 2918 972 2963 legatus
997 2919 1137 2955 dilectis
1169 2921 1206 2955 in
1231 2920 1372 2956 Christo
1395 2920 1479 2957 filiis
1496 2921 1810 2967 wirzeburgensis
1834 2923 1947 2958 eccle-

489 3026 515 3046 ει.
551 3018 581 3046 et
603 3026 689 3047 omne
711 3017 822 3048 bonum
843 3019 873 3048 V.
998 3020 1028 3050 b.
1058 3030 1118 3051 non
1140 3021 1210 3052 add.
1229 3022 1259 3052 V.
1384 3031 1409 3051 c.
1442 3032 1498 3052 om.
1517 3023 1548 3053 V.
