2028 3438
430 248 516 291 706
701 260 936 291 nauscam
966 260 1206 291 nummis.
1253 262 1339 291 Lm.
1362 261 1391 291 1.
1438 260 1712 291 Pnoommm

301 373 394 409 1158
549 365 672 408 Tum
711 378 820 420 ego:
866 365 992 410 Recte
1031 366 1239 421 inquam
1278 365 1401 409 hodie
1440 365 1490 408 de
1527 365 1600 408 illo
1639 364 1979 419 sermocinamur,

287 422 351 452 ¹¹¹¹*
368 422 406 451 ³⁰
431 442 502 497 qui
543 441 655 484 omni
693 441 835 484 domui
874 446 1014 485 nostre
1052 442 1180 485 immo
1220 442 1380 485 civitati
1419 442 1611 485 universe
1650 441 1880 485 communis
1918 445 1982 485 est

430 519 607 562 materia
643 518 792 562 leticie.
840 509 1188 562 Anniversarius⁶
1220 519 1330 562 enim
1368 519 1447 562 iste
1484 519 1618 562 instar
1653 518 1779 562 habet
1811 517 1979 573 natalis,

431 598 474 638 et
503 595 644 649 magni
666 595 763 638 festi
788 595 960 638 alicuius
980 595 1219 648 imaginem.
1267 595 1403 638 Tanta
1433 595 1588 651 quippe
1619 595 1742 638 hodie
1771 594 1883 651 apud
1905 607 1980 638 nos

430 671 666 727 frequentia
695 671 840 727 populi
869 672 962 726 fuit,
994 675 1080 714 tam
1111 671 1262 714 festiva
1293 671 1343 714 de
1371 671 1493 714 domo
1524 671 1755 714 cathedrali
1777 670 1981 715 ⁴»aliorum-

432 762 512 804 que
550 745 794 791 clericorum
833 748 1042 801 collectio,
1083 747 1279 790 abbatum
1319 761 1482 803 quoque
1518 751 1564 791 et
1601 747 1779 792 aliorum
1813 746 1981 802 relig-io-

433 838 572 867 sorum
611 825 822 880 hospitum
864 828 905 867 et
944 824 1191 867 secularium
1238 838 1508 880 personarum
1551 824 1829 868 venerabilem
1871 823 1981 868 beati

422 901 512 943 viri
541 901 730 944 tumbam
768 901 837 957 pie
870 901 1130 944 visitantium
1161 901 1400 955 conventio,
1439 905 1486 944 ut
1514 901 1622 944 festo
1651 900 1818 957 patroni
1848 900 1981 944 nostri

432 978 566 1020 sancti
585 977 827 1020 Michahelis
850 981 922 1020 aut
942 977 1192 1020 dedicationi
1214 977 1384 1021 ecclesie
1406 977 1527 1021 huius
1549 978 1631 1021 diei
1661 978 1981 1033 graciam'pene

431 1054 605 1097 audeam
639 1053 857 1108 adequare.
979 1053 1063 1096 Nec
1085 1067 1185 1097 sane
1218 1054 1392 1096 minima
1411 1054 1552 1108 gaudii
1584 1054 1729 1110 portio·
1749 1066 1981 1110 pauperum

430 1130 512 1173 fuit
540 1130 786 1183 multitudo3
820 1131 890 1185 qui
912 1130 963 1173 de
993 1131 1202 1186 perceptis
1224 1130 1580 1174 consolacionibus
1608 1143 1684 1187 per
1703 1133 1865 1174 turmas
1885 1143 1981 1174 suas

430 1206 475 1248 in
505 1210 730 1262 conspectu
767 1206 938 1250 ecclesie
978 1207 1095 1250 ibant
1131 1211 1173 1249 et
1209 1207 1497 1262 tripudiabant
1528 1207 1764 1251 exultantes
1802 1211 1845 1251 et
1875 1206 1982 1250 bona

430 1283 493 1325 illi
523 1283 785 1326 sanctissime
815 1283 954 1326 anime
985 1284 1263 1339 imprecantes
1295 1287 1336 1326 ct
1366 1283 1485 1326 nobis
1516 1297 1701 1339 quoque,
1738 1297 1771 1327 a
1805 1296 1981 1339 quorum

430 1359 623 1402 manibus
655 1373 724 1402 eas
756 1360 971 1415 percipere
1001 1361 1263 1403 meruissent.
1311 1360 1499 1404 Huiusne
1528 1360 1716 1404 oblivisci
1736 1361 1980 1419 poterimus,

432 1436 503 1491 qui
534 1449 630 1478 suas
661 1435 909 1479 elemosinas
939 1440 1104 1479 nostras
1135 1437 1245 1491 fecit,
1279 1437 1376 1479 dum
1399 1451 1469 1480 eas
1490 1436 1684 1480 manibus
1704 1437 1859 1480 nostris
1890 1449 1981 1480 ero-

431 1512 589 1566 gandas
620 1513 830 1555 instituit?
950 1513 1059 1555 Num
1097 1513 1184 1556 eius
1226 1514 1414 1556 oblivisci
1452 1514 1702 1569 poterimus,
1742 1513 1814 1569 qui
1852 1513 1981 1556 oculis

430 1588 585 1631 nostris
616 1591 679 1631 tot
709 1590 877 1643 egregia
907 1593 948 1632 et
977 1589 1168 1645 preclara
1196 1590 1260 1632 sui
1282 1590 1550 1644 monimenta,
1583 1589 1720 1645 quoad
1739 1588 1981 1643 vixerimus,

431 1665 665 1708 contuenda
695 1665 896 1720 ingessit?
938 1666 1091 1709 Omnes
1124 1667 1235 1709 enim
1266 1666 1340 1709 has
1372 1680 1545 1721 magnas
1576 1666 1863 1710 edificaciones
1893 1670 1980 1709 tam

431 1741 675 1784 monasterii
708 1726 829 1796 quam
872 1743 1057 1784 omnium
1097 1742 1356 1786 officinarum
1395 1744 1504 1797 eius,
1551 1743 1663 1785 intus
1702 1743 1980 1798 exteriusque,

433 1831 458 1859 a
487 1817 768 1861 fundamentis
800 1831 929 1874 usque
962 1819 1015 1861 ad
1046 1832 1161 1862 arces
1193 1823 1395 1862 tectorum
1429 1833 1557 1875 opera
1587 1820 1675 1862 eius
1707 1832 1798 1862 esse
1828 1819 1979 1875 dicitis.

432 1894 495 1936 Ac
526 1888 638 1950 sepe,
674 1895 771 1937 dum
802 1895 958 1937 mentio
989 1894 1037 1938 fit
1066 1895 1228 1950 horum,
1268 1900 1414 1951 stupor
1445 1899 1487 1939 et
1517 1896 1752 1939 ammiratio
1782 1896 1892 1939 inter
1920 1895 1982 1939 lo-

434 1974 606 2025 quentes
637 1971 788 2023 oritur3
829 1972 1024 2026 quoniam
1056 1972 1249 2015 videlicet
1279 1973 1512 2028 episcopus,
1543 1976 1631 2015 tam
1666 1972 1809 2015 multis
1838 1976 1882 2016 et
1910 1986 1982 2017 va-

432 2047 507 2089 riis
537 2047 720 2101 negociis
754 2051 992 2104 occupatus,
1025 2052 1184 2091 tantam
1207 2049 1318 2091 circa
1347 2052 1537 2091 nostrum
1567 2049 1702 2092 locum
1735 2061 1981 2106 promoven-

434 2123 533 2165 dum
564 2118 885 2167 Sollicitudinem
916 2129 1129 2168 tantamve
1159 2125 1365 2180 potuisset
1394 2125 1548 2168 habere
1579 2125 1855 2179 diligenciam.
1903 2124 1981 2168 Mi-

432 2199 586 2242 ramini
616 2201 745 2242 eciam
780 2214 984 2256 expensas
1016 2204 1057 2243 et
1077 2202 1288 2257 impensas
1310 2214 1415 2257 pene
1437 2214 1565 2257 supra
1587 2202 1757 2244 modum
1787 2201 1980 2245 liberales

434 2279 476 2317 et
505 2275 666 2329 largas3
698 2289 791 2318 cum
823 2277 899 2320 sub
927 2278 1164 2320 centenario
1196 2291 1294 2333 sepe
1325 2290 1372 2319 ac
1402 2277 1636 2320 millenario
1666 2291 1840 2321 numero
1870 2291 1981 2321 mar-

434 2363 575 2394 carum
609 2365 657 2394 ac
685 2352 937 2395 talentorum
967 2354 1186 2408 pecuniam
1218 2353 1486 2409 profunderet
1506 2353 1684 2396 Domino
1715 2355 1760 2397 in
1792 2357 1981 2410 sumptus

435 2427 689 2470 edificiorum
723 2441 771 2471 ac
807 2429 1046 2484 prediorum
1078 2430 1392 2485 coemptionem.
1513 2429 1642 2484 Nam,
1682 2430 1798 2473 vobis
1833 2430 1894 2473 ita
1922 2430 1982 2474 fe-

433 2504 634 2558 rentibus,
667 2505 830 2547 audivi:
867 2505 976 2560 quod
1007 2506 1114 2548 hanc
1143 2519 1232 2548 rem
1262 2509 1447 2548 nostram
1480 2530 1534 2535 ——
1558 2519 1681 2561 quam
1713 2507 1802 2550 eius
1833 2507 1982 2550 educa-

435 2580 552 2622 cione
574 2581 838 2623 vehementer
868 2582 911 2623 in
942 2582 1057 2624 brevi
1089 2582 1272 2624 adultam
1294 2582 1481 2625 videmus
1513 2586 1554 2625 et
1583 2595 1675 2625 cum
1704 2583 1866 2638 magnis
1897 2583 1981 2626 iam

436 2659 561 2710 caput
599 2657 843 2711 equantemb
881 2658 1144 2701 monasteriis
1177 2682 1229 2687 ψ
1265 2658 1416 2701 exilem
1455 2658 1686 2713 quondam⁰
1725 2673 1798 2702 vos
1835 2659 1982 2702 memi-

435 2730 557 2773 nistis
590 2735 631 2774 et
661 2733 967 2787 paupertinam.
1013 2733 1071 2776 Et
1101 2748 1179 2789 que
1210 2735 1331 2777 modo
1363 2737 1528 2777 centum
1561 2735 1794 2790 monachis,
1827 2735 1864 2778 si
1894 2747 1982 2778 rec-

436 2808 547 2848 tores
578 2806 730 2850 habeat
759 2809 986 2852 industrios
1000 2807 1022 2864 ¹,
1055 2810 1263 2853 sufficiens
1287 2813 1350 2854 est
1380 2814 1421 2853 et
1451 2810 1591 2866 ampla
1621 2811 1737 2865 satis,
1769 2811 1868 2853 olim
1897 2811 1982 2854 fra—

533 2908 560 2928 a.
591 2900 791 2930 aniversarius
807 2902 846 2931 N.
949 2902 979 2932 b.
1008 2904 1134 2941 equante
1150 2903 1189 2933 N.
1300 2912 1325 2932 c.
1354 2903 1503 2941 quondam
1525 2902 1639 2943 scripsi
1653 2913 1715 2943 pro
1738 2903 1926 2942 quodimodo
1942 2904 1981 2933 N.

534 2968 565 3003 1.
590 2968 656 3003 His
681 2969 802 3004 verbis
819 2970 1028 3005 Herbordus
1053 2970 1283 3015 reprehendit
1308 2971 1524 3006 Helmricum
1550 2971 1719 3007 abbatem
1746 2971 1782 3007 S.
1799 2971 1982 3007 Michaelis
