<?xml version="1.0" encoding="UTF-8"?>
<!DOCTYPE html PUBLIC "-//W3C//DTD XHTML 1.0 Transitional//EN"
    "http://www.w3.org/TR/xhtml1/DTD/xhtml1-transitional.dtd">
<html xmlns="http://www.w3.org/1999/xhtml" xml:lang="en" lang="en">
 <head>
  <title>
</title>
<meta http-equiv="Content-Type" content="text/html;charset=utf-8" />
  <meta name='ocr-system' content='tesseract 3.04.00' />
  <meta name='ocr-capabilities' content='ocr_page ocr_carea ocr_par ocr_line ocrx_word'/>
</head>
<body>
  <div class='ocr_page' id='page_1' title='image "bibliothecarerum05wattuoft_0051.png"; bbox 0 0 2028 3438; ppageno 0'>
   <div class='ocr_carea' id='block_1_1' title="bbox 621 227 1705 275">
    <p class='ocr_par' dir='ltr' id='par_1_1' title="bbox 621 227 1705 275">
     <span class='ocr_line' id='line_1_1' title="bbox 621 227 1705 275; baseline -0.004 0"><span class='ocrx_word' id='word_1_1' title='bbox 621 242 843 275; x_wconf 72' lang='lat' dir='ltr'>nnAme</span> <span class='ocrx_word' id='word_1_2' title='bbox 873 241 1043 275; x_wconf 61' lang='lat' dir='ltr'>conari.</span> <span class='ocrx_word' id='word_1_3' title='bbox 1095 240 1149 274; x_wconf 83' lang='lat'>13.</span> <span class='ocrx_word' id='word_1_4' title='bbox 1171 239 1216 273; x_wconf 88' lang='lat'>14</span> <span class='ocrx_word' id='word_1_5' title='bbox 1647 227 1705 272; x_wconf 79' lang='lat'>35</span> 
     </span>
    </p>
   </div>
   <div class='ocr_carea' id='block_1_2' title="bbox 127 344 1933 1108">
    <p class='ocr_par' dir='ltr' id='par_1_2' title="bbox 130 344 1933 491">
     <span class='ocr_line' id='line_1_2' title="bbox 131 344 1933 408; baseline -0.002 -13"><span class='ocrx_word' id='word_1_6' title='bbox 131 350 256 406; x_wconf 69' lang='lat' dir='ltr'>sites,</span> <span class='ocrx_word' id='word_1_7' title='bbox 286 351 573 408; x_wconf 80' lang='lat' dir='ltr'>praesentium</span> <span class='ocrx_word' id='word_1_8' title='bbox 604 350 765 394; x_wconf 85' lang='lat' dir='ltr'>scilicet</span> <span class='ocrx_word' id='word_1_9' title='bbox 795 362 844 394; x_wconf 87' lang='lat' dir='ltr'>ac</span> <span class='ocrx_word' id='word_1_10' title='bbox 873 349 1132 404; x_wconf 87' lang='lat' dir='ltr'>futurorum,</span> <span class='ocrx_word' id='word_1_11' title='bbox 1167 347 1348 404; x_wconf 82' lang='lat' dir='ltr'>qualiter</span> <span class='ocrx_word' id='word_1_12' title='bbox 1378 361 1455 391; x_wconf 89' lang='lat' dir='ltr'>nos</span> <span class='ocrx_word' id='word_1_13' title='bbox 1476 344 1545 391; x_wconf 41' lang='lat' dir='ltr'>*ob&#39;</span> <span class='ocrx_word' id='word_1_14' title='bbox 1570 348 1703 398; x_wconf 83' lang='lat' dir='ltr'>inter·</span> <span class='ocrx_word' id='word_1_15' title='bbox 1728 355 1933 392; x_wconf 81' lang='lat'>1024-1026</span> 
     </span>
     <span class='ocr_line' id='line_1_3' title="bbox 130 425 1704 491; baseline -0.003 -18"><span class='ocrx_word' id='word_1_16' title='bbox 130 430 303 472; x_wconf 67' lang='lat' dir='ltr'>ventum</span> <span class='ocrx_word' id='word_1_17' title='bbox 341 441 391 472; x_wconf 87' lang='lat' dir='ltr'>ac</span> <span class='ocrx_word' id='word_1_18' title='bbox 407 447 409 449; x_wconf 91' lang='lat'>·</span> <span class='ocrx_word' id='word_1_19' title='bbox 427 428 682 486; x_wconf 76' lang='lat' dir='ltr'>peticionem</span> <span class='ocrx_word' id='word_1_20' title='bbox 718 426 1026 483; x_wconf 85' lang='lat' dir='ltr'>C(unigundae)</span> <span class='ocrx_word' id='word_1_21' title='bbox 1064 425 1347 483; x_wconf 77' lang='lat' dir='ltr'>imperatricis</span> <span class='ocrx_word' id='word_1_22' title='bbox 1387 425 1599 482; x_wconf 88' lang='lat' dir='ltr'>quandam</span> <span class='ocrx_word' id='word_1_23' title='bbox 1638 425 1704 491; x_wconf 85' lang='lat' dir='ltr'>sui</span> 
     </span>
    </p>

    <p class='ocr_par' dir='ltr' id='par_1_3' title="bbox 128 501 1707 640">
     <span class='ocr_line' id='line_1_4' title="bbox 128 501 1706 563; baseline -0.003 -12"><span class='ocrx_word' id='word_1_24' title='bbox 128 505 235 550; x_wconf 69' lang='lat' dir='ltr'>iuris</span> <span class='ocrx_word' id='word_1_25' title='bbox 266 506 464 550; x_wconf 78' lang='lat' dir='ltr'>ancillam</span> <span class='ocrx_word' id='word_1_26' title='bbox 494 506 547 550; x_wconf 93' lang='lat' dir='ltr'>A.</span> <span class='ocrx_word' id='word_1_27' title='bbox 579 506 764 561; x_wconf 87' lang='lat' dir='ltr'>nomine,</span> <span class='ocrx_word' id='word_1_28' title='bbox 796 518 873 563; x_wconf 84' lang='lat' dir='ltr'>per</span> <span class='ocrx_word' id='word_1_29' title='bbox 902 517 1076 548; x_wconf 84' lang='lat' dir='ltr'>manum</span> <span class='ocrx_word' id='word_1_30' title='bbox 1108 503 1327 547; x_wconf 87' lang='lat' dir='ltr'>cuiusdam</span> <span class='ocrx_word' id='word_1_31' title='bbox 1351 501 1404 546; x_wconf 93' lang='lat' dir='ltr'>H.</span> <span class='ocrx_word' id='word_1_32' title='bbox 1428 503 1551 547; x_wconf 88' lang='lat' dir='ltr'>nobis</span> <span class='ocrx_word' id='word_1_33' title='bbox 1582 515 1706 560; x_wconf 86' lang='lat' dir='ltr'>prae-</span> 
     </span>
     <span class='ocr_line' id='line_1_5' title="bbox 130 570 1707 640; baseline -0.004 -11"><span class='ocrx_word' id='word_1_34' title='bbox 130 586 355 640; x_wconf 75' lang='lat' dir='ltr'>sentatam,</span> <span class='ocrx_word' id='word_1_35' title='bbox 386 597 517 628; x_wconf 85' lang='lat' dir='ltr'>manu</span> <span class='ocrx_word' id='word_1_36' title='bbox 546 586 692 627; x_wconf 86' lang='lat' dir='ltr'>nostra</span> <span class='ocrx_word' id='word_1_37' title='bbox 722 583 774 626; x_wconf 90' lang='lat' dir='ltr'>de</span> <span class='ocrx_word' id='word_1_38' title='bbox 805 595 935 626; x_wconf 88' lang='lat' dir='ltr'>manu</span> <span class='ocrx_word' id='word_1_39' title='bbox 965 581 1080 625; x_wconf 91' lang='lat' dir='ltr'>illius</span> <span class='ocrx_word' id='word_1_40' title='bbox 1111 594 1288 625; x_wconf 87' lang='lat' dir='ltr'>excusso</span> <span class='ocrx_word' id='word_1_41' title='bbox 1310 581 1498 636; x_wconf 84' lang='lat' dir='ltr'>denario,</span> <span class='ocrx_word' id='word_1_42' title='bbox 1519 570 1707 624; x_wconf 61' lang='lat' dir='ltr'>&#39;liberam</span> 
     </span>
    </p>

    <p class='ocr_par' dir='ltr' id='par_1_4' title="bbox 128 658 1708 718">
     <span class='ocr_line' id='line_1_6' title="bbox 128 658 1708 718; baseline -0.003 -13"><span class='ocrx_word' id='word_1_43' title='bbox 128 660 305 705; x_wconf 79' lang='lat' dir='ltr'>fecimus</span> <span class='ocrx_word' id='word_1_44' title='bbox 327 662 524 718; x_wconf 87' lang='lat' dir='ltr'>omnique</span> <span class='ocrx_word' id='word_1_45' title='bbox 547 662 646 717; x_wconf 88' lang='lat' dir='ltr'>iugo</span> <span class='ocrx_word' id='word_1_46' title='bbox 669 660 836 705; x_wconf 83' lang='lat' dir='ltr'>debitae</span> <span class='ocrx_word' id='word_1_47' title='bbox 859 659 1076 704; x_wconf 88' lang='lat' dir='ltr'>servitutis</span> <span class='ocrx_word' id='word_1_48' title='bbox 1099 659 1369 702; x_wconf 86' lang='lat' dir='ltr'>absolvimus.</span> <span class='ocrx_word' id='word_1_49' title='bbox 1418 658 1600 702; x_wconf 84' lang='lat' dir='ltr'>Proinde</span> <span class='ocrx_word' id='word_1_50' title='bbox 1630 671 1708 715; x_wconf 90' lang='lat' dir='ltr'>per</span> 
     </span>
    </p>

    <p class='ocr_par' dir='ltr' id='par_1_5' title="bbox 129 735 1707 796">
     <span class='ocr_line' id='line_1_7' title="bbox 129 735 1707 796; baseline -0.001 -15"><span class='ocrx_word' id='word_1_51' title='bbox 129 741 320 783; x_wconf 76' lang='lat' dir='ltr'>nostram</span> <span class='ocrx_word' id='word_1_52' title='bbox 339 739 524 795; x_wconf 82' lang='lat' dir='ltr'>regalem</span> <span class='ocrx_word' id='word_1_53' title='bbox 556 739 750 783; x_wconf 91' lang='lat' dir='ltr'>iubemus</span> <span class='ocrx_word' id='word_1_54' title='bbox 781 737 1031 795; x_wconf 83' lang='lat' dir='ltr'>potentiam,</span> <span class='ocrx_word' id='word_1_55' title='bbox 1063 741 1111 781; x_wconf 92' lang='lat' dir='ltr'>ut</span> <span class='ocrx_word' id='word_1_56' title='bbox 1131 737 1209 780; x_wconf 90' lang='lat' dir='ltr'>tali</span> <span class='ocrx_word' id='word_1_57' title='bbox 1230 737 1428 794; x_wconf 86' lang='lat' dir='ltr'>deinceps</span> <span class='ocrx_word' id='word_1_58' title='bbox 1449 739 1595 796; x_wconf 88' lang='lat' dir='ltr'>utatur</span> <span class='ocrx_word' id='word_1_59' title='bbox 1613 735 1707 791; x_wconf 88' lang='lat' dir='ltr'>lege</span> 
     </span>
    </p>

    <p class='ocr_par' dir='ltr' id='par_1_6' title="bbox 131 813 1706 873">
     <span class='ocr_line' id='line_1_8' title="bbox 131 813 1706 873; baseline -0.002 -13"><span class='ocrx_word' id='word_1_60' title='bbox 131 827 181 860; x_wconf 70' lang='lat' dir='ltr'>ac</span> <span class='ocrx_word' id='word_1_61' title='bbox 208 816 315 872; x_wconf 87' lang='lat' dir='ltr'>iure,</span> <span class='ocrx_word' id='word_1_62' title='bbox 347 817 463 873; x_wconf 81' lang='lat' dir='ltr'>quali</span> <span class='ocrx_word' id='word_1_63' title='bbox 493 820 656 861; x_wconf 87' lang='lat' dir='ltr'>ceterae</span> <span class='ocrx_word' id='word_1_64' title='bbox 687 815 973 860; x_wconf 86' lang='lat' dir='ltr'>manumissae</span> <span class='ocrx_word' id='word_1_65' title='bbox 1004 815 1087 858; x_wconf 91' lang='lat' dir='ltr'>huc</span> <span class='ocrx_word' id='word_1_66' title='bbox 1116 827 1250 871; x_wconf 87' lang='lat' dir='ltr'>usque</span> <span class='ocrx_word' id='word_1_67' title='bbox 1282 817 1381 858; x_wconf 90' lang='lat' dir='ltr'>sunt</span> <span class='ocrx_word' id='word_1_68' title='bbox 1410 827 1526 870; x_wconf 86' lang='lat' dir='ltr'>usae,</span> <span class='ocrx_word' id='word_1_69' title='bbox 1559 813 1706 858; x_wconf 88' lang='lat' dir='ltr'>eodem</span> 
     </span>
    </p>

    <p class='ocr_par' dir='ltr' id='par_1_7' title="bbox 129 888 1741 952">
     <span class='ocr_line' id='line_1_9' title="bbox 129 888 1741 952; baseline -0.001 -15"><span class='ocrx_word' id='word_1_70' title='bbox 129 893 255 938; x_wconf 83' lang='lat' dir='ltr'>modo</span> <span class='ocrx_word' id='word_1_71' title='bbox 282 888 454 950; x_wconf 76' lang='lat' dir='ltr'>regibus</span> <span class='ocrx_word' id='word_1_72' title='bbox 484 895 553 939; x_wconf 88' lang='lat' dir='ltr'>vel</span> <span class='ocrx_word' id='word_1_73' title='bbox 582 894 910 952; x_wconf 79' lang='lat' dir='ltr'>imperatoribus</span> <span class='ocrx_word' id='word_1_74' title='bbox 941 893 1100 937; x_wconf 84' lang='lat' dir='ltr'>liberae</span> <span class='ocrx_word' id='word_1_75' title='bbox 1130 892 1280 937; x_wconf 82' lang='lat' dir='ltr'>factae.</span> <span class='ocrx_word' id='word_1_76' title='bbox 1331 892 1390 936; x_wconf 91' lang='lat' dir='ltr'>Et</span> <span class='ocrx_word' id='word_1_77' title='bbox 1419 894 1468 935; x_wconf 92' lang='lat' dir='ltr'>ut</span> <span class='ocrx_word' id='word_1_78' title='bbox 1496 891 1601 936; x_wconf 88' lang='lat' dir='ltr'>haec</span> <span class='ocrx_word' id='word_1_79' title='bbox 1630 905 1706 935; x_wconf 91' lang='lat' dir='ltr'>no-</span> <span class='ocrx_word' id='word_1_80' title='bbox 1738 894 1741 897; x_wconf 84' lang='lat'>&#39;</span> 
     </span>
    </p>

    <p class='ocr_par' dir='ltr' id='par_1_8' title="bbox 127 969 1706 1108">
     <span class='ocr_line' id='line_1_10' title="bbox 130 969 1706 1028; baseline -0.001 -14"><span class='ocrx_word' id='word_1_81' title='bbox 130 974 220 1015; x_wconf 82' lang='lat' dir='ltr'>stra</span> <span class='ocrx_word' id='word_1_82' title='bbox 250 973 478 1017; x_wconf 85' lang='lat' dir='ltr'>auctoritas</span> <span class='ocrx_word' id='word_1_83' title='bbox 508 972 632 1016; x_wconf 88' lang='lat' dir='ltr'>firma</span> <span class='ocrx_word' id='word_1_84' title='bbox 663 975 706 1016; x_wconf 90' lang='lat' dir='ltr'>et</span> <span class='ocrx_word' id='word_1_85' title='bbox 734 971 982 1015; x_wconf 91' lang='lat' dir='ltr'>inconvulsa</span> <span class='ocrx_word' id='word_1_86' title='bbox 1013 971 1127 1014; x_wconf 91' lang='lat' dir='ltr'>omni</span> <span class='ocrx_word' id='word_1_87' title='bbox 1158 973 1408 1028; x_wconf 88' lang='lat' dir='ltr'>permaneat</span> <span class='ocrx_word' id='word_1_88' title='bbox 1439 983 1564 1025; x_wconf 82' lang='lat' dir='ltr'>aevo,</span> <span class='ocrx_word' id='word_1_89' title='bbox 1595 969 1706 1013; x_wconf 83' lang='lat' dir='ltr'>hanc</span> 
     </span>
     <span class='ocr_line' id='line_1_11' title="bbox 127 1047 1593 1108; baseline -0.003 -13"><span class='ocrx_word' id='word_1_90' title='bbox 127 1049 328 1107; x_wconf 74' lang='lat' dir='ltr'>paginam</span> <span class='ocrx_word' id='word_1_91' title='bbox 358 1049 459 1095; x_wconf 85' lang='lat' dir='ltr'>inde</span> <span class='ocrx_word' id='word_1_92' title='bbox 489 1050 774 1108; x_wconf 80' lang='lat' dir='ltr'>conscriptam</span> <span class='ocrx_word' id='word_1_93' title='bbox 805 1049 943 1105; x_wconf 86' lang='lat' dir='ltr'>sigillo</span> <span class='ocrx_word' id='word_1_94' title='bbox 974 1051 1121 1092; x_wconf 89' lang='lat' dir='ltr'>nostro</span> <span class='ocrx_word' id='word_1_95' title='bbox 1153 1049 1353 1092; x_wconf 90' lang='lat' dir='ltr'>iussimus</span> <span class='ocrx_word' id='word_1_96' title='bbox 1384 1047 1593 1103; x_wconf 86' lang='lat' dir='ltr'>insigniri.</span> 
     </span>
    </p>
   </div>
   <div class='ocr_carea' id='block_1_3' title="bbox 776 1140 1061 1145">
    <p class='ocr_par' dir='ltr' id='par_1_9' title="bbox 776 1140 1061 1145">
     <span class='ocr_line' id='line_1_12' title="bbox 776 1140 1061 1145; baseline 0 0"><span class='ocrx_word' id='word_1_97' title='bbox 776 1140 1061 1145; x_wconf 95' lang='lat' dir='ltr'> </span> 
     </span>
    </p>
   </div>
   <div class='ocr_carea' id='block_1_4' title="bbox 134 1190 1706 1401">
    <p class='ocr_par' dir='ltr' id='par_1_10' title="bbox 134 1190 1706 1401">
     <span class='ocr_line' id='line_1_13' title="bbox 134 1190 1703 1252; baseline -0.003 -12"><span class='ocrx_word' id='word_1_98' title='bbox 134 1194 214 1242; x_wconf 77' lang='lat'>14.</span> <span class='ocrx_word' id='word_1_99' title='bbox 248 1194 466 1239; x_wconf 70' lang='lat' dir='ltr'>Conraduc</span> <span class='ocrx_word' id='word_1_100' title='bbox 498 1195 556 1238; x_wconf 94' lang='lat' dir='ltr'>II</span> <span class='ocrx_word' id='word_1_101' title='bbox 578 1196 824 1252; x_wconf 78' lang='lat' dir='ltr'>imperator,</span> <span class='ocrx_word' id='word_1_102' title='bbox 858 1193 909 1236; x_wconf 83' lang='lat' dir='ltr'>ab</span> <span class='ocrx_word' id='word_1_103' title='bbox 941 1193 1126 1236; x_wconf 77' lang='lat' dir='ltr'>Ernosto</span> <span class='ocrx_word' id='word_1_104' title='bbox 1156 1192 1214 1235; x_wconf 93' lang='lat' dir='ltr'>II</span> <span class='ocrx_word' id='word_1_105' title='bbox 1237 1193 1341 1235; x_wconf 79' lang='lat' dir='ltr'>duce</span> <span class='ocrx_word' id='word_1_106' title='bbox 1373 1190 1599 1246; x_wconf 81' lang='lat' dir='ltr'>(Sueviae)</span> <span class='ocrx_word' id='word_1_107' title='bbox 1632 1208 1703 1235; x_wconf 88' lang='lat' dir='ltr'>ac—</span> 
     </span>
     <span class='ocr_line' id='line_1_14' title="bbox 249 1270 1706 1332; baseline -0.003 -14"><span class='ocrx_word' id='word_1_108' title='bbox 249 1282 364 1332; x_wconf 83' lang='lat' dir='ltr'>cepto</span> <span class='ocrx_word' id='word_1_109' title='bbox 399 1273 674 1330; x_wconf 73' lang='lat' dir='ltr'>Wizenburqo</span> <span class='ocrx_word' id='word_1_110' title='bbox 716 1273 929 1328; x_wconf 80' lang='lat' dir='ltr'>eidemque</span> <span class='ocrx_word' id='word_1_111' title='bbox 975 1272 1132 1314; x_wconf 80' lang='lat' dir='ltr'>tradito</span> <span class='ocrx_word' id='word_1_112' title='bbox 1170 1270 1389 1313; x_wconf 78' lang='lat' dir='ltr'>Bavariae</span> <span class='ocrx_word' id='word_1_113' title='bbox 1429 1271 1605 1323; x_wconf 81' lang='lat' dir='ltr'>ducatu,</span> <span class='ocrx_word' id='word_1_114' title='bbox 1655 1271 1706 1313; x_wconf 86' lang='lat' dir='ltr'>de</span> 
     </span>
     <span class='ocr_line' id='line_1_15' title="bbox 247 1345 1703 1401; baseline -0.005 -4"><span class='ocrx_word' id='word_1_115' title='bbox 247 1353 337 1397; x_wconf 69' lang='lat' dir='ltr'>ciue</span> <span class='ocrx_word' id='word_1_116' title='bbox 367 1352 562 1396; x_wconf 74' lang='lat' dir='ltr'>clientum</span> <span class='ocrx_word' id='word_1_117' title='bbox 591 1350 756 1394; x_wconf 69' lang='lat' dir='ltr'>iuribus</span> <span class='ocrx_word' id='word_1_118' title='bbox 788 1350 957 1393; x_wconf 76' lang='lat' dir='ltr'>statuit’</span> <span class='ocrx_word' id='word_1_119' title='bbox 972 1345 995 1391; x_wconf 86' lang='lat'>¹.</span> <span class='ocrx_word' id='word_1_120' title='bbox 1523 1347 1576 1401; x_wconf 92' lang='lat' dir='ltr'>(E</span> <span class='ocrx_word' id='word_1_121' title='bbox 1602 1348 1703 1401; x_wconf 82' lang='lat'>121)</span> 
     </span>
    </p>
   </div>
   <div class='ocr_carea' id='block_1_5' title="bbox 72 1435 1850 2824">
    <p class='ocr_par' dir='ltr' id='par_1_11' title="bbox 127 1435 1850 2435">
     <span class='ocr_line' id='line_1_16' title="bbox 246 1435 1834 1499; baseline -0.004 -13"><span class='ocrx_word' id='word_1_122' title='bbox 246 1440 297 1485; x_wconf 91' lang='lat' dir='ltr'>In</span> <span class='ocrx_word' id='word_1_123' title='bbox 332 1441 503 1485; x_wconf 88' lang='lat' dir='ltr'>nomine</span> <span class='ocrx_word' id='word_1_124' title='bbox 542 1443 712 1484; x_wconf 86' lang='lat' dir='ltr'>sanctae</span> <span class='ocrx_word' id='word_1_125' title='bbox 751 1442 794 1482; x_wconf 91' lang='lat' dir='ltr'>et</span> <span class='ocrx_word' id='word_1_126' title='bbox 822 1437 1065 1482; x_wconf 87' lang='lat' dir='ltr'>individuae</span> <span class='ocrx_word' id='word_1_127' title='bbox 1095 1437 1312 1481; x_wconf 86' lang='lat' dir='ltr'>trinitatis.</span> <span class='ocrx_word' id='word_1_128' title='bbox 1361 1435 1610 1481; x_wconf 86' lang='lat' dir='ltr'>Cuonradus</span> <span class='ocrx_word' id='word_1_129' title='bbox 1641 1436 1705 1480; x_wconf 91' lang='lat' dir='ltr'>di·</span> <span class='ocrx_word' id='word_1_130' title='bbox 1742 1443 1834 1499; x_wconf 67' lang='grc'><strong>1029</strong></span> 
     </span>
     <span class='ocr_line' id='line_1_17' title="bbox 127 1491 1850 1573; baseline -0.003 -10"><span class='ocrx_word' id='word_1_131' title='bbox 127 1519 228 1563; x_wconf 79' lang='lat' dir='ltr'>vina</span> <span class='ocrx_word' id='word_1_132' title='bbox 246 1516 415 1563; x_wconf 77' lang='lat' dir='ltr'>favente</span> <span class='ocrx_word' id='word_1_133' title='bbox 435 1518 660 1563; x_wconf 84' lang='lat' dir='ltr'>clementia</span> <span class='ocrx_word' id='word_1_134' title='bbox 679 1517 967 1561; x_wconf 90' lang='lat' dir='ltr'>Romanorum</span> <span class='ocrx_word' id='word_1_135' title='bbox 987 1516 1220 1573; x_wconf 88' lang='lat' dir='ltr'>imperator</span> <span class='ocrx_word' id='word_1_136' title='bbox 1242 1518 1458 1570; x_wconf 87' lang='lat' dir='ltr'>augustus.</span> <span class='ocrx_word' id='word_1_137' title='bbox 1504 1514 1704 1558; x_wconf 91' lang='lat' dir='ltr'>Omnium</span> <span class='ocrx_word' id='word_1_138' title='bbox 1726 1491 1798 1522; x_wconf 48' lang='grc' dir='ltr'>Μαι·</span> <span class='ocrx_word' id='word_1_139' title='bbox 1812 1493 1850 1522; x_wconf 69' lang='lat'>²⁰</span> 
     </span>
     <span class='ocr_line' id='line_1_18' title="bbox 127 1593 1704 1654; baseline -0.004 -13"><span class='ocrx_word' id='word_1_140' title='bbox 127 1595 211 1641; x_wconf 85' lang='lat' dir='ltr'>Dei</span> <span class='ocrx_word' id='word_1_141' title='bbox 230 1597 459 1654; x_wconf 84' lang='lat' dir='ltr'>nostrique</span> <span class='ocrx_word' id='word_1_142' title='bbox 490 1596 692 1651; x_wconf 85' lang='lat' dir='ltr'>fidelium,</span> <span class='ocrx_word' id='word_1_143' title='bbox 724 1595 1013 1653; x_wconf 88' lang='lat' dir='ltr'>praesentium</span> <span class='ocrx_word' id='word_1_144' title='bbox 1046 1593 1207 1637; x_wconf 87' lang='lat' dir='ltr'>scilicet</span> <span class='ocrx_word' id='word_1_145' title='bbox 1238 1606 1287 1636; x_wconf 89' lang='lat' dir='ltr'>ac</span> <span class='ocrx_word' id='word_1_146' title='bbox 1317 1593 1578 1649; x_wconf 80' lang='lat' dir='ltr'>futurorum,</span> <span class='ocrx_word' id='word_1_147' title='bbox 1609 1593 1704 1636; x_wconf 92' lang='lat' dir='ltr'>uni-</span> 
     </span>
     <span class='ocr_line' id='line_1_19' title="bbox 127 1670 1703 1729; baseline -0.003 -10"><span class='ocrx_word' id='word_1_148' title='bbox 127 1675 321 1722; x_wconf 75' lang='lat' dir='ltr'>versitati</span> <span class='ocrx_word' id='word_1_149' title='bbox 339 1678 487 1719; x_wconf 86' lang='lat' dir='ltr'>notum</span> <span class='ocrx_word' id='word_1_150' title='bbox 510 1688 602 1719; x_wconf 89' lang='lat' dir='ltr'>esse</span> <span class='ocrx_word' id='word_1_151' title='bbox 622 1673 831 1728; x_wconf 83' lang='lat' dir='ltr'>volumus,</span> <span class='ocrx_word' id='word_1_152' title='bbox 861 1672 1042 1729; x_wconf 88' lang='lat' dir='ltr'>qualiter</span> <span class='ocrx_word' id='word_1_153' title='bbox 1062 1685 1139 1715; x_wconf 91' lang='lat' dir='ltr'>nos</span> <span class='ocrx_word' id='word_1_154' title='bbox 1160 1671 1402 1715; x_wconf 87' lang='lat' dir='ltr'>interventu</span> <span class='ocrx_word' id='word_1_155' title='bbox 1425 1684 1473 1714; x_wconf 90' lang='lat' dir='ltr'>ac</span> <span class='ocrx_word' id='word_1_156' title='bbox 1493 1670 1703 1728; x_wconf 86' lang='lat' dir='ltr'>peticione</span> 
     </span>
     <span class='ocr_line' id='line_1_20' title="bbox 127 1749 1703 1808; baseline -0.003 -12"><span class='ocrx_word' id='word_1_157' title='bbox 127 1753 307 1798; x_wconf 74' lang='lat' dir='ltr'>dilectae</span> <span class='ocrx_word' id='word_1_158' title='bbox 337 1752 527 1808; x_wconf 75' lang='lat' dir='ltr'>coniugis</span> <span class='ocrx_word' id='word_1_159' title='bbox 556 1755 728 1796; x_wconf 83' lang='lat' dir='ltr'>nostrae</span> <span class='ocrx_word' id='word_1_160' title='bbox 749 1750 917 1795; x_wconf 87' lang='lat' dir='ltr'>Giselae</span> <span class='ocrx_word' id='word_1_161' title='bbox 947 1749 1230 1807; x_wconf 86' lang='lat' dir='ltr'>imperatricis</span> <span class='ocrx_word' id='word_1_162' title='bbox 1253 1751 1456 1804; x_wconf 86' lang='lat' dir='ltr'>augustae</span> <span class='ocrx_word' id='word_1_163' title='bbox 1485 1753 1528 1793; x_wconf 88' lang='lat' dir='ltr'>et</span> <span class='ocrx_word' id='word_1_164' title='bbox 1559 1762 1703 1792; x_wconf 89' lang='lat' dir='ltr'>aman-</span> 
     </span>
     <span class='ocr_line' id='line_1_21' title="bbox 127 1826 1702 1887; baseline -0.003 -12"><span class='ocrx_word' id='word_1_165' title='bbox 127 1831 319 1875; x_wconf 85' lang='lat' dir='ltr'>tissimae</span> <span class='ocrx_word' id='word_1_166' title='bbox 355 1834 526 1874; x_wconf 86' lang='lat' dir='ltr'>nostrae</span> <span class='ocrx_word' id='word_1_167' title='bbox 571 1829 702 1887; x_wconf 89' lang='lat' dir='ltr'>prolis</span> <span class='ocrx_word' id='word_1_168' title='bbox 741 1828 930 1873; x_wconf 89' lang='lat' dir='ltr'>Heinrici</span> <span class='ocrx_word' id='word_1_169' title='bbox 967 1828 1081 1883; x_wconf 87' lang='lat' dir='ltr'>regis</span> <span class='ocrx_word' id='word_1_170' title='bbox 1127 1841 1206 1871; x_wconf 92' lang='lat' dir='ltr'>nec</span> <span class='ocrx_word' id='word_1_171' title='bbox 1251 1839 1337 1870; x_wconf 90' lang='lat' dir='ltr'>non</span> <span class='ocrx_word' id='word_1_172' title='bbox 1381 1826 1519 1871; x_wconf 89' lang='lat' dir='ltr'>fidelis</span> <span class='ocrx_word' id='word_1_173' title='bbox 1565 1828 1702 1871; x_wconf 88' lang='lat' dir='ltr'>nostri</span> 
     </span>
     <span class='ocr_line' id='line_1_22' title="bbox 127 1905 1704 1962; baseline -0.004 -8"><span class='ocrx_word' id='word_1_174' title='bbox 127 1908 375 1954; x_wconf 83' lang='lat' dir='ltr'>Ekkehardi</span> <span class='ocrx_word' id='word_1_175' title='bbox 405 1909 570 1953; x_wconf 85' lang='lat' dir='ltr'>comitis</span> <span class='ocrx_word' id='word_1_176' title='bbox 591 1907 869 1951; x_wconf 88' lang='lat' dir='ltr'>tradicionem</span> <span class='ocrx_word' id='word_1_177' title='bbox 889 1906 1064 1950; x_wconf 89' lang='lat' dir='ltr'>Ernosti</span> <span class='ocrx_word' id='word_1_178' title='bbox 1094 1906 1211 1949; x_wconf 89' lang='lat' dir='ltr'>ducis</span> <span class='ocrx_word' id='word_1_179' title='bbox 1233 1906 1510 1962; x_wconf 83' lang='lat' dir='ltr'>suscepimus,</span> <span class='ocrx_word' id='word_1_180' title='bbox 1543 1905 1704 1949; x_wconf 87' lang='lat' dir='ltr'>scilicet</span> 
     </span>
     <span class='ocr_line' id='line_1_23' title="bbox 127 1983 1701 2042; baseline -0.004 -10"><span class='ocrx_word' id='word_1_181' title='bbox 127 1986 410 2032; x_wconf 79' lang='lat' dir='ltr'>wizenburch</span> <span class='ocrx_word' id='word_1_182' title='bbox 439 2000 536 2030; x_wconf 91' lang='lat' dir='ltr'>cum</span> <span class='ocrx_word' id='word_1_183' title='bbox 567 1984 761 2031; x_wconf 91' lang='lat' dir='ltr'>omnibus</span> <span class='ocrx_word' id='word_1_184' title='bbox 801 1984 1062 2042; x_wconf 83' lang='lat' dir='ltr'>appendiciis</span> <span class='ocrx_word' id='word_1_185' title='bbox 1094 1984 1202 2039; x_wconf 82' lang='lat' dir='ltr'>suis,</span> <span class='ocrx_word' id='word_1_186' title='bbox 1243 1983 1295 2027; x_wconf 92' lang='lat' dir='ltr'>ob</span> <span class='ocrx_word' id='word_1_187' title='bbox 1325 1983 1528 2027; x_wconf 87' lang='lat' dir='ltr'>honorem</span> <span class='ocrx_word' id='word_1_188' title='bbox 1559 1984 1701 2039; x_wconf 82' lang='lat' dir='ltr'>regni3</span> 
     </span>
     <span class='ocr_line' id='line_1_24' title="bbox 127 2061 1703 2123; baseline -0.004 -13"><span class='ocrx_word' id='word_1_189' title='bbox 127 2065 368 2123; x_wconf 85' lang='lat' dir='ltr'>petentibus</span> <span class='ocrx_word' id='word_1_190' title='bbox 404 2078 570 2122; x_wconf 89' lang='lat' dir='ltr'>quoque</span> <span class='ocrx_word' id='word_1_191' title='bbox 609 2062 831 2108; x_wconf 88' lang='lat' dir='ltr'>clientibus</span> <span class='ocrx_word' id='word_1_192' title='bbox 869 2065 996 2118; x_wconf 89' lang='lat' dir='ltr'>atque</span> <span class='ocrx_word' id='word_1_193' title='bbox 1036 2061 1378 2117; x_wconf 85' lang='lat' dir='ltr'>assentientibuS,</span> <span class='ocrx_word' id='word_1_194' title='bbox 1419 2074 1468 2104; x_wconf 91' lang='lat' dir='ltr'>eo</span> <span class='ocrx_word' id='word_1_195' title='bbox 1500 2061 1703 2105; x_wconf 81' lang='lat' dir='ltr'>&#39;videlicet</span> 
     </span>
     <span class='ocr_line' id='line_1_25' title="bbox 127 2138 1703 2199; baseline -0.004 -11"><span class='ocrx_word' id='word_1_196' title='bbox 127 2147 292 2199; x_wconf 71' lang='lat' dir='ltr'>tenore,</span> <span class='ocrx_word' id='word_1_197' title='bbox 319 2147 368 2187; x_wconf 87' lang='lat' dir='ltr'>ut</span> <span class='ocrx_word' id='word_1_198' title='bbox 397 2142 511 2186; x_wconf 85' lang='lat' dir='ltr'>infra</span> <span class='ocrx_word' id='word_1_199' title='bbox 541 2141 854 2198; x_wconf 86' lang='lat' dir='ltr'>quatuordecim</span> <span class='ocrx_word' id='word_1_200' title='bbox 889 2140 978 2184; x_wconf 88' lang='lat' dir='ltr'>dies</span> <span class='ocrx_word' id='word_1_201' title='bbox 1017 2139 1164 2184; x_wconf 87' lang='lat' dir='ltr'>liceret</span> <span class='ocrx_word' id='word_1_202' title='bbox 1195 2140 1255 2183; x_wconf 89' lang='lat' dir='ltr'>eis</span> <span class='ocrx_word' id='word_1_203' title='bbox 1288 2139 1528 2194; x_wconf 82' lang='lat' dir='ltr'>excogitare</span> <span class='ocrx_word' id='word_1_204' title='bbox 1537 2138 1566 2195; x_wconf 51' lang='grc' dir='ltr'>ὓ,</span> <span class='ocrx_word' id='word_1_205' title='bbox 1600 2152 1703 2195; x_wconf 89' lang='lat' dir='ltr'>qua-</span> 
     </span>
     <span class='ocr_line' id='line_1_26' title="bbox 129 2216 1703 2276; baseline -0.004 -10"><span class='ocrx_word' id='word_1_206' title='bbox 129 2221 228 2266; x_wconf 85' lang='lat' dir='ltr'>liter</span> <span class='ocrx_word' id='word_1_207' title='bbox 277 2221 415 2265; x_wconf 88' lang='lat' dir='ltr'>eidem</span> <span class='ocrx_word' id='word_1_208' title='bbox 457 2233 588 2275; x_wconf 87' lang='lat' dir='ltr'>regno</span> <span class='ocrx_word' id='word_1_209' title='bbox 636 2223 734 2276; x_wconf 88' lang='lat' dir='ltr'>apte</span> <span class='ocrx_word' id='word_1_210' title='bbox 779 2221 954 2276; x_wconf 88' lang='lat' dir='ltr'>possent</span> <span class='ocrx_word' id='word_1_211' title='bbox 997 2217 1252 2273; x_wconf 84' lang='lat' dir='ltr'>contingere.</span> <span class='ocrx_word' id='word_1_212' title='bbox 1308 2216 1514 2260; x_wconf 88' lang='lat' dir='ltr'>Petebant</span> <span class='ocrx_word' id='word_1_213' title='bbox 1559 2217 1703 2272; x_wconf 90' lang='lat' dir='ltr'>itaque</span> 
     </span>
     <span class='ocr_line' id='line_1_27' title="bbox 128 2296 1704 2357; baseline -0.004 -13"><span class='ocrx_word' id='word_1_214' title='bbox 128 2299 314 2357; x_wconf 87' lang='lat' dir='ltr'>primum</span> <span class='ocrx_word' id='word_1_215' title='bbox 350 2299 398 2342; x_wconf 90' lang='lat' dir='ltr'>in-</span> <span class='ocrx_word' id='word_1_216' title='bbox 435 2297 546 2342; x_wconf 84' lang='lat' dir='ltr'>hunc</span> <span class='ocrx_word' id='word_1_217' title='bbox 584 2297 777 2340; x_wconf 87' lang='lat' dir='ltr'>modum:</span> <span class='ocrx_word' id='word_1_218' title='bbox 829 2296 1035 2354; x_wconf 72' lang='lat' dir='ltr'>Optamus</span> <span class='ocrx_word' id='word_1_219' title='bbox 1074 2304 1112 2339; x_wconf 88' lang='lat' dir='ltr'>et</span> <span class='ocrx_word' id='word_1_220' title='bbox 1148 2296 1408 2338; x_wconf 71' lang='lat' dir='ltr'>obsecramus</span> <span class='ocrx_word' id='word_1_221' title='bbox 1418 2327 1443 2348; x_wconf 91' lang='lat'>,.</span> <span class='ocrx_word' id='word_1_222' title='bbox 1471 2297 1704 2352; x_wconf 82' lang='lat' dir='ltr'>imperator</span> 
     </span>
     <span class='ocr_line' id='line_1_28' title="bbox 129 2374 1701 2435; baseline -0.004 -13"><span class='ocrx_word' id='word_1_223' title='bbox 129 2386 324 2435; x_wconf 73' lang='lat' dir='ltr'>auquote,</span> <span class='ocrx_word' id='word_1_224' title='bbox 363 2385 410 2421; x_wconf 83' lang='lat' dir='ltr'>ut</span> <span class='ocrx_word' id='word_1_225' title='bbox 438 2379 537 2420; x_wconf 78' lang='lat' dir='ltr'>iura</span> <span class='ocrx_word' id='word_1_226' title='bbox 568 2376 857 2431; x_wconf 72' lang='lat' dir='ltr'>beneficiorum</span> <span class='ocrx_word' id='word_1_227' title='bbox 887 2376 1007 2418; x_wconf 75' lang='lat' dir='ltr'>nobis</span> <span class='ocrx_word' id='word_1_228' title='bbox 1035 2375 1262 2429; x_wconf 76' lang='lat' dir='ltr'>firmentur</span> <span class='ocrx_word' id='word_1_229' title='bbox 1294 2374 1535 2430; x_wconf 73' lang='lat' dir='ltr'>praeceptis</span> <span class='ocrx_word' id='word_1_230' title='bbox 1567 2375 1701 2430; x_wconf 88' lang='lat' dir='ltr'>impe-</span> 
     </span>
    </p>

    <p class='ocr_par' dir='ltr' id='par_1_12' title="bbox 72 2447 1703 2824">
     <span class='ocr_line' id='line_1_29' title="bbox 72 2447 1700 2513; baseline -0.004 -14"><span class='ocrx_word' id='word_1_231' title='bbox 72 2504 79 2509; x_wconf 37' lang='lat'><strong>·</strong></span> <span class='ocrx_word' id='word_1_232' title='bbox 128 2457 252 2499; x_wconf 73' lang='lat' dir='ltr'>riali‘e</span> <span class='ocrx_word' id='word_1_233' title='bbox 283 2457 518 2513; x_wconf 71' lang='lat' dir='ltr'>potestatis.</span> <span class='ocrx_word' id='word_1_234' title='bbox 565 2455 735 2498; x_wconf 83' lang='lat' dir='ltr'>Deinde</span> <span class='ocrx_word' id='word_1_235' title='bbox 771 2468 851 2510; x_wconf 86' lang='lat' dir='ltr'>pro</span> <span class='ocrx_word' id='word_1_236' title='bbox 881 2453 990 2507; x_wconf 74' lang='lat' dir='ltr'>filiis</span> <span class='ocrx_word' id='word_1_237' title='bbox 1030 2467 1079 2495; x_wconf 87' lang='lat' dir='ltr'>ac</span> <span class='ocrx_word' id='word_1_238' title='bbox 1115 2453 1294 2509; x_wconf 71' lang='lat' dir='ltr'>posteris</span> <span class='ocrx_word' id='word_1_239' title='bbox 1333 2447 1489 2493; x_wconf 54' lang='lat' dir='ltr'>nostris</span> <span class='ocrx_word' id='word_1_240' title='bbox 1535 2450 1700 2507; x_wconf 72' lang='lat' dir='ltr'>efflayi-</span> 
     </span>
     <span class='ocr_line' id='line_1_30' title="bbox 130 2529 1699 2590; baseline -0.005 -12"><span class='ocrx_word' id='word_1_241' title='bbox 130 2542 280 2587; x_wconf 70' lang='lat' dir='ltr'>tamus,</span> <span class='ocrx_word' id='word_1_242' title='bbox 313 2542 380 2586; x_wconf 82' lang='lat' dir='ltr'>ut,</span> <span class='ocrx_word' id='word_1_243' title='bbox 421 2534 522 2576; x_wconf 82' lang='lat' dir='ltr'>dum</span> <span class='ocrx_word' id='word_1_244' title='bbox 547 2534 738 2590; x_wconf 82' lang='lat' dir='ltr'>primum</span> <span class='ocrx_word' id='word_1_245' title='bbox 776 2532 938 2573; x_wconf 80' lang='lat' dir='ltr'>curiam</span> <span class='ocrx_word' id='word_1_246' title='bbox 968 2539 1149 2573; x_wconf 74' lang='lat' dir='ltr'>vestram</span> <span class='ocrx_word' id='word_1_247' title='bbox 1168 2552 1174 2556; x_wconf 90' lang='lat'>·</span> <span class='ocrx_word' id='word_1_248' title='bbox 1176 2529 1456 2585; x_wconf 73' lang='lat' dir='ltr'>frequentare</span> <span class='ocrx_word' id='word_1_249' title='bbox 1493 2529 1699 2581; x_wconf 76' lang='lat' dir='ltr'>nituntur,</span> 
     </span>
     <span class='ocr_line' id='line_1_31' title="bbox 124 2606 1702 2669; baseline -0.005 -14"><span class='ocrx_word' id='word_1_250' title='bbox 124 2627 206 2669; x_wconf 83' lang='lat' dir='ltr'>per</span> <span class='ocrx_word' id='word_1_251' title='bbox 237 2619 499 2669; x_wconf 74' lang='lat' dir='ltr'>praesentem</span> <span class='ocrx_word' id='word_1_252' title='bbox 542 2624 701 2653; x_wconf 77' lang='lat' dir='ltr'>annum</span> <span class='ocrx_word' id='word_1_253' title='bbox 744 2610 936 2666; x_wconf 77' lang='lat' dir='ltr'>propriis</span> <span class='ocrx_word' id='word_1_254' title='bbox 983 2608 1102 2650; x_wconf 72' lang='lat' dir='ltr'>bonis</span> <span class='ocrx_word' id='word_1_255' title='bbox 1145 2608 1233 2649; x_wconf 69' lang='lat' dir='ltr'>cuis</span> <span class='ocrx_word' id='word_1_256' title='bbox 1278 2606 1395 2649; x_wconf 73' lang='lat' dir='ltr'>vobis</span> <span class='ocrx_word' id='word_1_257' title='bbox 1442 2606 1679 2649; x_wconf 66' lang='lat' dir='ltr'>deserviant</span> <span class='ocrx_word' id='word_1_258' title='bbox 1686 2621 1702 2656; x_wconf 81' lang='lat'>‚-</span> 
     </span>
     <span class='ocr_line' id='line_1_32' title="bbox 128 2683 1703 2746; baseline -0.005 -13"><span class='ocrx_word' id='word_1_259' title='bbox 128 2689 262 2732; x_wconf 74' lang='lat' dir='ltr'>nichil</span> <span class='ocrx_word' id='word_1_260' title='bbox 291 2690 561 2746; x_wconf 72' lang='lat' dir='ltr'>accipientes,</span> <span class='ocrx_word' id='word_1_261' title='bbox 603 2695 769 2744; x_wconf 75' lang='lat' dir='ltr'>excepto</span> <span class='ocrx_word' id='word_1_262' title='bbox 800 2688 847 2728; x_wconf 79' lang='lat' dir='ltr'>in</span> <span class='ocrx_word' id='word_1_263' title='bbox 872 2686 1020 2742; x_wconf 76' lang='lat' dir='ltr'>prima</span> <span class='ocrx_word' id='word_1_264' title='bbox 1051 2686 1157 2727; x_wconf 80' lang='lat' dir='ltr'>anni</span> <span class='ocrx_word' id='word_1_265' title='bbox 1181 2684 1419 2740; x_wconf 79' lang='lat' dir='ltr'>festivitate</span> <span class='ocrx_word' id='word_1_266' title='bbox 1447 2683 1576 2740; x_wconf 67' lang='lat' dir='ltr'>pellea</span> <span class='ocrx_word' id='word_1_267' title='bbox 1609 2697 1703 2725; x_wconf 83' lang='lat' dir='ltr'>cum</span> 
     </span>
     <span class='ocr_line' id='line_1_33' title="bbox 126 2762 1702 2824; baseline -0.004 -14"><span class='ocrx_word' id='word_1_268' title='bbox 126 2767 310 2824; x_wconf 82' lang='lat' dir='ltr'>pellicio.</span> <span class='ocrx_word' id='word_1_269' title='bbox 358 2766 539 2823; x_wconf 73' lang='lat' dir='ltr'>Expleto</span> <span class='ocrx_word' id='word_1_270' title='bbox 587 2773 725 2808; x_wconf 85' lang='lat' dir='ltr'>autem</span> <span class='ocrx_word' id='word_1_271' title='bbox 770 2764 846 2806; x_wconf 74' lang='lat' dir='ltr'>hoc</span> <span class='ocrx_word' id='word_1_272' title='bbox 885 2777 1021 2816; x_wconf 78' lang='lat' dir='ltr'>anno,</span> <span class='ocrx_word' id='word_1_273' title='bbox 1064 2763 1277 2819; x_wconf 77' lang='lat' dir='ltr'>accipiant</span> <span class='ocrx_word' id='word_1_274' title='bbox 1316 2763 1438 2804; x_wconf 72' lang='lat' dir='ltr'>iuxta</span> <span class='ocrx_word' id='word_1_275' title='bbox 1488 2762 1702 2804; x_wconf 77' lang='lat' dir='ltr'>iusticiam</span> 
     </span>
    </p>
   </div>
   <div class='ocr_carea' id='block_1_6' title="bbox 224 2868 1119 2911">
    <p class='ocr_par' dir='ltr' id='par_1_13' title="bbox 224 2868 1119 2911">
     <span class='ocr_line' id='line_1_34' title="bbox 224 2868 1119 2911; baseline -0.007 -8"><span class='ocrx_word' id='word_1_276' title='bbox 224 2882 251 2903; x_wconf 83' lang='lat' dir='ltr'>a.</span> <span class='ocrx_word' id='word_1_277' title='bbox 283 2883 321 2903; x_wconf 69' lang='lat' dir='ltr'>ea:</span> <span class='ocrx_word' id='word_1_278' title='bbox 342 2872 371 2903; x_wconf 89' lang='lat' dir='ltr'><strong><em>V</em></strong></span> <span class='ocrx_word' id='word_1_279' title='bbox 387 2872 554 2908; x_wconf 83' lang='lat' dir='ltr'><strong><em>47-47v,</em></strong></span> <span class='ocrx_word' id='word_1_280' title='bbox 578 2871 606 2901; x_wconf 90' lang='grc' dir='ltr'><em>Ζ</em></span> <span class='ocrx_word' id='word_1_281' title='bbox 621 2881 653 2911; x_wconf 86' lang='lat' dir='ltr'>p.</span> <span class='ocrx_word' id='word_1_282' title='bbox 670 2872 744 2902; x_wconf 80' lang='lat'><strong><em>335.</em></strong></span> <span class='ocrx_word' id='word_1_283' title='bbox 870 2869 899 2899; x_wconf 91' lang='lat' dir='ltr'>b.</span> <span class='ocrx_word' id='word_1_284' title='bbox 934 2869 1066 2906; x_wconf 82' lang='lat' dir='ltr'>cogitare</span> <span class='ocrx_word' id='word_1_285' title='bbox 1088 2868 1119 2898; x_wconf 90' lang='lat' dir='ltr'>V.</span> 
     </span>
    </p>
   </div>
   <div class='ocr_carea' id='block_1_7' title="bbox 226 2941 1702 2992">
    <p class='ocr_par' dir='ltr' id='par_1_14' title="bbox 226 2941 1702 2992">
     <span class='ocr_line' id='line_1_35' title="bbox 226 2941 1702 2992; baseline -0.005 -8"><span class='ocrx_word' id='word_1_286' title='bbox 226 2950 259 2984; x_wconf 92' lang='lat'>1.</span> <span class='ocrx_word' id='word_1_287' title='bbox 285 2948 406 2984; x_wconf 85' lang='lat' dir='ltr'>Facile</span> <span class='ocrx_word' id='word_1_288' title='bbox 433 2947 581 2992; x_wconf 85' lang='lat' dir='ltr'>cognitu</span> <span class='ocrx_word' id='word_1_289' title='bbox 614 2949 687 2991; x_wconf 86' lang='lat' dir='ltr'>est,</span> <span class='ocrx_word' id='word_1_290' title='bbox 722 2945 829 2981; x_wconf 87' lang='lat' dir='ltr'>huius</span> <span class='ocrx_word' id='word_1_291' title='bbox 854 2944 1062 2990; x_wconf 84' lang='lat' dir='ltr'>diplomatis</span> <span class='ocrx_word' id='word_1_292' title='bbox 1093 2946 1266 2990; x_wconf 86' lang='lat' dir='ltr'>excerpta</span> <span class='ocrx_word' id='word_1_293' title='bbox 1290 2946 1434 2979; x_wconf 87' lang='lat' dir='ltr'>tantum</span> <span class='ocrx_word' id='word_1_294' title='bbox 1459 2941 1506 2978; x_wconf 82' lang='lat' dir='ltr'>ab</span> <span class='ocrx_word' id='word_1_295' title='bbox 1532 2941 1702 2978; x_wconf 85' lang='lat' dir='ltr'>Udalrico</span> 
     </span>
    </p>
   </div>
   <div class='ocr_carea' id='block_1_8' title="bbox 129 3006 1415 3097">
    <p class='ocr_par' dir='ltr' id='par_1_15' title="bbox 129 3006 1415 3097">
     <span class='ocr_line' id='line_1_36' title="bbox 129 3006 382 3042; baseline 0 0"><span class='ocrx_word' id='word_1_296' title='bbox 129 3006 266 3042; x_wconf 81' lang='lat' dir='ltr'>tradit—a</span> <span class='ocrx_word' id='word_1_297' title='bbox 289 3016 382 3042; x_wconf 82' lang='lat' dir='ltr'>esse.</span> 
     </span>
     <span class='ocr_line' id='line_1_37' title="bbox 1359 3060 1415 3097; baseline 0 -13"><span class='ocrx_word' id='word_1_298' title='bbox 1359 3062 1381 3097; x_wconf 87' lang='lat'><strong>3</strong></span> <span class='ocrx_word' id='word_1_299' title='bbox 1391 3060 1415 3084; x_wconf 62' lang='lat' dir='ltr'>a·</span> 
     </span>
    </p>
   </div>
  </div>
 </body>
</html>
