2028 3438
302 343 394 379 1135

315 391 379 422 Oet,

240 505 308 535 ante
331 503 396 535 Oct.

326 2739 392 2771 Oct.

419 215 506 259 526
830 226 1079 258 amsa-onan
1109 224 1480 257 naman-neamus.
1527 222 1574 256 ao

418 346 524 390 pure
555 332 724 377 veritati
763 335 962 389 quantum
1002 332 1238 389 epistolaris
1275 330 1460 375 brevitas
1498 329 1708 386 permittit
1740 328 1972 385 studentes,

418 423 521 466 rem,
554 410 661 453 sicut
690 412 809 465 gesta
839 412 915 466 est,
946 409 1065 453 vobis
1095 409 1310 452 insinuare
1339 421 1546 451 curamus.

535 486 732 544 Acceptis
765 486 1004 539 dulcissime
1034 485 1300 542 paternitatis
1321 487 1459 528 vestre
1488 483 1655 539 litteris,
1686 483 1732 527 in
1761 482 1974 540 quibas-et

418 564 470 608 de
502 564 650 608 eclesie
679 567 822 608 nostre
851 563 1098 607 liberatione
1129 565 1171 606 et
1191 564 1331 606 vestra
1361 562 1433 618 pia
1464 574 1563 615 erga
1592 574 1669 604 nos
1693 559 1972 609 sollicitudine

417 641 644 698 plurimum
677 641 812 696 gavisi
833 654 990 696 sumus,
1022 639 1396 683 intervenientibus
1421 638 1635 682 hincinde
1659 638 1787 682 variis
1809 637 1974 683 dilatio-

417 732 519 762 num
558 722 600 762 et
634 718 1017 775 inpedimentorum
1059 717 1194 760 causis
1226 720 1268 760 et
1297 716 1521 759 transactis
1565 715 1650 758 iam
1687 728 1796 772 pene
1825 714 1971 760 diebus

418 809 471 839 ex
491 795 677 852 precepti
698 795 826 838 vestri
849 794 1094 838 auctoritate
1116 794 1169 836 ad
1191 793 1427 848 eligendum
1448 792 1690 849 episcopum
1710 792 1970 849 prescriptis,

418 872 587 916 tandem
616 873 661 915 in
699 872 850 915 maiori
886 871 1057 926 eclesia,
1096 870 1205 914 sicut
1241 871 1399 914 iustum
1431 872 1541 924 erat,
1579 870 1861 918 convenimus.
1914 869 1972 913 Et

416 950 610 993 invocata
629 949 839 1006 primitus,
872 948 979 991 sicut
998 962 1071 991 vos
1094 948 1439 1004 premonueratis‚
1462 948 1596 992 sancti
1618 947 1799 1004 Spiritus
1820 947 1969 1002 gratia,

418 1027 678 1083 (quatenus)³
709 1026 949 1083 episcopum
971 1025 1061 1069 Deo
1082 1025 1252 1080 dignum
1286 1029 1327 1068 et
1346 1025 1582 1069 hominibus
1606 1023 1822 1081 acceptum
1851 1026 1896 1068 et
1917 1024 1971 1068 ad

415 1104 762 1148 restaurationem
801 1102 949 1146 eclesie
979 1105 1141 1157 nostre,
1181 1102 1476 1146 miserabiliter
1505 1105 1594 1146 tam
1628 1102 1673 1145 in
1711 1101 1969 1158 spiritalibus

418 1194 542 1237 quam
573 1181 617 1224 in
648 1180 948 1237 temporalibus
979 1180 1066 1223 iam
1097 1179 1279 1236 dilapse,
1310 1179 1505 1223 idoneum
1537 1179 1806 1234 eligeremus,
1837 1179 1970 1236 priori

418 1258 586 1314 quidem
617 1257 698 1313 die,
730 1271 756 1300 a
785 1270 908 1300 mane
938 1270 1070 1312 usque
1102 1256 1155 1299 ad
1183 1270 1401 1312 vesperam
1432 1256 1685 1312 laborantes,
1715 1255 1845 1299 nichil
1874 1269 1970 1313 per-

415 1335 603 1379 fecimus.
723 1334 772 1377 In
803 1334 985 1378 secunda
1003 1347 1102 1377 vero
1134 1333 1214 1388 die,
1247 1334 1323 1377 sub
1347 1333 1611 1377 invocatione
1632 1332 1766 1376 sancti
1787 1331 1969 1390 Spiritus

415 1413 567 1456 iterum
606 1411 726 1455 nobis
761 1412 806 1455 in
843 1425 972 1454 unum
1009 1411 1271 1466 congregatis
1310 1414 1352 1454 et
1388 1411 1439 1454 de
1478 1410 1811 1465 transgressione
1838 1410 1969 1454 vestri

415 1490 603 1546 precepti
625 1502 673 1532 ac
692 1492 812 1532 reatu
835 1488 1115 1532 inobedientie
1145 1487 1372 1544 plurimum
1397 1487 1691 1543 metuentibus,
1721 1489 1818 1544 post
1837 1487 1969 1530 multa

416 1566 590 1610 consilia
628 1566 795 1609 tandem
834 1566 878 1608 in
915 1579 1137 1622 personam
1175 1565 1317 1608 domni
1353 1564 1557 1608 Gerhardi
1595 1564 1799 1622 prepositi
1834 1564 1969 1608 sancti

414 1643 610 1687 Iohannis
641 1643 685 1686 in
706 1642 971 1698 Halberstad,
1002 1642 1083 1686 viri
1112 1642 1157 1685 in
1178 1642 1328 1685 eclesia
1349 1642 1437 1685 vita
1457 1645 1499 1685 et
1524 1642 1710 1685 moribus
1738 1641 1840 1685 satis
1871 1655 1968 1698 pro-

415 1721 516 1775 bati,
547 1734 637 1775 nos,
668 1719 863 1763 videlicet
884 1719 1032 1762 harum
1056 1719 1292 1762 litterarum
1313 1719 1537 1776 portitores
1560 1732 1608 1762 ac
1628 1719 1839 1774 missores,
1870 1731 1967 1762 con-

415 1798 618 1841 venimus.
671 1797 729 1840 Et
766 1810 861 1840 eum
900 1796 989 1840 sedi
1027 1796 1369 1839 Halberstadensi
1406 1797 1451 1839 in
1490 1797 1733 1853 episcopum
1769 1796 1967 1839 canonice

416 1875 629 1930 elegimus,
669 1874 784 1917 nulla
815 1873 984 1916 omnino
1017 1873 1101 1916 alia
1130 1887 1256 1916 causa
1287 1873 1340 1916 ad
1370 1873 1445 1916 hec
1474 1874 1647 1929 inducti,
1680 1873 1763 1916 nisi
1793 1873 1892 1929 quia
1921 1873 1965 1916 in

414 1952 564 1995 maiori
596 1951 746 1995 eclesia
769 1950 992 2007 neminem,
1023 1951 1067 1993 in
1090 1964 1212 2006 quem
1235 1951 1421 1994 omnium
1442 1964 1667 1994 consensus
1689 1953 1965 2005 concurreret,

413 2029 601 2073 invenire
631 2028 856 2085 potuimus.

531 2105 664 2157 Quam
704 2105 947 2149 electionem
982 2108 1168 2148 nostram
1209 2104 1455 2160 quibusdam
1495 2104 1773 2148 confratribus
1809 2104 1965 2149 nostris

414 2182 793 2227 contradicentibus
825 2185 867 2225 et
895 2195 948 2225 ne
968 2181 1087 2225 fieret
1107 2182 1275 2225 omnino
1296 2182 1486 2238 inpedire
1511 2181 1773 2238 cupientibus
1795 2185 1838 2225 et
1856 2182 1966 2226 inter

415 2260 498 2303 alia
528 2259 771 2303 electionem
801 2260 846 2302 in
877 2259 1074 2302 domnum
1105 2258 1333 2302 Martinum
1364 2259 1519 2302 factam
1546 2283 1602 2288 -
1633 2258 1705 2302 sed
1736 2271 1875 2302 coram
1906 2258 1965 2302 le-

413 2337 522 2392 gatis
554 2337 704 2380 vestris
742 2339 949 2379 cassatam
971 2358 1024 2366 -ν
1060 2336 1426 2392 pretendentibuS,
1472 2336 1524 2378 ad
1565 2338 1798 2379 extremum
1839 2335 1963 2379 etiam

413 2427 489 2470 per
508 2414 786 2457 inordinatam
820 2412 1142 2469 appellationem
1166 2413 1390 2469 apostolice
1412 2413 1522 2456 sedis
1542 2426 1617 2455 nos
1641 2413 1807 2468 incepto
1839 2425 1964 2469 opere

414 2490 623 2534 deterrere
653 2489 937 2547 cupientibus,
969 2503 1067 2544 nos,
1102 2490 1289 2533 divinum
1320 2490 1514 2533 timorem
1546 2492 1588 2533 et
1618 2489 1805 2545 precepti
1835 2488 1964 2532 vestri

415 2567 705 2611 auctoritatem
735 2570 777 2610 et
806 2567 1007 2622 temporis
1029 2566 1276 2610 brevitatem
1307 2570 1545 2623 pensantes,
1577 2566 1687 2621 quod
1716 2565 1962 2622 incepimuS,

413 2657 509 2687 cum
540 2657 744 2687 consensu
774 2643 999 2686 multorum
1031 2643 1276 2688 clericorum
1307 2646 1348 2687 et
1377 2643 1578 2686 laicorum
1610 2642 1873 2698 perfecimus.

530 2720 651 2763 Nunc
671 2721 812 2775 igitur,
843 2720 1178 2763 reverentissime
1199 2723 1330 2776 pater,
1362 2720 1407 2762 in
1427 2722 1543 2763 tanto
1569 2722 1864 2775 tempestatum
1887 2732 1962 2761 no-

413 2799 594 2840 strarum
625 2797 792 2840 turbine
823 2797 875 2840 ad
895 2800 1033 2840 vestre
1062 2796 1327 2853 paternitatis
1358 2796 1575 2839 consilium
1608 2799 1650 2839 et
1681 2796 1733 2838 ad
1760 2795 1829 2852 pie
1850 2807 1961 2838 com-

411 2873 618 2929 passionis
657 2876 898 2917 consuetum
938 2873 1058 2917 nobis
1096 2873 1295 2916 solacium
1326 2873 1446 2928 quasi
1484 2873 1537 2915 ad
1572 2872 1828 2915 tutissimum
1866 2874 1962 2928 post

503 2976 531 2997 a.
563 2968 709 3006 quatenus
732 2966 848 2997 addidi.
884 2968 922 2998 In
943 2966 1046 2998 codice
1067 2971 1202 3007 quatuor
1221 2965 1297 3006 fere
1319 2965 1442 2997 litterae
1463 2965 1579 2996 deletae
1599 2970 1679 2996 sunt.
