2028 3438
576 244 798 277 nmmum
825 243 998 277 connx.
1045 239 1103 277 57.
1120 241 1167 276 68
1573 231 1659 275 123

88 351 221 409 «urit,
239 352 304 397 ita
322 351 518 398 dicendo:
547 347 788 408 :Quoniam¹
807 351 974 404 multos,
993 354 997 358 '
1000 351 1188 408 peccatis
1208 351 1364 393 nostris
1385 350 1657 407 ementibus,

82 433 185 489 pio·
202 445 338 475 causa
375 431 816 476 excommunicationis
855 430 1001 486 perire
1045 429 1213 471 cottidie
1250 429 1457 470 cernimus
1496 429 1661 484 partim

87 509 365 566 Quamdiu,
378 532 380 537 v
395 510 562 567 partim
605 509 732 551 etiam
775 507 913 550 nimia
956 504 1246 562 simplicitate,
1291 506 1452 562 partim
1497 507 1658 558 timore,

83 587 248 643 panim
272 587 403 630 *etiam
428 586 691 637 necessitate,
724 585 877 627 devicti
903 583 1216 635 misericordia,
1250 582 1528 626 anathematis
1566 597 1660 625 sen·

89 664 261 706 {eddim
284 664 370 706 ςιιιῑ
392 667 593 720 ³tempus,
645 669 775 719 prout
817 675 1066 718 possumus,
1121 667 1324 717 oportune
1369 668 1659 716 temperamus.

90 738 563 798 apostolicamque
606 740 854 782 auctoritate
900 737 1177 782 anathematis
1222 737 1389 780 vinculo
1441 737 1516 780 hos
1560 737 1660 780 sub-

89 815 318 860 maiman
348 817 542 861 ¹videlicet
578 831 729 860 uxores
768 815 920 859 liberos
963 829 1103 858 servos
1133 814 1312 857 ancillas
1342 829 1415 857 seu
1444 816 1662 871 mancipia

30 924 37 931 -
89 906 279 937 neo-non
307 895 494 938 rusticos*
519 902 557 937 et
575 896 795 937 servientes
827 902 865 936 et
884 907 1023 936 omnes
1046 892 1153 935 alios
1164 898 1192 945 ¹,
1227 893 1306 949 qui
1328 906 1414 935 non
1438 893 1543 935 adeo
1564 901 1663 936 sunt

89 971 292 1026 our-«iales,
324 980 381 1016 ut
415 986 559 1014 eorum
596 971 771 1015 consilio
807 971 964 1014 scelera
995 977 1293 1027 perpetrentur
1301 985 1316 1020 ,-
1354 978 1392 1013 et
1426 969 1546 1023 illos,
1586 971 1664 1027 qui

89 1050 334 1107 &nob-amer
362 1051 729 1093 excommunicatis
760 1049 1081 1100 communicant,
1118 1061 1190 1090 seu
1219 1047 1330 1100 illos,
1373 1049 1450 1104 qui
1477 1062 1660 1090 commu-

88 1128 237 1171 nicant
255 1142 367 1170 v:casm
407 1128 487 1180 eis,
529 1129 607 1185 qui
637 1127 945 1170 communicant
976 1126 1354 1169 excommunicatis.
1413 1123 1662 1181 Quicunque

85 1202 420 1248 'auternorator''
451 1207 538 1248 sive
560 1206 813 1263 pereqrinus
844 1211 919 1246 aut
946 1204 1085 1245 viator
1113 1204 1160 1245 in
1191 1210 1349 1245 terram
1380 1203 1660 1245 excommuni-

90 1290 280 1326 catorum
317 1283 546 1336 devenerit,
589 1283 666 1325 ubi
681 1274 784 1325 ‘non
817 1282 958 1338 possit
994 1294 1126 1323 emere
1163 1279 1229 1323 vel
1264 1294 1351 1322 non
1391 1280 1515 1323 habet
1550 1280 1662 1323 unde

91 1367 213 1414 emat,
246 1359 300 1404 ab
329 1362 696 1404 excommunicatis
718 1360 929 1403 licentiam
949 1352 1100 1400 damus
1121 1358 1372 1414 accipiendi.
1419 1358 1478 1400 Et
1506 1359 1546 1400 si
1565 1359 1660 1414 quis

91 1437 165 1481 de*
194 1439 560 1482 excommunicatis
590 1452 675 1481 non
702 1434 812 1494 pro‘¹
842 1437 1139 1479 sustentatione
1168 1435 1390 1492 superbiae
1420 1436 1494 1478 sed
1523 1435 1661 1478 humi-

91 1514 236 1559 litatis?
261 1504 392 1559 causa
428 1515 596 1572 aliquid
632 1516 673 1558 ei
678 1513 694 1538 '¹
725 1515 829 1557 dare
864 1514 1062 1567 voluerit,
1101 1513 1206 1568 fieri
1247 1527 1334 1556 non
1376 1513 1660 1570 prohibemus.

90 1590 272 1636 Actum·
301 1591 461 1636 Romae
491 1591 519 1635 5
547 1590 654 1635 Nom
676 1589 833 1634 Martii.

95 1733 178 1781 58.
211 1732 442 1792 Greqorim
471 1734 565 1779 VII
599 1749 721 1792 papa
753 1734 973 1791 praelatos
1015 1731 1184 1778 Galliae
1220 1733 1508 1790 reprehendit,
1550 1733 1665 1789 quod

210 1813 295 1856 sibi
337 1814 535 1856 maoeimis
580 1812 900 1869 difficultatibus
947 1811 1178 1868 conflictato
1223 1826 1309 1854 non
1354 1813 1440 1854 sint
1485 1810 1661 1853 auxilio.

209 1890 414 1944 Mandat,
454 1891 514 1934 ad
549 1890 757 1947 synodum
786 1891 956 1933 veniant
992 1890 1128 1932 medio
1164 1904 1302 1932 mense
1331 1888 1565 1932 Novembri
1590 1903 1663 1945 qe-

211 1966 418 2013 rendam‘.
1485 1965 1536 2019 OE
1561 1964 1663 2018 154)

213 2055 475 2113 G(regorius)
508 2056 754 2114 episcopus³
784 2069 931 2100 servus
971 2069 1188 2100 servorum
1218 2055 1300 2099 Dei
1336 2053 1664 2112 archiepiscopis

93 2135 304 2193 episcopis
334 2133 557 2179 abbatibus
588 2133 633 2177 in
660 2132 799 2177 Gallia
828 2133 1091 2189 constitutis,
1124 2134 1196 2190 qui
1226 2134 1271 2177 in
1301 2133 1460 2188 gremio
1493 2134 1664 2177 sanctae

91 2212 306 2257 Romanae
337 2211 536 2257 ecclesiae
565 2224 815 2269 permanere
844 2211 1063 2266 videntur,
1101 2209 1281 2255 salutem
1314 2213 1358 2254 et
1386 2209 1664 2267 apostolicam

91 2289 440 2335 benedictionem.

212 2366 399 2420 Quantas
430 2366 749 2411 tribulationum
781 2366 996 2422 angustias
1028 2369 1070 2410 et
1095 2362 1437 2423 persecutionum
1457 2364 1664 2422 procellas

95 2458 144 2490 ac
172 2445 361 2503 pondera
390 2444 674 2502 periculorum
705 2443 956 2491 universalis
986 2447 1122 2487 mater
1153 2445 1300 2486 sancta
1322 2442 1512 2486 Romana
1533 2442 1665 2487 eccle-

94 2522 159 2568 sia
187 2535 390 2580 perpessa
420 2522 477 2566 sit
505 2521 767 2578 temporibus
797 2521 906 2577 istis,
939 2522 1038 2577 quia
1068 2521 1183 2565 credi
1213 2520 1284 2564 vix
1316 2523 1468 2578 potest,
1501 2534 1554 2565 ex
1575 2534 1665 2564 ma-

93 2599 175 2644 iori
212 2602 334 2657 parte
371 2599 476 2644 latet
507 2599 726 2643 scientiam
766 2603 963 2643 vestram.
1012 2598 1082 2642 Ad
1121 2598 1198 2643 hec
1235 2611 1400 2655 quoquc
1436 2598 1536 2655 quid
1567 2611 1665 2642 con-

94 2676 180 2722 silii
212 2677 364 2734 quidve
394 2676 585 2732 suffragii
615 2690 692 2734 per
722 2690 818 2733 vos,
849 2676 958 2720 filios
990 2675 1126 2732 suosh,
1164 2675 1331 2720 debitae
1361 2676 1665 2733 compassionis

190 2817 217 2838 a.
250 2817 307 2838 om.
326 2807 357 2839 V.
482 2807 512 2838 b.
546 2809 646 2838 arator
667 2807 702 2838 G.
829 2817 855 2838 c.
888 2817 944 2837 om.
963 2806 998 2837 G.
1111 2806 1141 2838 d.
1173 2815 1229 2837 sua
1250 2805 1322 2838 aad.
1340 2806 1376 2837 G.
1484 2816 1511 2837 e.
1545 2815 1664 2846 quoquc

95 2860 222 2893 mua.
347 2860 991 2901 LwVeffl—MmZpr-AEst
1097 2859 1461 2900 g.wmwmmfflffi
1565 2859 1664 2890 h.u

96 2914 197 2945 officio
218 2913 371 2945 excidisse
391 2913 524 2946 videtur.
1275 2939 1277 2941 .

192 2996 224 3031 1.
252 2995 296 3032 V.
323 3005 436 3041 supra
460 2995 502 3031 T.
524 2995 558 3030 ΙΙ
584 2995 665 3030 308.

1697 359 1790 395 1078

1683 408 1770 438 Mart.
1783 409 1802 438 3

1690 2061 1783 2096 1078
