2028 3438
413 235 471 277 20
947 244 1167 276 UDALchr
1198 244 1367 276 connx.
1414 242 1436 275 2

503 349 746 386 Invictissimo
770 349 1015 386 Romanorum
1046 347 1215 394 principi,
1248 347 1366 384 tocius
1397 347 1500 392 regni
1525 345 1770 384 monarchiam
1793 349 1965 384 strennue

411 413 640 460 gubemanti‚
667 415 721 451 .N.
740 414 809 450 Dei
834 414 962 459 suique
986 413 1105 458 gratia
1129 412 1166 448 id
1190 412 1288 458 quod
1305 415 1373 458 est,
1399 411 1542 448 Christo
1566 410 1635 450 sub
1657 411 1967 470 principe-,quieta

410 488 503 525 pace
527 479 748 525 quandoque
772 478 1013 524 triumphare3
1094 477 1266 514 orationis
1291 479 1329 512 et
1352 476 1538 513 servitutis
1563 476 1817 524 devotionem-5
1862 518 1864 527 ,
1889 478 1966 514 tam

410 546 617 590 promptam
642 555 752 590 quam
777 543 938 579 debitam
964 542 1149 579 servitutis
1174 545 1211 578 et
1235 541 1429 578 orationisa
1454 541 1719 579 certitudinem.
1811 588 1813 590 q
1833 586 1846 593 ‚.

505 609 727 654 Dignissimo
751 608 912 654 praesuli
938 607 992 643 .N.
1018 607 1189 653 indignus
1215 610 1253 643 ct
1276 607 1431 652 exiguus
1455 606 1509 643 .N.
1528 606 1675 643 claustri
1699 594 1968 647 decanuslicet

412 673 584 719 exiguum
616 673 788 710 orationis
814 676 851 708 et
876 672 1060 708 servitutis
1085 682 1174 707 suae
1198 682 1340 707 munus.
1437 671 1594 707 Domino
1619 681 1684 709 suo
1709 673 1748 707 et
1769 669 1968 713 venerabili

411 738 507 785 patri
533 738 587 775 .N.
612 738 758 774 humilis
789 737 945 774 ecclesia
977 746 1023 773 ex
1055 737 1196 772 sincero
1227 736 1361 772 affectu
1395 735 1651 773 devotissimas
1675 735 1859 775 orationes
1884 724 1967 777 cum

412 802 535 839 debite
565 802 802 839 subiectionis
834 802 1020 848 obsequio.
1129 802 1172 838 N.
1198 811 1320 837 comes
1346 801 1401 838 .N.
1427 801 1550 838 comiti
1579 801 1733 845 salutem
1756 788 1967 856 fidelitatem

413 870 450 904 et
479 871 695 914 perpetuum
726 867 873 904 bonum.
971 867 1113 902 Domno
1146 866 1224 912 regi
1250 866 1304 903 .N.
1331 875 1452 902 comes
1486 876 1508 901 a
1531 865 1611 902 Deo
1636 875 1806 903 coronam
1831 853 1968 906 aeterni

412 932 533 978 regni,
567 942 612 968 ex
637 943 677 968 se
701 932 971 979 promptissima
995 931 1159 967 servicia.
1255 930 1411 967 Domino
1437 933 1474 966 et
1495 930 1591 976 patri
1613 941 1699 978 suo,
1732 929 1908 978 quidquid
1931 930 1969 967 in

413 1007 501 1034 vera
525 997 718 1034 dilectione
741 1008 838 1034 nunc
853 999 890 1033 et
908 1006 1050 1042 semper
1065 996 1160 1042 patri
1177 995 1331 1031 debetur
1347 1005 1390 1031 ac
1408 995 1564 1032 domino.
1635 996 1780 1032 Domno
1796 995 1968 1042 episcopo

412 1061 558 1098 humilis
583 1062 830 1108 congregatio,
856 1062 888 1098 si
912 1061 999 1108 quid
1024 1061 1258 1097 contritorum
1283 1061 1382 1097 valet
1406 1060 1533 1097 oratio.
1617 1059 1800 1111 Singulari
1822 1059 1968 1098 domino

414 1136 480 1163 suo
497 1137 584 1163 vere
608 1138 707 1173 suus,
733 1126 910 1172 quidquid
934 1137 1033 1162 suus.
1130 1126 1285 1162 Domino
1305 1136 1371 1161 suo
1396 1128 1471 1161 tam
1488 1125 1662 1161 devotum
1679 1135 1788 1173 quam
1805 1114 1968 1168 debitum

413 1191 531 1228 tocius
563 1191 765 1228 dilectionis
797 1194 834 1228 et
864 1191 1077 1227 humilitatis
1111 1190 1336 1236 obsequium.
1433 1190 1576 1226 Dilecto
1607 1189 1752 1237 domino
1783 1192 1820 1230 et
1851 1189 1968 1226 amico

414 1266 502 1293 suus
526 1267 711 1303 praesens,
737 1267 825 1292 suus
843 1256 986 1302 absens,
1012 1256 1166 1291 salutem
1187 1265 1230 1291 ac
1247 1254 1368 1293 debite
1393 1254 1554 1291 caritatis
1577 1255 1818 1298 affectionem.
1905 1253 1968 1291 Se-

414 1322 612 1358 renissimis
637 1321 791 1357 dominis
816 1324 854 1357 et
877 1320 1178 1357 reverentissimis
1202 1319 1373 1355 fratribus
1394 1319 1448 1356 .N.
1474 1319 1667 1366 episcopus
1691 1329 1774 1357 cum
1797 1319 1969 1369 orationis

413 1386 588 1422 instantia
611 1387 741 1422 servile
766 1385 979 1432 obsequium
1005 1396 1047 1421 ac
1073 1387 1188 1421 semet
1211 1385 1330 1430 ipsum
1348 1384 1395 1420 ad
1412 1385 1533 1421 omnia
1548 1384 1824 1433 deditissimum.
1895 1383 1968 1422 Do-

415 1450 512 1487 mino
544 1461 611 1487 suo
642 1451 837 1496 inperatori
868 1451 1012 1487 humilis
1043 1450 1277 1495 congregatio
1311 1449 1472 1485 exultare
1503 1450 1540 1485 in
1563 1449 1719 1486 Domino
1750 1452 1788 1486 et
1817 1447 1970 1487 feliciter

414 1515 636 1561 triumphare
654 1515 700 1551 de
717 1516 936 1552 adversario.
1034 1515 1101 1550 Dei
1125 1515 1244 1560 gratia
1262 1514 1310 1550 ill.
1329 1514 1503 1550 ecclesiae
1527 1515 1692 1560 provisor
1707 1513 1878 1560 indignus
1897 1514 1968 1550 sin-

416 1589 520 1616 cerae
545 1580 706 1617 caritatis
732 1579 965 1626 obsequium3
1061 1589 1223 1615 summae
1248 1578 1452 1614 devotionis
1480 1578 1694 1624 obsequium
1726 1589 1808 1615 cum
1838 1578 1969 1623 oratio·

415 1655 501 1680 num
527 1644 710 1680 instantia.
806 1645 875 1680 Dei
899 1644 1018 1690 gratia
1041 1644 1237 1689 imperator
1260 1646 1438 1688 augustus
1462 1642 1594 1679 dilecto
1619 1644 1790 1690 episcopo
1814 1643 1968 1689 gratiam

415 1708 585 1744 habunde
616 1711 654 1744 et
684 1719 791 1744 omne
824 1708 986 1759 bonum„
1065 1708 1377 1744 Excellentissimo
1401 1708 1547 1744 domino
1571 1718 1637 1744 suo
1662 1707 1871 1754 imperatori
1895 1718 1968 1744 ma-

416 1773 557 1809 iestatis
582 1783 671 1809 suae
702 1777 739 1809 et
762 1774 806 1810 N.
832 1774 1007 1810 eeclesiae
1032 1783 1159 1809 servus
1193 1772 1380 1808 incolomis
1403 1772 1479 1808 vite
1501 1768 1764 1818 longitudinem
1788 1783 1870 1810 cum
1894 1772 1970 1810 vie·

415 1838 529 1874 toriae
555 1848 705 1884 corona3
800 1838 1015 1884 purissimae
1038 1836 1222 1873 fidelitatis
1247 1836 1472 1882 obsequium.
1567 1837 1775 1874 Venerabili
1798 1837 1969 1884 episcopo

416 1903 460 1939 N.
486 1903 555 1938 Dei
578 1903 696 1948 gratia
719 1902 757 1938 id
781 1902 877 1948 quod
902 1905 975 1947 est,
1007 1903 1044 1938 in
1069 1901 1291 1938 orationibus
1323 1904 1360 1937 et
1391 1902 1566 1948 obsequio
1590 1902 1767 1949 quidquid
1788 1912 1875 1939 vere
1898 1901 1969 1938 fra-

415 1967 595 2003 ternitatis
620 1978 692 2003 non
717 1967 840 2003 ociosa
864 1966 976 2003 efficit
999 1967 1154 2003 dilectio.
1251 1967 1417 2003 Dominis
1442 1970 1479 2003 et
1501 1966 1672 2004 fratribus
1698 1967 1774 2004 suis
1797 1967 1969 2014 praelatis

416 2035 454 2067 et
477 2032 668 2068 universae
684 2032 957 2077 congregationi
975 2032 1029 2068 .N.
1048 2033 1234 2078 ecclesiae,
1259 2031 1442 2068 fructifere
1462 2032 1581 2068 arbori
1599 2032 1636 2068 in
1652 2032 1872 2078 agricultura
1886 2032 1968 2079 Dei,

417 2096 472 2133 .N.
497 2096 697 2132 humillima
721 2097 955 2142 congregatio
981 2107 1063 2133 cum
1088 2097 1290 2133 orationum
1315 2097 1488 2133 instantia
1511 2096 1656 2133 debitae
1681 2097 1842 2134 caritatis
1865 2096 1969 2135 obse-

417 2162 502 2207 quia
525 2161 562 2197 in
587 2160 731 2197 Christo
754 2161 1001 2198 devotissima.

510 2225 554 2262 N.
579 2225 649 2261 Dei
673 2226 791 2271 gratia
814 2236 880 2262 rex
903 2227 947 2263 N.
965 2226 1172 2262 venerando
1197 2225 1368 2272 pontifici,
1395 2236 1461 2262 suo
1486 2226 1655 2262 videlicet
1679 2226 1810 2263 dilecto
1834 2227 1968 2273 nepoti,

418 2290 572 2336 gratiam
598 2301 700 2326 suam
726 2294 763 2327 et
788 2290 950 2327 debitum
969 2291 1170 2327 dilectionis
1195 2291 1342 2326 donum.
1437 2290 1480 2326 N.
1497 2290 1567 2326 Dei
1590 2291 1708 2336 gratia
1723 2291 1967 2327 Romanorum

417 2355 613 2400 imperator
637 2358 813 2400 augustus
838 2356 1005 2392 omnibus
1030 2356 1209 2401 episcopis
1234 2354 1425 2391 comitibus
1450 2355 1649 2401 capitaneis
1673 2354 1814 2392 civibus
1839 2356 1968 2391 castel-

415 2419 508 2455 lanis
524 2420 642 2456 tocius
659 2420 850 2466 marchiae,
876 2420 1072 2457 maioribus
1089 2424 1126 2456 et
1142 2420 1339 2456 minoribus
1363 2421 1438 2456 suis
1463 2420 1640 2466 fidelibus,
1665 2420 1820 2466 gratiam
1845 2423 1883 2456 et
1905 2419 1968 2456 bo-

417 2494 500 2519 nam
524 2484 761 2521 voluntatem.
857 2486 901 2522 N.
924 2486 994 2521 Dei
1017 2486 1135 2531 gratia
1158 2485 1354 2530 imperator
1378 2488 1555 2531 augustus
1579 2483 1641 2531 NJ·
1665 2484 1863 2522 venerabili
1894 2485 1967 2531 epi-

417 2558 528 2594 scopo
553 2550 590 2584 et
614 2549 745 2585 dilecto
771 2551 946 2595 compatri
969 2550 1109 2596 gratiae
1135 2559 1221 2585 suae
1238 2549 1412 2595 optimam
1429 2550 1662 2586 voluntatem.
1749 2549 1966 2586 Desideran-

415 2613 556 2649 tissimo
582 2613 727 2649 domino
752 2624 818 2650 suo
843 2615 886 2650 N.
904 2614 1132 2650 serenissimo
1149 2615 1391 2650 Romanorum
1417 2615 1623 2660 imperatori
1647 2616 1804 2660 augusto
1825 2615 1880 2651 .N.
1898 2614 1968 2650 Dei

416 2677 535 2722 gratia
558 2678 750 2723 episcopus
775 2689 856 2714 cum
882 2679 1085 2715 orationum
1110 2679 1282 2715 instantia
1306 2679 1436 2715 servile
1464 2679 1502 2714 in
1526 2677 1692 2715 omnibus
1717 2678 1942 2724 obsequium.

510 2741 554 2777 N.
572 2743 862 2778 reverentissime
889 2743 1071 2788 diligendo
1096 2746 1133 2779 et
1156 2743 1388 2778 dilectissime
1413 2743 1571 2779 verendo
1596 2743 1741 2779 domino
1766 2743 1967 2790 archiprae-

416 2805 485 2841 suli
508 2806 552 2842 N.
576 2801 662 2842 licet
693 2806 864 2852 indignus
894 2808 1102 2853 episcopus,
1136 2807 1310 2853 quidquid
1338 2807 1541 2843 devotionis
1573 2810 1611 2843 et
1643 2807 1807 2853 obsequii
1831 2807 1967 2844 homini

417 2869 463 2905 ab
486 2869 630 2906 homine
660 2871 836 2915 praestari
868 2875 989 2917 potest
1020 2872 1216 2917 inpensius.
1311 2871 1466 2907 Domino
1499 2875 1535 2907 et
1558 2872 1652 2917 patri
1676 2871 1882 2909 venerando
1909 2871 1964 2908 .N.

509 2980 535 3000 a.
568 2972 598 3000 et
619 2972 762 3001 orationis
784 2981 839 3002 om.
859 2973 889 3002 V.
1012 2974 1042 3002 b.
1075 2983 1130 3003 om.
1150 2973 1180 3002 V.
