2028 3438
414 254 498 296 778
803 268 1040 298 HERssossm
1071 269 1310 300 DIALOGUS.
1359 270 1446 301 ΜΒ.
1469 271 1502 300 11
1531 270 1578 304 32

295 381 385 416 1124
413 375 650 416 constructa
680 373 771 428 fuit,
804 373 980 417 interius
1012 378 1054 418 et
1084 376 1267 419 exterius
1289 375 1525 432 sculpturas
1545 377 1716 433 habens,
1746 376 1806 423 de
1826 377 1965 434 parie-

412 449 523 492 tibus
554 450 859 505 prominentes:
891 451 1096 506 imagines
1128 452 1342 495 hominum
1365 456 1406 496 et
1427 454 1641 498 volucrum
1662 457 1705 498 et
1725 453 1964 509 bestiarum,

412 530 498 568 tam
530 527 699 583 proprie
731 527 817 569 suis
847 527 1160 571 habitudinibus
1192 542 1427 585 expressas,
1458 533 1506 573 ut
1536 531 1696 587 spirare
1726 534 1896 588 putatos
1918 544 1966 577 ac

411 603 564 647 vivere.
605 603 805 659 Quodque
826 618 967 647 rarum
991 605 1182 660 dixerim,
1207 606 1366 650 colores
1386 607 1614 662 imaginum
1638 607 1965 654 extrinsecarum

411 680 527 723 nulla
557 683 805 737 tempestate
837 681 994 724 nivium
1028 682 1094 724 vel
1126 682 1321 725 imbrium
1352 684 1508 727 fuscari
1529 684 1594 728 vel
1617 684 1720 728 dilui
1750 687 1963 742 poterant3

410 757 454 799 id
486 761 633 811 agente
664 758 873 800 industria
903 759 1123 814 pictorum.
1182 759 1226 801 In
1258 759 1366 803 hanc
1395 761 1513 804 edem
1545 774 1597 804 ex
1627 762 1767 818 prisca
1796 765 1965 818 patrum

411 834 709 877 consuetudine
740 837 884 890 captas
918 848 1016 891 opes
1050 840 1091 879 et
1115 849 1232 878 arma
1253 836 1448 892 hostium,
1481 842 1523 882 et
1543 838 1740 894 quicquid
1762 852 1812 882 ex
1833 839 1965 896 prada

410 911 550 953 navali
587 911 652 953 vel
684 911 811 954 etiam
842 913 1031 955 terrestri
1064 926 1204 969 pugna
1235 914 1440 968 quesitum
1474 918 1585 970 erat,
1626 915 1703 959 sub
1731 914 1824 970 lege
1852 915 1964 960 deoi-

410 988 606 1030 mationis
638 988 929 1042 congerebant.
991 989 1183 1032 Crateres
1215 990 1339 1033 etiam
1375 1004 1522 1035 aureos
1554 991 1620 1034 vel
1650 995 1890 1047 argenteos,
1918 993 1963 1036 in

410 1065 558 1120 quibus
591 1066 787 1119 augurari
821 1065 979 1121 epulari
1024 1069 1065 1109 et
1094 1070 1239 1123 potare
1269 1067 1430 1110 nobiles
1462 1067 1652 1112 solebant
1680 1081 1728 1112 ac
1750 1071 1962 1125 potentes,

409 1142 453 1184 in
485 1142 629 1184 diebus
669 1142 1026 1198 sollempnitatum
1066 1144 1184 1198 quasi
1216 1144 1267 1186 de
1298 1145 1535 1188 sanctuario
1573 1145 1864 1202 proferendos,
1902 1146 1963 1190 ibi

409 1219 723 1261 collocaverant.
773 1218 938 1262 Cornua
969 1220 1095 1262 etiam
1127 1221 1303 1274 grandia
1334 1225 1548 1264 taurorum
1581 1223 1963 1277 agrestiumdeau-

408 1299 501 1338 rata
533 1299 575 1338 et
604 1296 780 1350 gemmis
812 1296 986 1351 intexta,
1019 1297 1185 1353 potibus
1218 1301 1336 1354 apta3
1370 1302 1412 1341 et
1442 1311 1597 1342 cornua
1627 1299 1816 1343 cantibus
1841 1302 1961 1356 apta3

409 1386 627 1416 mucrones
650 1376 691 1416 et
711 1373 887 1427 cultros3
920 1373 1178 1429 multamque
1200 1375 1526 1431 suppellectilem
1550 1376 1796 1432 preciosam,
1823 1389 1962 1420 raram

410 1454 451 1494 et
482 1451 574 1493 visu
609 1450 850 1506 pulchram,
891 1451 934 1493 in
966 1454 1156 1493 ornatum
1199 1455 1241 1495 et
1272 1452 1468 1496 honorem
1501 1453 1673 1496 deorum
1704 1466 1873 1497 suorum
1904 1452 1963 1500 ibi

409 1527 723 1570 conservabant.
832 1527 919 1578 Que
951 1528 1091 1570 omnia
1121 1529 1315 1585 episcopo
1338 1533 1379 1572 et
1399 1530 1698 1585 sacerdotibuS,
1728 1530 1800 1574 ubi
1818 1529 1961 1574 fanum

337 1644 339 1646 .
409 1604 594 1647 dirutum
625 1604 784 1659 fuerat,
818 1605 955 1647 danda
987 1604 1222 1647 censebant.
1287 1605 1369 1648 Sed
1400 1606 1490 1650 ille:
1523 1607 1648 1651 Absit
1677 1624 1703 1650 a
1722 1622 1798 1651 >*me
1825 1606 1964 1662 inquit

409 1690 455 1723 ut
485 1698 511 1723 a
532 1683 647 1724 vobis
679 1683 878 1731 ditemur,-
908 1697 1007 1724 mim
1038 1683 1142 1724 talia
1174 1692 1210 1725 ec
1240 1683 1304 1724 liis
1325 1684 1498 1726 meliora
1520 1686 1644 1727 domi
1662 1685 1782 1727 nobie
1801 1677 1962 1729 haban-

410 1760 534 1808 dant,-
566 1773 637 1800 vos
668 1774 715 1801 ea
735 1761 890 1815 potius,
925 1774 1102 1815 quorum
1123 1768 1230 1812 sunt,
1264 1761 1309 1802 in
1329 1769 1484 1803 vestros
1504 1775 1603 1803 usus
1625 1775 1717 1803 eum
1736 1762 1825 1804 Dei
1843 1762 1960 1806 bene-

410 1837 588 1878 dictione
620 1837 863 1878 distribuite.
902 1829 982 1877 'Et
1021 1848 1130 1890 aqua
1169 1835 1387 1879 benedicta
1425 1837 1565 1880 omnia
1603 1850 1880 1893 conspergens
1920 1841 1962 1881 et

410 1912 544 1954 crucis
576 1926 702 1968 super
733 1925 782 1955 ea
813 1911 1099 1954 benedictione
1127 1912 1252 1967 facta,
1284 1913 1418 1968 iussit,
1450 1916 1497 1956 ut
1515 1914 1625 1957 inter
1646 1927 1690 1957 se
1710 1913 1783 1957 illa
1803 1914 1961 1958 divide-

410 1992 514 2031 rent.
636 1989 741 2031 Erat
771 1992 910 2031 autem
941 1988 999 2031 ibi
1031 1988 1300 2031 simulacrum
1329 1989 1506 2046 triceps,
1542 1990 1651 2046 quod
1680 1991 1726 2033 in
1756 2003 1845 2035 uno
1869 2003 1959 2034 cor-

410 2079 511 2121 pore
549 2066 632 2108 tria
669 2066 808 2122 capita
848 2065 1002 2108 habens
1034 2065 1226 2120 Triglaus
1263 2066 1506 2120 vocabatur3
1548 2067 1657 2128 quod
1688 2054 1820 2111 solum
1853 2068 1960 2111 acci-

410 2143 542 2198 piens,
575 2143 669 2199 ipsa
700 2128 895 2198 capitella
926 2142 1005 2185 sibi
1036 2142 1287 2197 coherentia,
1320 2156 1493 2199 corpore
1520 2144 1787 2199 comminuto,
1818 2156 1957 2190 secum

409 2219 507 2262 inde
547 2219 666 2274 quasi
702 2233 779 2276 pro
810 2219 983 2275 tropheo
1016 2219 1247 2274 asportavit
1277 2222 1319 2262 et
1349 2223 1495 2275 postea
1525 2220 1697 2263 Romam
1722 2233 1805 2277 ,pro
1837 2234 1959 2276 argu-

410 2299 549 2339 mento
594 2296 875 2339 conversionis
920 2294 1086 2337 illorum
1136 2297 1389 2350 transmisit3
1437 2296 1597 2339 scilicet
1640 2296 1693 2339 ad
1735 2297 1957 2341 videndum

410 2373 561 2415 domno
594 2372 820 2429 apostolico
853 2375 894 2414 et
924 2372 1151 2415 universali
1176 2373 1368 2416 ecclesie:
1402 2373 1501 2428 quid
1520 2373 1612 2429 ipse
1631 2372 1744 2416 illius
1765 2373 1958 2417 obedien-

410 2450 558 2492 tiarius
590 2449 778 2492 vellendo
817 2451 859 2492 et
894 2448 1140 2505 plantando,
1180 2449 1408 2493 edificando
1445 2453 1487 2492 et
1524 2449 1772 2492 destruendo
1787 2448 1809 2505 ¹,
1848 2451 1958 2507 apud

410 2525 523 2567 illam
556 2529 720 2579 gentem
755 2525 1008 2581 profecisset.
1117 2526 1217 2569 Tres
1250 2540 1346 2569 vero
1378 2526 1457 2569 alie
1488 2525 1653 2569 contine
1677 2527 1814 2569 minus
1836 2540 1958 2570 vene-

409 2602 583 2644 rationis
615 2602 824 2645 habebant
853 2602 1073 2656 minusque
1099 2606 1243 2646 ornate
1263 2603 1439 2645 fuerant.
1487 2602 1643 2645 Sedilia
1662 2605 1824 2645 tantum
1845 2603 1957 2646 intus

410 2679 452 2719 in
494 2679 668 2721 circuitu
709 2682 920 2721 exstructa
960 2682 1079 2722 erant
1117 2683 1158 2722 et
1194 2693 1354 2732 mense3
1395 2679 1492 2734 quia
1522 2679 1579 2722 ibi
1612 2678 1887 2722 conciliabula
1916 2682 1957 2722 et

410 2758 636 2797 conventus
669 2769 764 2797 suos
795 2755 947 2798 habere
980 2755 1092 2798 soliti
1123 2759 1260 2809 erant3
1293 2769 1399 2803 nam,
1422 2755 1508 2798 sive
1538 2758 1684 2810 potare
1708 2755 1794 2798 sive
1814 2755 1956 2798 ludere

411 2830 498 2873 sive
539 2831 648 2873 seria
688 2845 763 2873 sua
800 2835 981 2874 tractare
1013 2832 1186 2887 vellent,
1227 2833 1271 2875 in
1310 2832 1474 2875 easdem
1515 2831 1611 2874 edes
1650 2832 1773 2874 certis
1811 2832 1955 2877 diebus

410 2907 711 2949 conveniebant
750 2911 791 2950 et
828 2908 952 2950 horis.
1074 2909 1178 2951 Erat
1216 2912 1405 2965 preterea
1441 2908 1496 2950 ibi
1531 2921 1705 2963 quercus
1736 2907 1882 2962 ingens
1915 2911 1956 2951 et

506 2993 538 3029 1.
564 2992 618 3028 cf.
641 2993 768 3029 Ierem.
787 2994 818 3039 1,
846 2995 900 3029 10.
