2028 3438
457 252 698 284 nauseam
727 251 971 284 nume-us,
1018 253 1106 283 ms.
1128 252 1146 282 1
1179 251 1232 284 19.
1251 250 1298 284 20
1577 239 1664 282 719

82 356 224 392 ‘eidem
245 357 460 392 monateriis
483 357 574 392 iusta
597 357 810 392 servantibus
826 357 871 392 sit
885 368 952 401 pax
969 357 1095 391 domini
1118 357 1225 391 nostri
1243 357 1321 390 Iesu
1339 356 1475 397 Christi,
1499 362 1664 400 quatenus

84 421 131 451 nt
150 416 214 451 hie*
231 415 377 451 fiunem
401 417 490 451 bone
507 417 649 451 actionis
673 417 862 461 percipiant
879 422 914 450 et
930 416 1023 460 apud
1040 416 1226 449 districtum
1242 416 1386 449 iudicem
1403 416 1531 459 premia
1549 421 1665 449 eterne

93 475 189 519 paci·
211 475 394 510 invenient.
503 475 672 520 Scriptum
703 488 765 520 per
794 487 929 509 manum
955 474 1110 510 Gervasii
1141 474 1304 508 scriniarii
1328 475 1509 518 regionarii
1542 481 1577 508 et
1599 486 1663 509 no—

93 533 282 569 §edisseri
305 534 443 579 palatiss
455 535 480 569 ι.

214 596 335 645 Tum
368 614 483 657 ego:
514 601 624 645 Ecce
654 601 778 658 inqu
790 615 864 645 am
897 601 996 658 quia
1017 601 1068 644 de
1099 604 1186 644 tam
1218 600 1363 644 multis
1386 599 1571 644 cenobiis
1602 600 1666 643 fa-

86 674 254 741 vciendis
271 677 423 740 ipsius,
445 678 517 736 qui
539 692 589 722 ea
607 678 720 734 fecit,
753 692 958 735 congruas
981 678 1124 736 accepi
1154 678 1338 722 rationes
1370 680 1413 721 et
1434 677 1664 721 eorundem

93 755 150 800 ab
166 755 412 813 apostolica
440 755 540 799 sede
560 755 924 812 confirmationes,
964 759 1007 800 et
1037 756 1135 812 quia
1165 755 1286 799 sedes
1318 755 1550 812 apostolica
1580 768 1664 798 non

95 831 318 877 confirmat
344 833 430 877 nisi
458 846 522 889 ea,
554 846 636 889 que
667 833 757 877 sine
788 834 916 878 dubio
936 838 1052 878 recta
1071 833 1190 877 novit
1210 836 1253 876 et
1272 832 1396 887 bona,
1428 846 1526 888 ergo
1558 831 1665 875 fidu—

95 906 260 955 cialiter
288 910 438 966 infero,
473 910 584 967 quod
616 914 714 955 ante
745 925 829 954 non
862 911 1121 968 presumpsi:
1161 911 1317 954 bonum
1349 924 1441 954 esse
1472 914 1515 954 et
1545 909 1667 953 valde

94 986 266 1043 bonnm
294 987 410 1044 quod
435 991 598 1032 tantam
630 989 852 1045 pecuniam
884 989 928 1031 in
950 988 1053 1032 talia
1081 988 1276 1045 proiecit3
1309 988 1441 1031 multo
1463 989 1574 1031 enim
1606 988 1667 1031 fe-

94 1077 198 1109 nore
229 1065 324 1109 iam
357 1079 449 1109 eam
488 1069 623 1109 totam
653 1066 825 1123 recepit.
887 1066 1001 1120 Ergo
1033 1065 1189 1110 bonum
1221 1068 1306 1120 est,
1353 1079 1437 1109 non
1469 1066 1551 1109 cito
1582 1079 1667 1109 non

95 1144 255 1187 temere
298 1142 486 1187 iudicare
532 1143 607 1187 sed
652 1143 873 1187 meliorum
920 1143 1172 1187 sententiam
1214 1146 1449 1200 expectare.
1585 1142 1666 1186 Sed

96 1219 275 1279 vellem,¹
292 1221 424 1264 sicut·
445 1220 490 1264 in
509 1220 635 1265 rebus
657 1221 905 1265 extrinsecis
927 1220 1171 1265 firmitatem
1194 1225 1237 1264 et
1256 1221 1667 1265 immutabilitatemb

97 1297 185 1362 suis
224 1298 410 1344 cenobiis
456 1312 532 1356 per
579 1298 855 1356 apostolicam
894 1298 1186 1342 auctoritatem
1232 1298 1453 1355 providere
1493 1299 1667 1354 studuit,

96 1363 159 1420 ita
189 1379 232 1421 et
261 1375 307 1420 in
336 1375 541 1432 religione
572 1389 622 1419 ac
651 1376 777 1420 rebus
807 1376 1049 1420 intrinsecis
1082 1376 1265 1432 aliquam
1299 1376 1360 1419 eis
1392 1376 1668 1420 stabilitatem

98 1456 225 1511 atque
251 1439 639 1499 'immutabilitatem
682 1467 759 1511 per
790 1454 978 1498 eiusdem
1010 1453 1122 1497 sedis
1155 1453 1384 1511 apostolice
1417 1454 1671 1510 providisset

98 1529 404 1593 auctoritatem.
526 1531 622 1575 Non
653 1534 718 1575 est
756 1532 868 1575 enim
899 1530 1018 1586 finis,
1056 1544 1141 1574 non
1181 1534 1246 1574 est
1282 1531 1432 1574 modus
1469 1531 1670 1575 mutande

97 1595 315 1665 religionis
345 1611 389 1653 et
416 1609 753 1663 consuetudinis;
786 1609 971 1652 maxime
1002 1609 1046 1652 in
1079 1609 1225 1652 ordine
1258 1608 1534 1652 Cloniacensi.
1586 1609 1669 1652 Pro

98 1674 174 1734 suo
205 1685 413 1731 arbitratu
445 1687 622 1743 quisque
661 1686 860 1730 abbatum
901 1686 992 1729 sine
1023 1699 1230 1730 consensu
1267 1690 1309 1730 et
1340 1687 1514 1730 consilio
1546 1686 1670 1730 coab-

96 1763 241 1817 batum
273 1777 445 1811 suorum
477 1789 534 1794 -—
567 1777 719 1820 magno
751 1777 850 1821 sepe
880 1764 1059 1807 fratrum
1092 1763 1344 1808 detrimento
1379 1788 1433 1793 —
1468 1764 1598 1807 adicit
1629 1767 1671 1808 et

97 1841 232 1898 reicit,
264 1842 376 1899 quod
407 1842 509 1886 vult.

218 1919 413 1964 Tiemo:
447 1919 577 1963 Vetus
615 1919 797 1976 inquit
834 1918 909 1962 illa
940 1919 991 1962 de
1024 1919 1170 1962 ordine
1201 1922 1346 1962 nostro
1380 1918 1550 1974 querela
1592 1923 1667 1963 est.

100 1996 185 2042 Sed
213 1997 259 2041 in
290 2000 459 2055 prom'tu
491 2000 574 2052 est,
614 2010 688 2057 me>
722 1997 798 2040 tibi
831 1996 1074 2051 ostendere,
1115 1996 1295 2051 qualiter
1334 1996 1423 2039 eius
1462 1997 1669 2052 sagacitas

98 2074 196 2121 huic
225 2074 394 2130 morb0‚
436 2077 639 2132 quantum
678 2075 722 2117 iu
760 2074 832 2117 illo
867 2073 968 2129 fuit,
1009 2073 1179 2117 obviare
1211 2073 1432 2117 studuerit.
1489 2074 1668 2132 Accipe;

98 2152 191 2210 ipse
220 2151 314 2208 lege
345 2155 388 2196 et
416 2151 607 2210 perlege:

219 2230 290 2273 20.
342 2240 577 2283 „Innocentius
603 2240 782 2283 episcopus
808 2250 923 2272 servus
949 2251 1118 2273 servorum
1144 2239 1209 2272 Dei
1233 2239 1417 2272 venerabili
1441 2239 1537 2273 fratri
1554 2240 1671 2273 Ottoni

98 2299 378 2343 Babenbergensi
401 2299 560 2343 episcopo
587 2299 724 2342 eiusque
750 2298 997 2332 successoribus
1023 2298 1183 2332 canonice
1209 2298 1451 2331 substituendis
1469 2298 1611 2331 salutem
1637 2305 1672 2332 et

100 2358 318 2403 apostolicam
348 2358 628 2392 benedictionem.
750 2358 917 2397 Quociens
951 2357 1033 2390 illud
1058 2371 1078 2390 a
1103 2358 1199 2391 nobis
1225 2358 1369 2400 petitur,
1402 2357 1492 2400 quod
1517 2357 1671 2400 religioni

99 2424 136 2453 et
163 2418 334 2452 honestati
358 2417 536 2451 convenire
561 2417 790 2460 cognoscitur,
822 2418 932 2451 animo
965 2430 1026 2451 nos
1052 2418 1152 2451 decet
1175 2417 1291 2450 libenti
1318 2417 1503 2449 concedere
1529 2422 1563 2449 et
1587 2427 1668 2450 con-

99 2489 220 2522 gruum
243 2477 407 2521 impertiri
431 2477 644 2521 suffragium,
670 2482 707 2509 ut
731 2476 841 2510 fidelis
866 2477 1001 2510 devotio
1027 2477 1170 2510 celerem
1196 2476 1353 2509 sortiatur
1378 2476 1542 2509 effectum.
1583 2475 1669 2509 Pro—

99 2537 191 2578 inde,
216 2536 416 2570 venerabilis
441 2535 545 2569 frater
562 2536 642 2568 Otto
669 2536 838 2579 episcope,
864 2537 1035 2580 petitionis
1061 2543 1118 2569 tue
1136 2535 1311 2568 desideriis
1338 2546 1378 2567 ex
1396 2540 1556 2568 consueta
1581 2535 1671 2568 sedis

101 2594 283 2640 apostolice
307 2595 565 2629 mansuetudine
590 2595 771 2628 clementer
796 2594 972 2627 annuimus
980 2608 990 2635 ς
1024 2595 1057 2627 in
1082 2594 1197 2637 primis
1223 2593 1386 2636 siquidem
1412 2599 1609 2634 statuentes,
1635 2600 1673 2626 ut

99 2661 197 2689 tenor
219 2654 403 2698 religionis,
429 2654 486 2698 qui
509 2654 543 2687 in
568 2654 717 2687 ecclesiis
742 2653 802 2686 tibi
827 2654 1009 2687 commissis
1035 2659 1088 2686 est
1112 2664 1172 2696 per
1196 2659 1289 2686 tuam
1312 2652 1521 2696 diligentiam
1546 2663 1670 2696 coope-

99 2719 198 2748 rante
220 2714 365 2748 Domino
389 2713 572 2754 institutus,
597 2713 735 2746 firmiter
760 2712 794 2745 in
820 2713 868 2745 eis
893 2712 1065 2755 perpetuis
1090 2712 1296 2756 temporibus
1321 2718 1545 2746 conservetur.
1581 2713 1670 2746 Con-

101 2773 266 2806 stituimus
291 2772 404 2813 etiam,
428 2778 467 2806 ut
490 2773 524 2805 in
550 2772 676 2805 eisdem
695 2771 843 2804 ecelesiis
868 2770 979 2804 nullus
1005 2782 1065 2814 per
1083 2772 1309 2814 symoniacam
1326 2771 1471 2804 heresim
1490 2777 1654 2805 statuatur
1662 2784 1672 2811 ;

198 2883 225 2904 a.
258 2874 344 2905 sicud
366 2874 406 2904 N.
532 2874 561 2903 b.
594 2872 824 2903 mutabilitatem
847 2872 888 2909 N,
912 2872 1185 2903 immutabilitatem
1211 2871 1242 2903 C.

198 2944 230 2979 1.
255 2943 356 2978 Haec
381 2941 496 2988 bulla,
530 2942 618 2978 data
645 2942 681 2978 d.
706 2943 729 2978 3
755 2941 844 2987 Apr.
866 2942 976 2987 1123,
1010 2942 1150 2988 plenior
1180 2942 1336 2979 habetur
1369 2953 1428 2988 ap.
1450 2941 1672 2978 Ussermann

101 3001 169 3048 Ep.
187 3001 317 3037 Bamb.
335 3001 416 3037 cod.
442 3001 544 3047 prob.
569 3012 605 3047 p.
625 3002 682 3037 72.

1698 359 1791 396 1123

1691 410 1764 448 Apr.
1779 409 1798 438 3

1710 2248 1802 2283 1139

1694 2296 1756 2326 lan.
1772 2298 1811 2326 23
