2028 3438
381 222 467 265 332
831 256 833 258 .
892 233 1112 265 UDALRmI
1140 233 1308 265 connx.
1359 231 1425 265 190

168 350 358 387 314-335
381 339 625 384 electionem
665 340 965 396 praecessisse⁸
1004 343 1292 395 cognosceret,
1338 339 1692 383 consecrationem
1715 336 1934 384 cex‘mer'e

380 417 672 461 celebrandam
703 430 793 461 esse
830 417 1004 462 iuberet.
1053 417 1171 468 Quod
1203 417 1351 460 deinde
1382 416 1515 460 sancti
1549 419 1712 473 patres,
1747 417 1823 473 'qui
1849 407 1933 461 Ro-

379 507 529 537 manae
550 487 747 537 ecclesiae
768 494 917 538 merito
949 494 1233 551 praefuerunt,
1265 497 1308 537 et
1329 506 1496 536 servare
1517 493 1767 538 studuerunt
1785 497 1827 538 et
1845 506 1934 538 ser-

379 571 562 615 vandum
599 571 645 613 in
676 574 890 628 posterum
921 585 1032 627 esse,
1071 571 1248 614 decretis
1280 573 1321 614 et
1351 569 1555 627 exemplis
1586 570 1672 613 suis
1702 562 1864 615 utiliter
1891 562 1934 616 et

380 661 561 703 congrue
592 651 838 692 statuerunt.
960 647 1050 691 Hec
1071 650 1208 690 autem
1228 647 1511 690 Romanorum
1543 640 1786 704 pontificum
1815 651 1934 703 gesta.

379 725 523 769 multis
554 726 598 768 in
628 725 731 768 locis
762 725 824 768 ita
854 738 944 768 esse
973 724 1260 768 indubitanter
1291 722 1558 767 ostendunt“.
1676 715 1677 718 ¹
1859 730 1865 732 “

169 810 353 846 678-681
501 801 636 858 „Nam
667 802 719 845 de
749 801 969 856 Agathone
1000 814 1132 858 papa,
1170 802 1240 856 qui
1269 801 1349 844 fuit
1379 800 1638 858 temporibus
1669 799 1934 844 Constantini

379 879 564 923 Heraclii
595 882 636 922 et
656 878 825 935 Tyberii
857 881 1141 934 augustorum,
1173 878 1307 921 dictus
1331 878 1561 934 „benignus
1585 880 1626 921 et
1645 870 1932 934 mansuetus“,

378 957 489 1000 inter
526 959 664 999 cetera
701 956 904 1012 scriptum
943 954 1139 998 habetur:
1178 956 1263 998 Hie
1300 958 1458 1012 aceepit
1493 955 1672 998 divalem
1708 956 1933 998 iussionem

378 1035 603 1077 secundum
633 1048 753 1075 suam
777 1033 1116 1090 postulationem,
1143 1047 1225 1089 per
1249 1048 1376 1090 quam
1404 1033 1585 1075 relevata
1616 1041 1675 1076 eet
1703 1023 1929 1089 quantitas,

380 1126 487 1168 quae
517 1111 641 1153 solita
677 1119 766 1153 erat
796 1111 895 1152 dari
923 1124 1006 1167 pro
1040 1111 1302 1152 ordinatione
1332 1110 1578 1166 pontificum
1602 1099 1832 1165 facienda3
1871 1111 1933 1153 eie

379 1197 529 1241 tamen,
562 1197 620 1240 ut,
654 1189 694 1229 si
723 1189 942 1243 contiyerit
968 1195 1066 1243 poet
1096 1188 1182 1229 eius
1207 1189 1427 1229 transitum
1449 1187 1682 1229 electionem
1700 1187 1814 1242 fieri,
1845 1201 1932 1230 non

379 1266 523 1308 debeat
552 1266 759 1317 ordinari,
794 1266 870 1320 qui
897 1264 1043 1306 electus
1068 1263 1220 1320 fuerit,
1253 1265 1340 1306 nisi
1366 1266 1488 1320 prius
1510 1265 1714 1307 decretum
1740 1264 1932 1320 ρεπεν-αἶα

378 1342 592 1398 deferatur
623 1344 668 1384 in
698 1343 858 1398 reqiam
890 1341 1031 1383 urbem
1066 1342 1289 1383 secundum
1327 1342 1545 1396 antiquam
1583 1343 1928 1395 consuetudinem,

376 1428 424 1462 ut
453 1434 544 1461 cum
572 1420 817 1476 principum
839 1419 1010 1460 scientia
1042 1427 1079 1460 et
1104 1420 1287 1460 iussione
1311 1419 1520 1460 ordinatio
1549 1420 1772 1475 proveniat
1781 1414 1804 1461 ¹.
1850 1417 1931 1461 Hie

378 1509 496 1551 ergo,
530 1495 641 1551 quod
670 1494 893 1538 canonicae
923 1494 1093 1549 regulae
1125 1497 1215 1537 erat
1244 1495 1520 1550 contrarium,
1552 1494 1663 1551 quod
1691 1494 1810 1538 novit
1838 1507 1930 1539 esse

378 1572 678 1629 symoniacum,
709 1571 867 1615 remitti
897 1585 922 1614 a
952 1571 1212 1627 principibus
1243 1572 1322 1614 rite
1353 1571 1581 1628 postulavit
1611 1575 1653 1616 et
1682 1572 1832 1615 merito
1856 1585 1930 1615 vo-

377 1652 466 1692 tum
497 1648 792 1705 postulationis
824 1662 923 1691 suae
954 1648 1155 1702 obtinuit3
1188 1649 1298 1703 quod
1318 1662 1417 1692 vero
1449 1662 1524 1706 pro
1547 1652 1659 1692 statu
1690 1651 1732 1692 et
1761 1661 1930 1693 coneor-

377 1726 447 1768 dia
478 1725 675 1769 ecclesiae
707 1728 908 1768 statutum
941 1724 1169 1780 antiquitus
1206 1725 1363 1779 fuerat,
1399 1726 1558 1769 intuitu
1589 1726 1851 1770 discretionis
1881 1738 1930 1770 ac

375 1803 623 1860 prudentiae
653 1803 862 1857 integrum
894 1815 1140 1859 permanere
1169 1802 1379 1846 laudabile
1410 1801 1571 1847 duxit“.

164 1887 352 1923 418-422
498 1870 786 1935 „Bonifacius'2-
819 1883 957 1922 autem
995 1883 1092 1936 post
1122 1878 1368 1923 Silvestrum
1400 1880 1605 1936 decimus,
1645 1885 1741 1924 ante
1772 1879 1928 1936 Grego-

376 1957 486 2000 rium
507 1970 605 2000 vero
631 1957 851 2000 vicesimus
882 1957 1057 2013 primm,
1091 1957 1161 2012 qui
1191 1957 1272 2000 fuit
1300 1957 1558 2014 temporibus
1579 1957 1754 2001 Honorii
1785 1961 1827 2002 et
1845 1957 1928 2001 Va-
1966 1964 1968 1967 ’

375 2034 596 2077 lentiniani
617 2038 901 2089 augustorum,
933 2033 1272 2077 dissentientibus
1294 2034 1404 2077 clero
1426 2038 1467 2078 et
1496 2035 1651 2092 populo
1673 2034 1826 2090 legitur
1845 2049 1928 2079 una

246 2117 316 2152 418
376 2111 443 2154 die
480 2111 610 2154 fuisse
655 2125 748 2154 cum
786 2111 951 2154 Eulalio
991 2110 1219 2154 ordinatus.
1283 2111 1364 2154 Sed
1403 2112 1571 2167 cognita
1607 2125 1632 2155 a
1668 2111 1926 2169 principibus

224 2165 351 2196 Dec'29
375 2201 520 2244 causa,
560 2188 713 2245 expelli
745 2188 887 2231 ambos
921 2189 971 2231 de
1001 2189 1103 2232 urbe
1132 2189 1364 2242 iusserunt3
1404 2189 1476 2232 sed
1506 2189 1662 2232 intuitu
1691 2190 1926 2233 misericor-

375 2266 468 2309 diae
498 2265 759 2309 Bonifacium
798 2269 944 2322 postea
980 2269 1222 2309 revocantes
1261 2266 1468 2309 stabiliter
1498 2266 1542 2309 in
1573 2266 1670 2310 sede
1700 2267 1926 2311 constitue-

373 2339 539 2386 runt³“.

279 2424 348 2458 498
493 2419 738 2474 „Simachus
761 2433 937 2476 quoque,
963 2420 1033 2476 qui
1052 2420 1133 2463 fuit
1151 2420 1407 2476 temporibus
1423 2420 1636 2464 Anastasii
1657 2421 1923 2478 imperatoris

374 2499 416 2539 et
446 2496 688 2539 Theoderici
718 2498 829 2551 regis
861 2497 1044 2552 Arriani,
1075 2511 1159 2540 una
1190 2497 1256 2540 die
1287 2498 1543 2541 contentiose
1573 2511 1667 2541 cum
1696 2498 1922 2542 Laurentio

278 2577 348 2612 499
373 2573 601 2616 ordinatur.
656 2573 738 2616 Sed
764 2574 1007 2618 Ravennam
1039 2574 1091 2617 ad
1120 2574 1319 2617 iudicium
1349 2575 1458 2629 regis
1489 2575 1654 2630 utrique
1686 2575 1922 2631 mittuntur,

371 2649 511 2705 ibique
543 2650 799 2694 discussione
829 2652 960 2707 facta,
994 2651 1235 2695 Simachusb
1266 2651 1373 2694 dono
1406 2655 1446 2695 et
1475 2652 1629 2695 iudicio
1659 2652 1769 2707 regis
1800 2666 1922 2709 prae-

372 2726 553 2769 sulatum
585 2726 828 2771 obtinuit“⁴.

467 2847 493 2868 a.
526 2839 712 2877 processisse
734 2840 764 2870 V.
810 2870 812 2872 ,
1048 2841 1077 2870 b.
1110 2840 1276 2880 Symachus
1298 2840 1332 2870 Z.

466 2908 497 2943 1.
524 2908 568 2944 V.
586 2908 650 2943 vit.
669 2907 872 2953 Agathonis
898 2920 955 2954 ap.
973 2910 1145 2946 Muratori
1169 2910 1251 2945 Rer.
1268 2910 1312 2946 It.
1331 2908 1394 2945 SS.
1408 2910 1460 2945 111
1486 2909 1554 2945 142
1579 2912 1616 2945 et
1641 2910 1720 2947 144.
1832 2911 1865 2947 2.
1890 2911 1918 2946 Ι.

373 2967 405 3003 3.
430 2967 486 3002 Ex
503 2967 566 3002 vit.
581 2966 768 3013 Bonifacii,
786 2978 844 3013 ap.
858 2969 987 3004 Murat.
1001 2967 1125 3004 SS.III
1141 2969 1219 3005 116.
1279 2969 1313 3005 4.
1339 2969 1395 3004 Ex
1412 2969 1476 3005 vit.
1490 2967 1709 3016 Symmachi,
1727 2968 1775 3006 ib.
1792 2981 1827 3016 p.
1839 2970 1917 3006 123.
