2028 3438
389 281 475 324 582
901 293 1064 324 enoms
1095 294 1200 324 vrrA
1232 293 1427 324 o‘r‘roms

389 401 440 442 ab
473 415 583 442 anno
614 400 733 443 1483
763 401 822 443 ad
852 415 1008 443 annum
1040 401 1158 443 1502
1187 400 1337 453 abbas,
1374 402 1420 442 in
1451 401 1680 456 conflandis
1712 400 1943 443 litterarum

388 473 661 520 monumentis
691 479 937 530 industrius,
974 478 1032 519 ad
1045 528 1048 532 Α
1061 479 1303 519 memoriam
1335 479 1492 533 eqreyii
1520 479 1707 534 episcopi
1734 477 1798 520 bis
1825 477 1942 520 recc-

390 555 556 597 lendam
585 556 843 597 incitaretur.
1805 555 1808 558 ’
1835 554 1862 563 ”
1900 557 1901 560 ’

506 632 674 674 Etenim
711 632 885 674 alteram
926 630 1087 673 Ottonis
1124 632 1253 672 vitam
1287 639 1450 687 petente
1486 631 1713 674 Benedicto
1750 632 1942 688 episcopo

390 707 628 751 Caminensi
664 706 1030 760 (1486—1498)
1070 709 1300 763 composuit
1330 707 1524 749 Andreas
1538 704 1561 759 ¹,
1604 708 1778 750 alteram
1811 723 1840 750 a
1871 707 1942 751 Io-

388 786 524 827 hanne
554 785 798 836 Machario,
832 792 1050 826 conventus
1082 784 1403 840 Bamberqensis
1432 785 1693 840 quardiano‚
1735 778 1942 841 recatus*-

388 863 584 904 Priorem
605 870 740 904 autem
760 861 910 903 harum
924 863 1106 903 vitarum
1115 860 1441 902 Andreanarum
1457 863 1609 918 optime
1623 863 1824 918 scriptam
1839 862 1947 904 tenet

508 938 580 991 (C)
613 940 741 981 codex
772 939 984 994 quondam
1009 936 1279 990 Caminensis,
1313 938 1435 979 bodie
1465 940 1510 979 in
1541 937 1786 981 bibliotheca
1817 937 1942 981 ecclc—

388 1018 476 1058 siae
493 1015 697 1059 S-Iacobi
718 1014 979 1057 Stettinensis
1000 1023 1200 1066 servatus,
1224 1015 1573 1067 membranaceus,
1597 1016 1665 1057 die
1680 1014 1738 1057 14
1755 1013 1943 1072 Septem·

389 1093 475 1135 bris
507 1109 544 1135 a.
569 1092 688 1135 1487
719 1092 934 1133 scribendo
966 1087 1215 1143 absolutus³,
1258 1093 1374 1133 cuius
1408 1092 1700 1147 beniqnissime
1729 1103 1756 1133 a
1787 1090 1944 1147 Schriff-

388 1185 541 1212 manno
574 1169 870 1211 archidiacono
911 1169 990 1209 huo
1019 1169 1140 1209 missi
1168 1169 1342 1224 vestiyia
1378 1170 1576 1224 persequi
1606 1168 1733 1211 licuit,
1853 1168 1942 1211 Po-

388 1249 538 1289 sterior
571 1246 733 1289 Ottonis
764 1247 850 1287 vita
882 1245 934 1287 ab
966 1245 1142 1286 Andrea
1173 1253 1393 1301 corroyata
1423 1246 1529 1287 inest
1556 1246 1603 1286 in
1827 1271 1830 1275 -
1909 1246 1921 1265 ⁶

508 1322 592 1376 (B)
614 1324 753 1365 codice
773 1322 1039 1364 bibliothecae
1059 1321 1380 1377 Bamberyensis
1400 1320 1458 1363 Rf
1480 1320 1518 1363 Π
1542 1321 1593 1363 17
1617 1321 1942 1375 membranaceo,

390 1409 668 1444 consummato
702 1401 769 1442 die
801 1399 855 1442 11
889 1399 1008 1441 Iunii
1037 1400 1142 1440 anni
1171 1399 1287 1441 1499
1296 1394 1324 1451 ⁴,
1366 1413 1486 1454 quem
1516 1408 1563 1442 ut
1591 1398 1788 1442 Berolini
1820 1399 1942 1442 adhi-

389 1479 522 1520 berem
560 1478 621 1520 M.
655 1477 934 1532 Stenqleinius
975 1475 1310 1518 bibliothecarius
1356 1491 1511 1532 mayna
1535 1474 1649 1518 ‘cum
1688 1477 1945 1526 humanitate

389 1556 596 1598 concessit.
1934 1554 1937 1558 ’

510 1632 561 1673 In
592 1632 740 1673 horum
769 1631 901 1685 icitur
930 1644 1101 1685 operum
1121 1629 1446 1672 Andreanorum
1470 1631 1699 1686 prooemiis
1730 1630 1781 1673 de
1799 1630 1945 1674 Ebone

389 1711 590 1766 scriptum
622 1716 692 1760 est,
726 1715 764 1749 et
792 1708 838 1748 in
870 1705 902 1748 C
935 1707 1100 1762 quidem
1133 1707 1196 1748 his
1227 1707 1384 1748 verbis:
1424 1707 1585 1760 „Ebbo,
1622 1710 1757 1750 nostri
1785 1708 1947 1751 cenobii

387 1786 590 1842 presbiter
621 1793 658 1826 et
686 1783 925 1836 monachus,
963 1783 1074 1825 nulli
1101 1785 1395 1826 modernorum
1424 1785 1640 1837 secundus,
1677 1786 1788 1827 idem
1816 1799 1942 1842 neqo-

390 1864 498 1904 cium
531 1861 794 1914 (scribendae
823 1862 931 1903 vitae
965 1860 1150 1913 Ottonis)
1183 1862 1459 1917 attemptavit5
1491 1863 1561 1903 cui
1588 1863 1628 1904 si
1655 1863 1745 1918 ipse
1773 1877 1944 1905 mamam

390 1948 613 1982 eatremam
644 1940 927 1994 imposuisset,
965 1939 1156 1993 parvitas
1186 1952 1276 1979 mea
1306 1952 1432 1993 super
1462 1938 1537 1980 hoc
1569 1939 1735 1981 omnino
1765 1939 1944 1996 diqitum

390 2017 457 2058 ori
485 2015 790 2072 imposuisset“.
842 2014 888 2056 In
908 2012 942 2055 B
965 2022 1100 2056 autem
1130 2015 1207 2056 hoc
1234 2023 1358 2070 pacto
1379 2014 1575 2057 Andreas
1603 2017 1654 2058 de
1684 2017 1823 2058 eodem
1852 2025 1942 2059 tra-

389 2093 521 2134 didit.-
562 2092 716 2143 „Ebbo
754 2106 850 2133 vero
888 2091 1091 2147 presbiter
1122 2100 1159 2134 et
1186 2092 1411 2133 monachus
1451 2093 1613 2135 cenobii
1646 2094 1784 2136 nostri
1813 2094 1943 2136 vitam

390 2169 500 2211 beati
529 2170 614 2210 viri
646 2168 808 2211 Ottonis
841 2169 1039 2224 episcopi,
1071 2177 1199 2224 prout
1230 2183 1279 2210 ea:
1310 2182 1379 2210 ore
1418 2168 1607 2211 Udalrici
1634 2170 1860 2213 sacerdotis
1878 2169 1939 2213 'S-

485 2257 516 2290 1.
542 2255 646 2290 Hanc
663 2254 775 2289 vitam
801 2253 914 2289 edidit
928 2253 1095 2290 Valerius
1114 2253 1294 2289 Iaschius:
1322 2253 1513 2299 „Andreae
1538 2254 1682 2291 abbatis
1697 2248 1941 2301 Bambergen-

390 2313 440 2348 sis
457 2313 501 2348 de
515 2313 602 2349 Vita
619 2312 654 2348 S.
670 2311 812 2349 Ottonis
836 2311 917 2347 libri
934 2311 1122 2357 quatuor“‚
1149 2311 1348 2357 Colbergae
1362 2313 1453 2349 1681
1478 2324 1513 2359 p„
1529 2314 1702 2350 12-136.
1797 2314 1831 2349 2.
1856 2313 1941 2350 Edi-

390 2371 444 2406 dit
467 2371 560 2406 hanc
581 2371 694 2406 vitam
713 2370 923 2406 Gretserus:
953 2370 1058 2416 „Divi
1074 2370 1398 2416 Bambergenses“,
1424 2371 1637 2417 Ingolstadii
1655 2372 1745 2408 1611
1770 2383 1806 2417 p.
1826 2372 1940 2408 145-

390 2430 470 2465 368.
512 2429 612 2471 Quae
637 2429 748 2465 editio
773 2429 927 2474 repetita
951 2432 1008 2464 est
1031 2439 1126 2465 anno
1153 2430 1243 2465 1737
1268 2429 1305 2465 in
1330 2429 1491 2465 Gretseri
1516 2440 1599 2475 opp.
1615 2430 1651 2466 X
1675 2441 1710 2476 p.
1729 2430 1939 2467 570-669.

390 2488 423 2523 3.
449 2488 550 2523 Haec
576 2486 688 2523 verba
711 2488 805 2523 enim
832 2487 929 2523 vitae
954 2487 1170 2523 adhaerent:
1197 2488 1377 2533 „Explicit
1400 2488 1477 2524 vita
1501 2492 1538 2524 et
1562 2489 1609 2524 de
1633 2489 1814 2525 miraculis
1838 2499 1940 2526 sanc-

390 2546 520 2582 tissimi
545 2557 587 2582 ac
611 2547 763 2592 piissimi
788 2545 930 2582 Ottonis
954 2545 1270 2591 Babenbergensis
1295 2546 1456 2591 episcopi
1485 2557 1527 2582 ac
1551 2547 1830 2584 Pomeranorum
1855 2557 1940 2594 apo-

391 2604 485 2640 stoli.
530 2603 711 2650 Scriptum
739 2614 804 2649 per
828 2614 886 2639 me
911 2603 1056 2639 fratrem
1082 2604 1283 2640 Erhardum
1300 2604 1429 2640 Vetter
1453 2603 1589 2640 ordinis
1613 2606 1730 2641 sancti
1753 2606 1941 2642 Benedicti

391 2662 606 2698 monachum
639 2662 845 2707 indignum,
882 2661 1085 2708 professum
1116 2663 1153 2698 in
1183 2663 1306 2698 Monte
1338 2661 1593 2698 monachorum
1626 2663 1940 2709 Babenbergensis

391 2721 576 2767 dyocesis,
610 2731 704 2756 anno
728 2720 874 2756 Domini
904 2721 1092 2757 millesimo
1118 2720 1472 2766 quadringentesimo
1501 2722 1749 2766 octuagesimo
1773 2722 1938 2768 septimo,

390 2779 428 2814 in
452 2778 513 2814 die
545 2778 775 2814 exaltationis
806 2781 931 2814 sancte
959 2780 1092 2824 crucis,
1124 2779 1161 2814 in
1192 2779 1420 2824 prepositura
1449 2781 1574 2814 sancte
1597 2779 1698 2816 Fidis
1721 2780 1871 2825 virginis
1901 2785 1939 2816 et

391 2836 583 2873 martiris“.
677 2837 712 2872 4.
738 2837 780 2872 In
797 2840 957 2873 extremo
982 2838 1076 2872 enim
1100 2837 1191 2873 libro
1207 2837 1296 2872 haec
1312 2837 1499 2882 leguntur:
1526 2838 1706 2883 „Explicit
1727 2837 1818 2874 liber
1833 2849 1938 2884 quar-

390 2899 450 2931 tus
475 2898 512 2930 et
535 2895 684 2930 ultimus
709 2895 754 2929 de
773 2894 874 2931 obitu
900 2897 937 2930 et
962 2896 1144 2931 miraculis
1165 2895 1382 2930 sanctissimi
1406 2905 1449 2930 ac
1473 2895 1625 2940 piissimi
1641 2895 1782 2932 Ottonis
1798 2895 1938 2933 Baben-

390 2953 580 2998 bergensis
605 2953 764 2999 episcopi
788 2954 1141 3000 Pomeranorumque
1166 2954 1329 3000 apostoli,
1354 2963 1450 2989 anno
1469 2953 1615 2990 Domini
1639 2954 1828 2991 millesimo
1845 2964 1937 3001 qua-

392 3011 675 3058 dringentesimo
700 3012 935 3056 nonagesimo
959 3022 1066 3057 nono,
1091 3012 1172 3058 ipsa
1196 3011 1254 3047 die
1278 3010 1445 3047 Barnabe
1470 3012 1625 3058 apostoli
1648 3012 1689 3049 F.
1706 3013 1750 3049 N.
1767 3012 1828 3049 S.“
