2028 3438
317 286 558 319 HERBORDI
587 285 830 318 DIALOGUS.
878 285 966 316 LIB.
988 285 1033 315 11.
1081 284 1359 316 PROOEMIUM
1534 272 1620 316 745

55 359 307 450 ηοὼᾳιεεῖς
338 406 475 450 neque
495 395 543 437 tu
564 392 655 437 sine
686 394 855 450 pectore
885 391 930 435 id
952 391 1080 435 michi
1102 391 1291 435 detulisti
1312 390 1452 435 officii.
1500 391 1619 447 Quia,
1651 401 1741 436 1158

55 468 135 528 pro
153 482 222 515 me
243 470 518 528 respondem,
551 470 685 514 eciam
706 473 776 513 tue
799 468 1038 513 narracioni
1070 469 1232 512 animos
1264 469 1515 513 attenciores
1546 483 1621 512 no·
1652 450 1735 480 ¹⁰¹³

57 545 338 592 bis'ereicisti.
460 546 544 591 Sed
574 547 674 602 iam,
706 559 869 603 precor,
900 547 1133 590 iniunctum
1166 559 1390 602 exequens,

146 623 283 680 ⁵Qnis,
313 624 427 681 quid,
458 624 544 680 ubi,
578 624 728 680 quibus
760 623 942 679 auxiliis,
975 637 1061 679 cur,
1094 623 1316 679 quomodo,
1349 623 1516 679 quando

56 699 191 757 egerit
209 725 264 733 -
289 701 389 758 quia
419 701 471 746 he
495 700 811 745 circumstantie
841 715 925 744 non
949 701 1160 744 modicum
1190 700 1296 744 lucis
1327 700 1452 744 rebus
1482 700 1622 744 infun-

57 779 163 824 dunt
173 799 239 813 ---
260 779 576 824 conversionem
607 779 744 834 gentis
775 778 1008 822 Pomerane
1038 778 1278 834 aggredere,
1310 782 1358 821 ut
1388 778 1585 835 explices.

177 854 440 901 Sefri'dus:
470 856 529 901 Ut
558 860 705 914 potero
736 856 911 912 inquit
941 855 1101 899 iubenti
1133 855 1280 899 obedio
1312 856 1516 900 caritati‘·.

180 935 218 978 1.
265 933 516 978 Pomerania
546 934 765 991 provincia
795 947 846 976 ex
878 934 972 990 ipsa
1001 933 1184 976 nominis
1217 933 1458 989 etimologia
1489 933 1622 990 quali-

57 1010 188 1056 tatem
218 1012 284 1055 sui
315 1011 422 1055 situs
451 1011 639 1055 indicare
672 1010 848 1054 videtur.
903 1011 1012 1054 Nam
1049 1013 1174 1068 poma?
1201 1010 1346 1066 lingua
1377 1010 1644 1058 Sclavorum.

59 1087 234 1146 „iuxta“
266 1092 391 1132 sonat
414 1088 481 1133 vel
507 1087 689 1144 „circa“,
720 1091 854 1131 moriz
886 1092 1026 1132 autem
1060 1086 1274 1144 „mare“¹;
1306 1089 1404 1132 inde
1426 1088 1624 1132 Pomera-

58 1166 131 1210 nia
161 1166 281 1223 quasi
311 1165 624 1221 Pomerizania,
666 1166 710 1209 id
748 1169 812 1209 est
845 1166 1021 1221 „iuxta“
1054 1166 1119 1210 vel
1153 1167 1293 1222 „circa
1324 1181 1440 1211 mare
1472 1164 1621 1210 sitam.

57 1243 137 1288 Est
166 1246 307 1288 autem
337 1246 452 1288 terra
480 1243 579 1299 hec,
620 1243 656 1287 si
687 1246 818 1287 totam
852 1244 941 1287 eius
973 1244 1230 1301 posicionem
1262 1247 1348 1288 tam
1387 1245 1432 1287 in
1464 1245 1624 1299 stagnis

59 1316 102 1366 et
130 1320 412 1366 refusionibus
443 1321 619 1364 marinis
651 1334 776 1376 quam
809 1321 853 1364 in
884 1321 988 1364 locis
1019 1322 1325 1378 campestribus
1358 1322 1625 1365 considerare

60 1390 250 1454 velimus,
281 1399 403 1455 quasi
421 1397 557 1454 figura
577 1398 801 1454 triangula.
851 1397 957 1450 Quia
984 1399 1118 1442 tribus
1148 1399 1366 1455 lateribuS,
1399 1400 1519 1456 quasi
1550 1400 1626 1443 tri-

59 1475 137 1521 bus
166 1476 290 1520 lineis
320 1490 397 1534 per
421 1476 561 1533 capita
591 1476 672 1520 sibi
703 1476 1011 1531 coherentibus,
1043 1480 1128 1520 tres
1161 1477 1336 1532 angulos
1368 1477 1522 1521 habere
1554 1477 1625 1521 de-

57 1550 354 1612 prehenditur3
385 1553 447 1597 ita
475 1556 632 1609 tamen,
665 1557 712 1597 ut
740 1567 846 1597 unus
869 1553 1046 1608 angulus
1068 1554 1230 1598 duobus
1262 1555 1434 1611 reliquis
1466 1555 1522 1599 sit
1553 1569 1625 1599 ex-

57 1630 231 1688 tensior,
264 1632 336 1688 qui
357 1631 490 1675 eciam
511 1645 644 1688 usque
666 1631 718 1674 ad
739 1631 973 1675 Leuticiam
1005 1635 1047 1675 et
1076 1645 1207 1689 prope
1229 1632 1457 1676 Saxoniam
1480 1646 1625 1677 versus

59 1709 297 1766 aquilonem
318 1709 371 1753 ad
390 1707 542 1753 fluctus
563 1708 731 1753 oceanib
755 1709 958 1766 paulatim
980 1713 1224 1753 recurvatus
1246 1710 1494 1754 demittitur.
1542 1711 1625 1754 Ita-

59 1800 140 1844 que
169 1786 422 1831 Pomerania
452 1790 548 1844 post
578 1800 623 1830 se
654 1787 699 1829 in
731 1800 884 1830 oceano
906 1786 1082 1830 Daciam
1114 1787 1240 1832 habet
1271 1793 1313 1832 et
1336 1788 1528 1844 Rugiam,
1561 1789 1626 1831 in-

59 1864 196 1909 sulam
226 1877 404 1922 parvam
435 1864 509 1908 sed
539 1863 810 1922 populosam3
848 1878 975 1921 super
1006 1878 1050 1908 se
1083 1868 1237 1920 autem,
1269 1865 1313 1908 id
1344 1870 1410 1910 est
1441 1866 1494 1909 ad
1525 1866 1626 1910 dex-

59 1945 196 1987 teram
233 1941 553 1998 septentrionis,
598 1941 789 1985 Flaviam
827 1942 954 1985 habet
995 1945 1036 1986 et
1073 1942 1288 1986 Prusciam
1329 1947 1370 1987 et
1406 1943 1624 1998 Rusciam;

60 2022 157 2064 ante
187 2033 232 2063 se
263 2033 376 2075 vero,
408 2019 452 2062 id
483 2023 548 2062 est
577 2033 722 2063 versus
754 2019 930 2074 aridam,
963 2033 1094 2076 parva
1125 2020 1393 2064 extremitate
1423 2035 1468 2064 se
1499 2022 1626 2065 attin-

59 2100 205 2153 gentes
225 2095 329 2141 fines
360 2096 534 2153 respicit
553 2096 737 2152 Ungarie
766 2111 815 2140 ac
835 2097 1035 2153 Moravie,
1068 2097 1164 2142 dein
1185 2097 1403 2141 Poloniam
1436 2099 1627 2155 spaciosa

60 2174 334 2230 contiguitate
364 2187 496 2230 usque
528 2174 581 2217 ad
612 2174 791 2218 confinia
821 2174 1009 2219 Leuticie
1042 2178 1084 2219 et
1115 2175 1298 2219 Saxonie
1330 2189 1374 2219 se
1407 2176 1533 2220 habet
1564 2179 1626 2220 at-

61 2251 281 2308 tingendo⁶
303 2251 611 2296 extendentem.
704 2251 816 2295 Gens
838 2252 934 2308 ista,
952 2256 1066 2296 terra
1088 2253 1276 2308 marique
1297 2253 1454 2297 bellare
1475 2254 1626 2310 perita,

61 2329 207 2387 spoliis
239 2333 282 2374 et
310 2333 437 2386 raptu
457 2329 599 2373 vivere
620 2333 831 2385 consueta,
863 2330 1048 2374 naturali
1070 2331 1250 2386 quadam
1272 2331 1440 2374 feritate
1460 2345 1627 2388 semper

61 2410 154 2452 erat
172 2406 378 2450 indomita
399 2410 441 2450 et
463 2420 487 2450 a
508 2406 622 2450 cultu
644 2410 686 2450 et
705 2406 786 2450 fide
808 2407 1039 2451 christiana
1063 2408 1231 2464 penitus
1254 2408 1402 2451 aliena.
1497 2408 1628 2452 Terra

62 2498 160 2529 vero
192 2485 288 2542 ipsa
318 2484 496 2541 piscium
529 2487 571 2528 et
589 2484 774 2527 ferarum
796 2485 1008 2542 copiosam
1032 2484 1179 2528 incolis
1211 2485 1359 2542 prebet
1381 2485 1627 2530 habundan-

61 2562 190 2616 ciam3
223 2562 574 2617 omnigenumque
599 2561 905 2605 frumentorum
937 2566 978 2606 et
1009 2563 1267 2617 leguminum
1300 2563 1387 2607 sive
1419 2563 1625 2606 seminum

61 2638 323 2683 fertilissima
354 2641 429 2682 est.
477 2638 604 2682 Nulla
635 2639 771 2683 mellis
795 2631 986 2695 feracior,
1019 2639 1136 2682 nulla
1166 2640 1333 2696 pascuis
1366 2644 1407 2684 et
1436 2641 1627 2696 gramine

61 2715 290 2759 fecundior.
339 2715 492 2759 Vinum
525 2720 664 2760 autem
703 2730 780 2761 nec
811 2717 967 2761 habent
1003 2730 1081 2760 nec
1113 2720 1314 2772 querunt3
1354 2718 1426 2762 sed
1464 2719 1625 2763 melleis

155 2855 182 2875 a.
214 2846 251 2875 In
274 2846 310 2875 N
326 2851 495 2885 sequuntur
517 2846 609 2877 haec:
634 2847 765 2886 Explicit
786 2848 985 2887 prohemium.
1017 2847 1127 2886 Incipit
1148 2847 1225 2878 liber
1246 2848 1407 2878 secundus.
1513 2849 1541 2879 b.
1575 2858 1625 2880 oc-

63 2898 148 2928 ceani
172 2914 200 2918 —
220 2907 349 2929 occeano
373 2899 413 2929 N.
539 2909 565 2930 c.
598 2901 760 2938 atingendo
783 2901 823 2931 N.

161 2973 192 3009 1.
218 2983 317 3010 mare
341 2974 511 3011 Polonice
544 2975 709 3021 „morze“
736 2979 900 3012 vocatur.
1047 2977 1081 3011 2.
1115 2975 1296 3012 maritima
1320 2980 1498 3013 vocantur
1522 2978 1625 3014 Polo-

63 3031 143 3069 nice
169 3032 534 3080 „pomorszczyzna“.
