2028 3438
206 361 295 395 1103

149 410 235 439 Febr.
244 425 272 428 —-
286 409 348 438 Iun.

231 1590 291 1620 Ian.
308 1592 344 1620 21

368 234 455 276 202
881 242 1101 293 nmmum
1130 242 1298 274 cona-x.
1349 240 1415 274 113

367 351 491 395 hodie
513 354 577 394 est
596 351 638 393 in
662 349 862 393 ecclesia?
898 349 946 392 In
960 348 1173 406 Babylone
1195 349 1391 392 confusae
1412 350 1511 391 sunt
1529 347 1923 406 linguaegentinmss

367 429 411 471 in
459 427 634 471 ecclesia
673 426 914 469 dividuntur
958 426 1128 480 linguae
1173 429 1216 468 et
1252 428 1413 468 mentes
1460 424 1731 468 credentium.
1772 463 1774 466 .
1831 425 1926 468 'Ait

367 505 516 548 Petrus
547 504 591 546 in
623 503 801 559 epistola
831 516 928 546 sua:
963 503 1133 547 Salutat
1160 518 1232 546 voe
1266 503 1455 554 ecclesia,
1490 516 1598 558 quae
1627 509 1686 545 eet
1711 504 1767 544 ἐπ’
1790 501 1924 545 Babi-

369 583 461 624 lone
492 577 695 624 collecta¹.
744 579 955 623 Hactenus
981 579 1302 635 interpretabar,
1333 579 1426 621 ideo
1448 577 1630 621 voluisse
1649 570 1820 622 Petrum
1851 591 1926 635 per

367 658 611 701 Babilonem
651 657 817 710 signare
848 655 1045 710 Romam,
1087 656 1186 710 quia
1222 658 1321 697 tunc
1351 655 1553 711 temporis
1585 654 1718 697 Roma
1754 653 1928 699 confusa

369 738 459 778 erat
495 733 693 776 idolatria
729 736 771 776 et
810 733 925 775 omni
964 732 1182 788 spurcicia.
1240 732 1299 774 At
1342 744 1454 774 nunc
1499 730 1617 775 dolor
1661 744 1780 776 meus
1801 731 1927 774 mihi

367 812 688 866 interpretatur,
728 809 839 864 quod
868 808 1016 851 Petrus
1047 808 1291 865 prophetico
1324 809 1496 864 spiritu,
1536 808 1677 859 dicens
1709 807 1926 862 ecclesiam

368 888 411 930 in
433 886 633 930 Babilone
664 885 894 939 collectam,
927 885 1183 941 praeviderit
1213 886 1497 929 confusionem
1528 885 1814 939 dissensionis,
1845 897 1927 940 qua

367 963 491 1007 hodie
523 963 725 1006 scinditur
757 962 944 1006 ecclesia.
1001 962 1106 1004 Nam
1141 963 1331 1018 quamvis
1363 961 1538 1005 ecclesia
1569 962 1625 1004 sit
1653 961 1697 1005 in
1718 960 1927 1009 Babilone

369 1040 533 1094 mundi,
565 1044 707 1082 tamen
739 1039 861 1082 debet
892 1053 982 1082 esse
1015 1039 1190 1082 collecta
1226 1053 1301 1094 per
1331 1039 1559 1082 fraternam
1591 1038 1924 1084 unanimitatem.

488 1117 567 1167 Qui
606 1116 690 1159 sint
732 1117 913 1158 turbines
954 1119 1004 1159 ab
1045 1117 1231 1172 Affrz'co,
1280 1115 1480 1158 discimus
1522 1114 1724 1171 paciendo
1768 1115 1926 1170 magis’

371 1207 496 1249 quam
535 1192 724 1247 legendo.
778 1193 848 1235 De
878 1202 989 1235 terra
1020 1193 1235 1245 horribili,
1276 1205 1302 1234 a
1332 1192 1520 1235 Romana
1550 1191 1709 1235 scilicet
1738 1191 1925 1247 ecclesia,

370 1273 475 1313 vicio
518 1272 627 1313 dura
666 1272 866 1312 nunciata
898 1279 956 1312 est
984 1271 1110 1322 mihi3
1152 1269 1249 1312 inde
1289 1269 1432 1322 turbo,
1473 1272 1520 1311 ut
1554 1271 1781 1325 tempestas
1813 1269 1928 1322 venit

369 1347 422 1390 ab
444 1346 612 1390 AffricO.
719 1346 931 1388 Romanus
954 1346 1063 1388 enim
1087 1345 1268 1402 praesul,
1294 1349 1413 1402 pater
1434 1345 1618 1388 omnium
1642 1344 1925 1401 ecclesiarum,

369 1424 531 1467 litteras
553 1426 698 1466 contra
720 1436 794 1465 nos
817 1423 948 1465 mittit
965 1419 1204 1476 R(6bert0)²
1226 1422 1547 1465 Flandrensium
1569 1422 1725 1477 comiti,
1750 1436 1924 1478 quarum

371 1500 584 1556 exemplar
615 1499 699 1543 tale
731 1503 813 1542 est:

491 1575 761 1632 „Paschalisb
810 1576 1028 1632 episcopus
1074 1558 1216 1619 servus
1256 1589 1471 1619 servorum
1509 1575 1589 1619 Dei
1627 1575 1790 1620 dilecto.
1817 1574 1925 1619 fili0⁶

370 1653 575 1696 Roberto¹¹
616 1653 649 1696 F
652 1653 937 1696 landrensium
984 1653 1127 1695 comiti
1173 1652 1350 1694 salutem
1397 1655 1438 1695 et
1485 1652 1757 1709 apostolicam
1801 1652 1926 1697 bene-

371 1731 608 1773 dictionem.
729 1729 978 1775 Benedictus
1018 1729 1210 1772 dominus
1242 1729 1356 1772 Deus
1388 1729 1538 1784 Israel,
1578 1730 1649 1785 qui
1679 1730 1723 1773 in
1753 1732 1796 1773 te
1827 1742 1926 1775 suae

372 1807 538 1850 virtutis
579 1806 800 1849 efficatiam
839 1809 1048 1862 operatur.
1109 1806 1333 1860 Quoniam,
1380 1819 1572 1848 reversus
1611 1806 1662 1849 ab
1700 1806 1926 1849 Ierusalem

373 1883 540 1940 Syriae,
580 1884 624 1926 in
656 1883 839 1925 celorum
871 1882 1098 1925 Ierusalem
1128 1883 1262 1925 iustae
1299 1882 1479 1925 miliciae
1511 1882 1706 1938 operibus
1736 1883 1798 1926 ire
1828 1896 1926 1927 con-

371 1960 522 2002 tendis.
579 1959 668 2002 Hoc
699 1963 762 2002 est
798 1959 976 2013 legitimi
1007 1958 1174 2012 militis,
1215 1963 1262 2000 ut
1293 1959 1357 2001 sui
1386 1959 1497 2013 regis
1531 1959 1668 2002 hostes
1699 1959 1925 2003 instantius

372 2040 660 2093 persequatur.
717 2035 883 2079 Gratias
916 2049 1012 2090 ergo
1045 2035 1290 2091 prudentiae
1320 2039 1417 2078 tuae
1449 2036 1631 2091 agimus,
1665 2036 1774 2091 quod
1805 2050 1925 2093 prae-

373 2117 536 2169 ceptum
577 2116 764 2155 nostrum
804 2113 848 2155 in
880 2112 1170 2155 Cameracensi
1209 2112 1428 2167 parrochia
1466 2115 1662 2155 executus
1701 2126 1757 2156 es.
1878 2112 1926 2156 Id

372 2191 510 2246 ipsum
553 2190 603 2232 de
640 2189 963 2232 Leodicensibus
1002 2189 1369 2232 excommunicatis
1408 2189 1727 2245 pseudoclericis
1765 2189 1926 2247 praeci-

372 2267 524 2322 pimus.
571 2267 729 2313 Iustum
752 2267 862 2309 enim
888 2270 964 2321 est,
995 2269 1055 2320 ut,
1088 2266 1158 2320 qui
1181 2268 1312 2307 semet
1342 2266 1456 2321 ipsos
1479 2279 1504 2309 a
1524 2266 1727 2309 catholica
1753 2267 1927 2310 ecclesia

374 2347 665 2397 segregarunt,
706 2357 781 2398 per
812 2343 1036 2386 catholicos
1076 2342 1126 2384 ab
1160 2341 1357 2384 ecclesiae
1394 2342 1602 2385 beneficiis
1642 2346 1922 2398 segregentur.
1951 2396 1953 2398 ῃ

372 2419 458 2462 Nec
495 2420 540 2462 in
570 2420 648 2462 hac
679 2424 841 2463 tantum
879 2424 1019 2476 parte,
1060 2419 1133 2462 sed
1167 2419 1401 2473 ubicunque
1439 2419 1618 2475 poteris,
1660 2419 1924 2464 Heinricum⁰

374 2496 649 2538 hereticorum
698 2500 823 2552 caput
869 2501 909 2539 et
954 2497 1042 2539 eius
1088 2496 1271 2538 fautores
1316 2508 1392 2550 pro
1439 2495 1595 2538 viribus
1645 2497 1923 2552 persequaris.

373 2571 543 2614 Nullum
581 2572 766 2627 profecto
799 2573 957 2626 gratius
989 2572 1078 2615 Deo
1111 2571 1356 2614 sacrificium
1397 2571 1543 2615 offerre
1581 2573 1758 2628 poteris,
1799 2586 1924 2628 quam

375 2649 411 2691 si
442 2662 536 2691 eum
566 2649 800 2704 impugnes,
834 2650 903 2704 qui
936 2663 979 2692 se
1012 2652 1156 2692 contra
1176 2648 1311 2691 Deum
1343 2648 1494 2701 erexit3
1528 2649 1598 2703 qui
1627 2649 1825 2693 ecclesiae
1845 2649 1925 2694 Dei

373 2738 546 2779 regnum
587 2725 749 2768 auferre
788 2730 981 2778 conatum
1031 2726 1100 2780 qui
1138 2726 1183 2767 in
1218 2725 1308 2767 loco
1348 2728 1490 2767 sancto
1530 2724 1723 2780 Symonis
1766 2725 1925 2769 idolum

376 2801 543 2853 statuit3
583 2801 653 2855 qui
693 2814 717 2842 a
755 2802 1015 2858 principibus
1053 2802 1133 2844 Dei
1172 2801 1325 2844 sanctis
1366 2801 1563 2856 apostolis
1603 2811 1827 2857 eorumque
1861 2803 1924 2845 vi-

468 2908 494 2928 a.
526 2899 615 2929 nimis
631 2899 687 2929 VZ.
785 2900 814 2929 b.
842 2900 874 2930 P.
893 2901 922 2930 V.
1021 2910 1046 2930 c.
1076 2901 1186 2931 dilecto
1206 2901 1271 2931 filio
1293 2910 1348 2931 om.
1363 2900 1394 2930 V.
1491 2900 1519 2930 d.
1548 2900 1584 2930 R.
1603 2900 1660 2931 VZ.
1757 2910 1783 2932 e.
1811 2901 1848 2931 H.
1866 2901 1924 2938 132.

471 2964 502 2998 1.
531 2964 549 2998 1
567 2963 662 2999 Petr.
682 2962 714 3008 5,
734 2963 789 2997 13.
909 2964 941 3000 2.
967 2963 1012 2999 II.
