2028 3438
433 236 598 277 anonis
629 246 736 276 vr‘rA
767 243 978 276 orm-oms.
1024 245 1112 276 mn.
1136 245 1187 276 m
1220 236 1278 276 19.
1292 243 1338 276 20
1583 233 1669 276 679

96 357 419 413 tan-‘'¹nu‘11quam
457 353 592 398 exidit
622 376 676 383 —-
711 351 937 409 specialem
975 351 1179 404 orationis
1220 351 1368 395 intime
1404 351 1670 396 devotionem

97 422 611 489 rependerecriravimus.
644 421 800 484 Nam,
837 433 885 473 ut
915 429 967 473 de
998 429 1148 473 ceteris
1181 420 1349 484 sileam,
1388 428 1669 472 Ellenhardus

98 499 428 564 senior-'nostem'
456 508 523 551 vir
552 507 682 551 totius
712 499 936 564 prudentie
968 510 1011 550 et
1039 507 1211 564 pietatis
1244 519 1293 550 ac
1321 506 1529 561 'singulari
1553 519 1668 549 com-

93 575 342 644 punctionis
355 588 412 630 ¹et
440 584 691 629 humilitatis
725 583 944 628 dulcedine
977 583 1191 639 amabilis,
1230 586 1458 627 nocturnas
1488 584 1669 626 fratrum

97 652 265 719 vigilias
294 653 454 707 orando
485 662 708 719 prevenire
739 660 902 716 solitus,
935 674 1012 718 pro
1033 660 1169 704 salute
1200 661 1261 717 pii
1282 660 1449 704 Ottonis
1481 660 1669 717 placidas

96 731 491 784 divinffclementie
522 746 645 783 aures
675 738 910 782 lacrimosis
942 737 1196 793 singultibus
1240 751 1288 782 eo
1327 751 1461 794 usque
1498 736 1670 794 pulsare

95 823 197 861 non
211 811 426 872 cessal'mt,
467 816 600 860 donec
630 815 915 859 desideratum
947 815 1037 859 eius
1066 815 1248 859 reditum
1282 814 1427 858 celesti
1465 825 1669 872 responso

95 893 244 940 audire
271 891 528 939 mereretur.
591 893 698 937 Cum
738 894 850 937 enim
889 896 1094 937 nocturno
1132 896 1323 965 tempore
1359 905 1477 935 more
1517 905 1592 935 suo
1624 892 1669 934 in

94 961 330 1016 te'nebrosls
352 970 563 1046 ‘gradibus
592 971 752 1029 capelle
790 972 843 1015 ad
875 974 1043 1015 sanctas
1074 970 1259 1026 virgines
1289 969 1452 1013 intimis
1491 982 1569 1026 pro
1602 969 1666 1012 di-

96 1045 206 1094 lecto
227 1039 378 1107 patre
386 1049 602 1093 insisteret
632 1048 850 1105 precibus,
883 1048 1021 1092 subito
1053 1047 1168 1091 clara
1197 1047 1291 1090 luce
1320 1047 1366 1089 in
1398 1046 1543 1090 eodem
1575 1046 1668 1090 loco

97 1119 327 1183 emicante,
366 1126 529 1170 audivit
558 1139 701 1170 vocem
734 1126 943 1170 dicentem
982 1125 1083 1169 sibi·
1124 1125 1366 1168 Exauditae
1399 1140 1439 1167 es
1474 1140 1555 1181 pro
1591 1127 1668 1181 pio

93 1204 295 1259 ottones
308 1202 472 1248 baleam
511 1219 604 1248 eum
639 1206 828 1262 recipies.
953 1202 1035 1247 Sed
1072 1203 1137 1246 his
1176 1202 1393 1275 paulisper
1431 1202 1668 1245 necessario

94 1273 293 1338 incertia,
311 1292 424 1326 nunc
452 1282 715 1325 revertamur
746 1281 799 1324 ad
833 1281 1035 1324 ordinem.

129 1369 134 1386 ³
217 1359 288 1404 20.
321 1359 454 1415 Igitur
469 1357 753 1402 confirmatls
741 1372 786 1402 111
801 1358 883 1402 fide
899 1361 941 1402 et
954 1356 1328 1402 doctrinaDomini
1345 1355 1667 1411 Stetinensibus,

95 1445 194 1482 ‘cum
214 1437 281 1481 vi'r
299 1435 580 1481 DeiUznoim
609 1436 747 1480 redire
774 1436 1029 1493 disponeret,
1062 1434 1307 1478 accedentes
1340 1434 1392 1477 ad
1425 1447 1520 1477 eum
1551 1433 1668 1477 urbis

95 1515 285 1564 eiusdem
316 1515 429 1558 cives
447 1513 707 1570 ‘suppliciter
735 1513 955 1568 rogabant,
988 1515 1035 1555 ut
1058 1512 1327 1566 discordiam,
1360 1525 1440 1567 que
1465 1511 1576 1554 inter
1598 1523 1668 1554 eos

95 1597 143 1637 et
169 1591 319 1636 ducem
334 1583 613 1636 ‘Wortizlaum
635 1590 801 1634 diabolo
831 1590 1062 1645 instigante
1085 1588 1265 1632 conflata
1295 1592 1400 1644 erat,
1432 1602 1506 1631 suo
1538 1588 1668 1631 inter-

96 1673 227 1714 ventu
257 1668 517 1713 dissolveret.
572 1668 662 1712 Ad*
692 1667 769 1712 hec
807 1668 900 1711 ille:
941 1668 1120 1711 Faciam
1151 1667 1290 1722 inquit
1325 1676 1373 1710 at
1411 1667 1558 1716 vultis;
1597 1668 1671 1709 sed

95 1757 207 1806 peto,
240 1748 397 1805 leqatoe
417 1747 681 1790 honorabiles
714 1761 764 1789 ex
786 1755 909 1804 parte
929 1755 1065 1788 vestra
1085 1760 1245 1788 mecum
1266 1746 1411 1801 diriyi,
1446 1746 1523 1800 qai
1547 1746 1669 1800 pacis

96 1826 223 1870 huius
251 1817 398 1869 manici
428 1827 545 1868 vobis
575 1833 786 1881 reportent
817 1832 866 1876 et,
900 1825 941 1866 ai
970 1825 1058 1866 duat
1087 1825 1194 1866 iuste
1224 1822 1392 1878 aliquid
1420 1822 1541 1871 habet
1570 1836 1668 1878 que-

97 1903 228 1958 rele}
246 1905 300 1946 de
328 1903 495 1946 obiectis
534 1904 740 1945 rationem
769 1902 962 1944 reddant.
1026 1900 1260 1943 Confestim
1297 1899 1427 1954 legati
1459 1898 1671 1942 Stetinen-

99 1980 210 2025 sium
241 1980 350 2024 bono
381 1979 543 2037 pastori
575 1979 858 2034 assignantur,
899 1978 969 2033 qui
1004 1978 1129 2021 etiam
1169 1990 1252 2020 non
1285 1989 1416 2033 parvo
1446 1977 1491 2019 in
1524 1976 1670 2019 eadem

98 2059 170 2102 via
200 2057 357 2116 presuli
391 2057 501 2100 almo
541 2057 659 2100 fuere
697 2056 895 2112 presidio.
1017 2055 1127 2098 Nam
1159 2054 1241 2097 duo
1274 2053 1494 2110 pontifices
1526 2053 1670 2110 ydolo-

96 2149 194 2180 ·rum
213 2136 316 2179 nviro
347 2135 428 2179 Dei
458 2134 607 2178 mortis
637 2133 811 2189 laqueos
849 2133 1140 2186 intenderunt3
1181 2135 1223 2175 et
1259 2131 1415 2174 milites
1457 2131 1671 2186 octoginta

101 2216 286 2270 quatuor
311 2213 420 2257 clam
451 2212 746 2270 premiserant,
779 2211 851 2266 qui
882 2224 978 2254 eum
1003 2210 1273 2253 observantes
1305 2209 1348 2251 in
1379 2209 1519 2252 reditu
1549 2208 1669 2262 iugu-

99 2291 239 2336 larent
269 2295 312 2334 et
341 2292 470 2363 caput
492 2290 581 2335 eius
612 2288 709 2346 palo
740 2287 916 2331 infixum
949 2287 1029 2330 sibi
1059 2287 1337 2330 remitterent.
1388 2285 1470 2329 Sed
1491 2298 1574 2328 non
1607 2289 1672 2327 est

101 2368 324 2426 sapientia,
354 2381 438 2411 non
465 2370 530 2410 est
549 2366 766 2420 fortitudo,
798 2379 883 2408 non
906 2368 970 2408 est
991 2364 1210 2407 consilium
1235 2368 1382 2407 contra
1402 2359 1668 2406 Dominum¹.

101 2446 210 2490 Nam
244 2449 287 2490 et
316 2446 412 2503 pius
434 2445 547 2499 Otto,
580 2444 724 2487 divina
756 2456 800 2486 se
831 2445 1077 2499 protegente
1108 2442 1258 2496 gratia,
1290 2440 1435 2484 illesus
1467 2439 1599 2483 exivit
1629 2443 1672 2482 et

101 2522 292 2567 infideles
329 2522 391 2566 illi
421 2522 619 2578 laqueum
651 2525 693 2564 et
723 2521 911 2575 foveam,
953 2533 1079 2575 quam
1109 2522 1384 2575 paraverant,
1418 2517 1668 2560 inciderunt.

102 2601 298 2645 Abeunte
329 2600 439 2644 enim
471 2599 639 2656 presule
671 2598 805 2652 beato,
838 2597 972 2640 maior
998 2596 1070 2639 ille
1094 2596 1285 2652 pontifex
1305 2594 1540 2652 ydolorum,
1573 2607 1671 2637 con-

104 2678 263 2721 vocatis
296 2678 442 2721 amicis
474 2677 576 2731 suis,
607 2689 761 2730 magno
792 2674 931 2727 leticie
962 2673 1148 2730 tripudio
1180 2687 1251 2716 eos
1271 2673 1383 2716 diem
1413 2673 1567 2716 festum
1589 2670 1670 2714 diis

104 2756 354 2810 suis-agere
392 2754 601 2811 precepit,
640 2754 803 2796 dicens:
844 2752 962 2795 Deus
1001 2760 1161 2804 noster,
1202 2766 1323 2808 quem
1363 2753 1561 2807 antiquus
1599 2749 1671 2792 ille

105 2835 297 2876 seductor
327 2835 602 2876 eoeterminare
633 2839 805 2874 conatus
838 2838 915 2882 est,
957 2831 1161 2886 apparuit
1190 2830 1320 2871 michi
1349 2838 1386 2872 et
1415 2830 1505 2871 sine
1535 2827 1670 2869 ambi-

106 2913 268 2968 9uitate
299 2919 427 2968 caput
460 2910 623 2953 ottonis
655 2909 778 2951 hodie
815 2908 1121 2963 amputandum
1150 2907 1358 2963 michique
1388 2906 1670 2948 transmitten-

204 3013 231 3034 ι.
262 3004 302 3034 At
327 3003 358 3034 0.
680 2996 712 3030 1.
739 2994 846 3030 Prov.
865 2994 921 3039 21,
947 2993 1005 3029 30.

1692 361 1896 397 1125-1132

1695 1366 1786 1401 1127
