2028 3438
265 368 354 403 1127

245 416 313 446 Mai.
330 418 369 446 22

395 240 480 282 794
767 253 1003 285 HERBORDI
1033 254 1272 286 mAnoous.
1320 255 1407 285 Lm.
1429 255 1481 285 m
1511 253 1544 287 3.
1561 252 1585 285 4

394 358 476 401 Sed
523 358 623 414 quid
668 359 834 403 morer?
894 359 1031 403 Affuit
1068 360 1250 417 Spiritus
1289 360 1423 404 sancti
1460 361 1597 416 gratia
1635 365 1677 405 et
1713 374 1946 407 sermonem

393 435 510 478 ducis
557 436 742 479 omnium
788 436 981 480 cordibus
1029 437 1153 480 altius
1200 451 1323 493 quam
1371 437 1453 481 dici
1499 441 1625 494 queat
1667 437 1944 495 inplantavit3

393 527 619 570 omnesque
657 513 750 569 pari
786 517 882 556 voto
920 514 1013 570 pari
1050 527 1253 557 consensu
1290 514 1524 558 faciendum
1564 515 1791 572 spondent,
1831 516 1945 572 quic-

394 591 495 647 quid
526 591 744 647 episcopus
777 590 982 633 suaderet.
1030 590 1160 645 Igitur
1181 591 1396 635 occasione
1424 592 1557 649 ipsius
1578 592 1780 649 temporis
1800 591 1852 636 de
1872 592 1945 636 ad-

393 671 521 711 ventu
543 667 724 724 Spiritus
756 668 903 722 sancti,
936 667 987 710 de
1008 668 1253 712 remissione
1286 673 1564 725 peccatorum,
1596 669 1647 713 de
1667 669 1795 713 variis
1817 669 1944 714 caris-

393 747 553 787 matum
584 744 718 799 donis,
751 743 801 787 de
834 744 1018 787 bonitate
1050 747 1092 787 et
1118 744 1338 788 clementia
1365 746 1520 801 divina,
1554 758 1744 790 sermone
1763 745 1946 790 mirabili

393 821 535 878 presul
566 834 636 864 eos
669 821 896 876 alloquens,
929 821 1234 876 euangelizavit
1254 822 1337 865 illis
1358 822 1508 866 Iesum.
1554 822 1611 866 Et
1632 822 1834 878 quosdam
1854 822 1945 879 qui-

394 898 502 952 dem,
534 898 619 940 iam
651 898 806 940 dudum
839 898 1087 941 christianos
1119 899 1192 942 sed
1223 913 1364 943 errore
1394 900 1629 956 paganismi
1653 900 1788 943 denuo
1808 899 1945 956 inqui-

392 978 537 1030 natos,
581 975 766 1031 presenti
806 988 997 1017 sermone
1035 975 1087 1018 ad
1126 977 1470 1033 conpunctionem
1511 981 1554 1020 et
1589 976 1772 1020 validam
1807 977 1944 1021 cordis

393 1051 686 1094 contritionem
720 1051 939 1106 emollitos,
972 1049 1066 1094 cum
1087 1066 1239 1108 magno
1269 1053 1407 1097 fructu
1437 1053 1730 1110 aspicientium
1760 1067 1838 1111 per
1856 1067 1945 1099 ma-

321 1146 325 1150 ’
393 1142 471 1172 nus
517 1129 828 1185 impositionem
874 1128 1045 1172 ecclesie
1081 1130 1384 1184 reconciliavit3
1433 1130 1535 1174 alios
1575 1133 1714 1174 autem
1753 1131 1943 1175 certatim

169 1295 367 1326 Mai.22-29

169 1681 240 1718 post
251 1679 320 1710 Mai.
330 1680 369 1709 22

393 1219 485 1249 sese
516 1205 748 1260 offerentes,
782 1205 1061 1249 cathezizatos
1093 1220 1141 1250 ac
1171 1221 1247 1263 pro
1278 1211 1467 1264 tempore
1498 1207 1679 1252 breviter
1703 1208 1944 1264 instructos,

393 1283 636 1339 baptizavit.
683 1282 740 1325 Et
771 1285 903 1325 totam
934 1283 1048 1326 illam
1082 1284 1356 1328 ebdomodam
1387 1284 1574 1328 doctrine
1605 1285 1817 1341 sacrisque
1847 1298 1944 1342 ope-

392 1360 507 1403 ribus
538 1359 723 1403 instabat
753 1360 905 1414 gaudio
937 1361 1110 1416 ingenti,
1144 1361 1245 1404 adeo
1276 1365 1324 1404 ut
1353 1375 1450 1405 vere
1473 1361 1655 1418 Spiritus
1686 1362 1820 1405 sancti
1850 1376 1944 1419 pre-

393 1438 572 1480 sentiam
603 1437 690 1479 illic
722 1437 867 1480 adesse
898 1438 1130 1481 certissime
1162 1442 1383 1482 con-staret.
1442 1438 1586 1494 Itaque
1616 1439 1838 1482 concilium
1866 1439 1945 1483 hoc

392 1528 476 1557 non
508 1518 631 1557 antea
662 1515 844 1557 solutum
876 1519 959 1569 est,
993 1529 1116 1571 quam
1148 1516 1358 1572 principes
1389 1516 1472 1571 ipsi
1502 1519 1545 1559 et
1574 1529 1717 1560 omnes
1749 1516 1820 1572 qui
1850 1529 1943 1560 cum

393 1592 452 1635 eis
484 1592 740 1635 advenerant
770 1591 970 1648 baptismi
1001 1596 1263 1636 sacramenta
1292 1593 1589 1649 percepissent.

511 1669 552 1711 4.
593 1668 722 1711 Porro
753 1669 865 1711 fama
894 1669 994 1712 facti
1025 1673 1196 1725 repente
1226 1670 1270 1712 in
1302 1670 1537 1713 universam
1570 1670 1828 1726 provinciam
1855 1670 1945 1714 vul-

392 1748 528 1800 gatur,
562 1746 682 1788 villas
715 1749 757 1789 et
776 1747 889 1788 vicos
921 1747 964 1788 in
996 1746 1135 1789 studia
1165 1747 1331 1789 diversa
1361 1747 1646 1801 conscindens,
1680 1746 1773 1790 aliis
1805 1747 1944 1791 dicen-

392 1823 525 1866 tibus:
558 1826 658 1879 quia
681 1824 778 1866 bene
800 1833 870 1876 est,
905 1823 998 1865 aliis
1020 1827 1157 1866 autem
1180 1823 1434 1867 dicentibus:
1464 1826 1566 1880 quia
1585 1839 1692 1875 own,-
1719 1826 1792 1867 sed
1809 1827 1944 1882 maqie

393 1902 573 1943 seductio
604 1909 817 1957 maqnates
850 1901 1136 1958 apprehendit.
1200 1900 1284 1956 Ipsi
1316 1914 1412 1943 vero
1444 1901 1679 1944 sacerdotes
1710 1901 1943 1957 ydolorum,

392 1990 477 2019 non
507 1977 682 2020 minima
712 1990 838 2020 causa
868 1977 990 2020 huius
1021 1977 1268 2020 concisionis
1282 1974 1304 2032 ¹,
1337 1981 1456 2021 erant
1486 1978 1668 2034 appositi
1688 1978 1762 2033 eis,
1795 1978 1943 2034 quibus

393 2054 652 2109 displicebat,
685 2055 795 2109 quod
824 2055 980 2097 factum
1010 2054 1167 2108 fuerat3
1200 2068 1275 2097 sua
1305 2055 1503 2097 nimirum
1527 2054 1644 2098 lucra
1664 2058 1870 2098 cessatum
1890 2055 1944 2099 iri

392 2144 476 2173 non
496 2131 750 2186 ignorantes,
774 2132 809 2174 si
832 2131 994 2174 cultura
1015 2131 1236 2174 demonum
1258 2131 1344 2174 illic
1365 2131 1611 2175 aboleretur.
1654 2131 1787 2187 Unde,
1808 2132 1942 2176 modis

394 2209 583 2251 omnibus
615 2222 702 2251 rem
739 2209 959 2264 prepedire
990 2209 1145 2263 moliti,
1176 2209 1293 2251 varia
1323 2208 1563 2251 calliditatis
1595 2222 1668 2251 sue
1699 2212 1944 2263 argumenta

393 2285 622 2328 visionibus
661 2285 863 2342 sompniis
901 2285 1102 2341 prodigiis
1142 2289 1184 2328 et
1213 2285 1339 2328 variis
1376 2285 1604 2328 terroribus
1641 2284 1940 2329 confinxerunt.

393 2361 499 2413 Quin
538 2362 664 2405 etiam
703 2362 747 2404 in
778 2361 1006 2416 Hologosta
1035 2363 1209 2407 'civitate
1241 2386 1295 2391 —
1329 2375 1409 2418 quo
1440 2365 1540 2404 tunc
1570 2362 1760 2418 proxime
1791 2362 1943 2406 adven-

393 2443 510 2481 turus
549 2439 825 2481 nunciabatur
856 2439 1075 2494 episcopus
1107 2463 1161 2468 ——
1194 2439 1408 2493 sacerdos,
1448 2438 1519 2494 qui
1549 2438 1635 2482 illic
1664 2438 1788 2495 ydolo
1819 2439 1942 2482 mini-

394 2515 574 2569 strabat,
617 2518 817 2558 nocturno
853 2518 1042 2571 tempore
1072 2516 1251 2558 vicinam
1284 2515 1432 2558 silvam
1463 2515 1676 2569 ingressus
1707 2518 1748 2558 et
1777 2515 1821 2558 in
1851 2514 1940 2558 loco

394 2592 564 2634 ediciori
604 2604 721 2634 secus
755 2592 863 2634 viam
902 2593 1011 2635 inter
1046 2592 1254 2635 condensa
1293 2592 1488 2634 fruticum
1521 2591 1846 2635 sacerdotalibus
1876 2592 1940 2635 in-

394 2668 518 2709 dutus
558 2668 742 2722 astabat,
783 2672 823 2710 et
862 2682 983 2711 mane
1015 2682 1176 2711 summo
1210 2669 1414 2723 quendam
1447 2667 1647 2710 rusticum
1679 2667 1730 2711 de
1761 2682 1857 2712 rure
1888 2668 1939 2711 ad

392 2745 527 2786 forum
559 2744 816 2798 gradientem
849 2745 913 2787 his
946 2745 1189 2800 alloquitur:
1222 2746 1337 2788 Heus
1362 2754 1405 2787 tu
1426 2744 1562 2799 inquit
1582 2747 1683 2787 bone
1703 2747 1835 2788 homo.
1881 2745 1941 2788 At

392 2820 463 2863 ille
494 2821 720 2875 respiciens
751 2821 794 2862 in
826 2835 917 2864 eam
950 2825 1132 2877 partem,
1164 2821 1272 2864 unde
1303 2834 1443 2865 vocem
1477 2821 1686 2876 audierat,
1717 2822 1826 2865 inter
1857 2822 1940 2864 vir-

392 2896 508 2951 gulta
552 2909 775 2952 personam
821 2897 1007 2940 candidis
1052 2897 1240 2940 indutam
1278 2898 1468 2954 quamvis
1507 2898 1633 2941 dubia
1669 2897 1761 2941 luce
1799 2898 1939 2941 videre
2007 2903 2010 2906 ’

488 2983 521 3018 1.
554 2980 607 3019 Cf.
633 2981 713 3018 Ebo
738 2983 789 3018 111
813 2983 846 3018 8.
