2028 3438
646 211 870 244 nmmum
901 210 1071 243 eonnx.
1119 209 1166 243 28
1637 197 1695 240 55

120 318 307 367 boereet·
321 319 582 365 ‘desiderium
601 331 759 374 meum,
791 319 828 362 si
849 318 972 362 detur
994 317 1170 362 adorare
1191 317 1235 361 in
1255 317 1361 373 1000,
1393 317 1466 360 0111
1488 319 1697 361 steterunt
1722 327 1815 364 1064

118 397 274 458 podem·
288 398 410 442 01118.
438 397 569 456 Apud
598 396 748 455 quem*
786 398 823 440 si
854 396 1116 440 humillimae
1152 409 1299 453 preces
1328 397 1500 439 nostrae
1537 381 1696 452 aliquid

120 475 341 531 nutabunt,-
364 476 496 520 vitam
526 475 708 520 salutem
739 478 783 519 et
811 474 955 518 omnia
983 473 1127 518 vobis⁰
1158 476 1304 530 optata
1323 473 1504 516 fideliter
1535 473 1697 517 obtine·

0 543 12 629 Ξ·
120 554 239 599 hunt.
259 553 400 607 Qua>
421 554 713 598 vicissitudine
742 552 895 597 vestris
926 551 1188 596 orationibus
1226 554 1270 595 et
1298 551 1392 608 ipse
1421 550 1545 608 petob
1578 550 1697 594 adiu·

0 635 9 678 J·
120 630 327 689 &rhun
357 632 470 689 quod
499 632 545 676 in
573 644 644 676 me
673 632 814 675 minus
836 630 1071 689 perfectum
1093 633 1170 685 est,
1203 629 1356 673 vestris
1376 629 1540 673 meritis
1561 629 1698 686 possit

0 680 11 772 ἕ
118 708 309 768 immm-
379 723 382 726 ⁴
1364 719 1367 722 ⁴

170 818 173 819 γ
238 787 465 833 Praeterea
495 787 762 831 sanctissimo
795 786 1050 844 apostolatui
1080 788 1220 829 vestro
1241 784 1392 828 humili
1413 797 1593 840 suggero
1625 785 1697 829 de-

119 865 312 922 votionne,
348 869 398 909 ut
425 864 672 910 meminisse
703 865 937 920 dignemini
974 863 1174 919 antiquae
1203 863 1540 918 conquestionis‘¹
1579 876 1698 907 meae

121 947 164 989 et
183 947 354 989 sanctae
377 942 672 1002 promissionis
693 946 882 987 vestrae·
913 941 1059 999 super‘
1079 941 1442 985 Halberstatensi⁸
1463 941 1660 999 episcopo
1673 938 1695 984 ¹.

120 1021 223 1079 Qui,
260 1035 347 1066 non
385 1025 606 1066 contentus
643 1021 803 1064 honore
839 1020 1214 1078 praedecessorum
1245 1033 1430 1075 suorum,
1467 1019 1698 1063 illustrium

119 1100 266 1158 utique
283 1100 486 1156 virorum,
515 1112 675 1144 novum
696 1099 778 1144 sibi
797 1099 1021 1156 usurpavit
1036 1100 1260 1155 papatum3
1285 1097 1530 1154 abiectoque
1552 1111 1698 1155 super-

119 1167 330 1224 humerali
360 1182 404 1223 et
431 1177 667 1234 rationalih,
700 1191 782 1235 quo
802 1177 866 1221 illi
896 1177 1023 1221 inter*
1056 1190 1177 1221 sacra
1197 1176 1423 1220 missarum
1446 1175 1698 1234 sollempnia

118 1255 367 1314 utebantur,
405 1270 515 1301 novo
553 1257 599 1300 in
631 1256 809 1300 ecclesia
843 1253 998 1313 pallio²
1038 1255 1304 1312 stupentibus
1342 1253 1576 1311 parietibus
1608 1254 1698 1309 glo-

118 1335 281 1391 riatur,
316 1347 428 1380 nova
467 1347 589 1379 cruce
626 1347 712 1378 000
743 1334 797 1378 ad
834 1333 1065 1377 orandumk
1103 1333 1178 1377 sed
1217 1332 1271 1377 ad
1308 1331 1551 1376 iactandum
1586 1332 1697 1376 inter

121 1413 416 1460 erubescentes
444 1413 614 1458 lanceas
645 1412 712 1456 vel
742 1411 906 1468 gladios
936 1412 981 1455 in
1014 1412 1204 1468 equitatu
1235 1424 1311 1454 suo
1343 1410 1579 1464 extollitur3
1611 1423 1697 1454 non

121 1491 352 1537 adtendens
381 1491 622 1549 scriptum¹z
655 1504 709 1534 ne
730 1490 1092 1546 transgrediamur
1122 1489 1326 1534 terminos
1353 1489 1560 1545 antiquos,
1593 1502 1697 1546 quos

119 1573 354 1629 posuerunt
390 1573 534 1628 patres
571 1566 750 1623 nostri⁸;
790 1581 927 1625 neque
966 1569 1097 1612 sacris
1129 1567 1329 1611 obediens
1360 1567 1611 1623 canonibus,
1651 1568 1696 1610 in

121 1649 273 1707 quibus
293 1648 519 1693 salubriter
539 1651 709 1692 cautum
731 1650 808 1703 est,
840 1647 886 1690 in
907 1646 1084 1691 ecclesia
1112 1649 1286 1704 propter
1309 1645 1555 1704 scandalum
1577 1645 1697 1689 novi-

120 1730 264 1772 tates⁸
293 1718 448 1771 induci.
498 1725 545 1770 Si
581 1726 695 1770 enim
724 1726 770 1769 in
807 1725 934 1769 rebus
965 1724 1224 1769 secularibus
1263 1731 1411 1767 suum¹¹
1450 1724 1600 1780 cuique
1629 1724 1696 1767 ius

122 1809 166 1851 et
192 1805 415 1864 proprius⁰
437 1805 540 1848 ordo
561 1804 846 1859 observatur¹³‚
878 1806 1035 1860 quanto
1057 1803 1193 1858 magis
1215 1805 1395 1859 oportet,
1426 1805 1474 1845 ut
1498 1802 1544 1845 in
1566 1801 1697 1846 00010-

121 1881 305 1928 siasticis
333 1881 686 1940 disposicionibus
717 1881 836 1926 nulla
865 1881 1054 1925 confusio
1085 1881 1323 1924 inducatur.
1370 1881 1466 1924 Non
1497 1881 1608 1924 enim
1631 1880 1697 1924 fas

121 1965 200 2018 est,
229 1961 291 2006 ibi
319 1961 574 2005 discordiam
604 1960 745 2005 locum
775 1960 943 2015 habere,
975 1959 1049 2004 ubi
1079 1960 1307 2017 praecipue
1325 1959 1438 2003 inter
1458 1958 1697 2003 sacerdotes

121 2039 281 2085 Christi
317 2051 404 2098 pax
443 2043 486 2084 et
516 2039 740 2083 concordia
778 2038 903 2083 debet
930 2051 1121 2094 regnare.
1169 2037 1289 2089 Quod
1326 2040 1442 2080 tumq
1473 2037 1698 2092 diligenter

122 2118 370 2163 observatur
399 2118 444 2161 in
476 2117 770 2162 ecclesiasticis
802 2116 1002 2172 negociis,
1034 2116 1071 2159 si
1096 2115 1192 2172 plus
1223 2115 1337 2159 valet
1358 2115 1522 2171 equitas
1550 2122 1698 2172 quamr

122 2199 323 2255 powstas.
371 2195 638 2253 Quapropter
669 2194 930 2252 apostolatus
963 2194 1094 2238 vestri
1115 2193 1365 2238 auctoritate
1396 2193 1475 2237 hoc
1495 2193 1696 2237 novitatis

122 2274 368 2320 scandalum
398 2273 451 2318 de
472 2273 648 2324 ecclesia
668 2273 902 2326 auferatur3
937 2275 978 2316 et
1007 2271 1265 2315 unanimitas
1286 2271 1479 2327 flatrum,
1514 2284 1594 2327 que
1618 2270 1697 2315 hoc

122 2352 370 2411 usurpativo
388 2355 578 2396 tumore³
598 2352 745 2409 pocius
767 2364 891 2408 quam
914 2350 1072 2394 honore
1092 2350 1296 2405 graviter²
1317 2362 1521 2393 concussa
1543 2352 1620 2404 est,
1643 2349 1697 2392 ad

123 2445 244 2476 suam
263 2443 410 2489 pacem
432 2433 664 2475 revocetur.
702 2429 797 2473 Non
818 2429 930 2474 enim
951 2429 1055 2472 haec
1071 2441 1198 2471 causa
1217 2441 1312 2471 mea
1333 2431 1411 2483 est,
1428 2427 1501 2471 sed
1522 2440 1696 2483 genera-

217 2566 245 2587 ι.
276 2557 394 2588 recreat
421 2556 456 2587 G.
540 2555 571 2586 b.
603 2565 659 2586 om.
679 2555 714 2586 G.
799 2564 824 2586 0.
857 2554 946 2585 nobis
974 2554 1009 2584 G.
1094 2554 1123 2584 d.
1154 2553 1323 2592 questionis
1352 2552 1386 2584 G.
1477 2563 1504 2584 e.
1535 2554 1638 2584 nostre
1662 2553 1696 2584 Z.

122 2609 145 2642 f.
176 2617 234 2642 om.
252 2609 288 2642 G.
377 2618 406 2648 g.
438 2608 681 2640 Halberstetensi
710 2608 745 2639 G.
836 2608 866 2638 h.
900 2607 1073 2638 rationabili
1101 2607 1136 2637 G.
1231 2607 1251 2637 i.
1283 2607 1364 2637 intra
1392 2605 1427 2637 G.
1521 2606 1552 2637 k.
1584 2606 1695 2638 horan-

124 2664 197 2696 dum
218 2664 254 2695 Z.
335 2663 356 2694 1.
389 2672 446 2694 om.
466 2662 501 2694 G.
585 2672 626 2693 m.
658 2663 803 2693 novitatis
823 2662 880 2699 VZ,
904 2662 1056 2692 novitates
1082 2660 1117 2691 G.
1201 2670 1231 2691 0.
1264 2670 1320 2691 om.
1339 2660 1374 2691 G.
1460 2670 1487 2691 ο.
1520 2660 1639 2700 piorum
1660 2659 1696 2691 G.

123 2728 154 2759 p.
188 2719 325 2749 servatur
353 2716 388 2748 G.
480 2726 510 2756 q.
544 2725 612 2747 cum
631 2716 689 2754 VZ,
712 2717 776 2747 tum
805 2716 839 2746 G.
933 2725 957 2746 r.
990 2717 1020 2745 et
1047 2715 1081 2745 G.
1174 2723 1198 2745 s.
1230 2714 1339 2745 timore
1368 2713 1403 2744 G.
1487 2716 1509 2744 t.
1542 2723 1598 2745 om.
1618 2714 1675 2745 VZ.

221 2806 254 2841 1.
280 2804 492 2841 Burchardo
505 2804 551 2840 II.
649 2805 682 2841 2.
708 2804 812 2840 Pallii
829 2804 924 2839 enim
943 2803 1144 2849 mitrasque
1160 2813 1268 2838 usum
1284 2802 1420 2838 scimus
1436 2801 1649 2839 Burchardo
1662 2802 1697 2838 ΙΙ

124 2865 299 2913 episcopo
314 2864 607 2901 Halberstatensi
632 2863 679 2900 ab
696 2863 907 2900 Alexandro
925 2863 959 2899 11
984 2873 1199 2899 concessum
1225 2872 1307 2899 esse
1332 2861 1391 2898 die
1419 2862 1463 2898 13
1488 2862 1564 2898 Ian.
1585 2863 1695 2908 1063;

123 2936 160 2962 v.
177 2925 342 2971 Regesta
363 2926 466 2971 pont.
479 2924 584 2960 Rom.
610 2935 645 2960 n.
663 2924 770 2960 3383.
867 2924 901 2958 3.
928 2923 1034 2959 Prov.
1053 2923 1110 2969 22,
1128 2923 1192 2959 28:
1220 2922 1297 2968 „Ne
1320 2921 1602 2968 transgrediaris
1625 2924 1696 2958 ter-

125 2984 244 3022 minos
267 2984 448 3031 antiquos,
474 2993 567 3030 quos
591 2986 794 3031 posuerunt
815 2985 940 3029 patres
963 2981 1052 3019 tui“.
