2028 3438
439 218 682 265 maneam
708 231 954 264 numerus,
1000 232 1089 263 Lm.
1111 232 1129 263 1
1158 230 1301 264 23—26
1433 204 1435 206 ’
1575 221 1662 264 723

28 348 33 354 ⁴
77 336 532 396 -flfflsimepietatis
561 339 746 396 presidio
778 342 821 383 et
839 341 1031 384 materne
1051 337 1285 383 affectionis
1311 338 1379 383 ala
1399 339 1660 384 confovendo

32 463 34 467 ,
85 415 284 474 protexit.
695 434 708 448 ·

4 548 6 550 ¹
93 516 158 538 ·2,.÷
198 493 276 548 24.
299 491 545 551 ‘Stipendia
582 493 835 551 episcopalis
875 507 1020 538 mense
1058 493 1215 538 nullius
1246 507 1445 550 umquam
1479 495 1661 538 necessi-

3 551 19 609 ἕ-
84 569 189 629 tetis
216 570 435 616 occasione
463 571 704 615 minoravit.
755 571 838 616 Sed
861 571 999 628 quod·
1030 571 1083 615 de
1112 571 1402 628 patrimoniali
1433 572 1563 616 fundo
1595 586 1662 616 ec-

0 620 19 738 Ξ
79 646 212 706 clodo
228 648 436 693 *matricis
479 652 655 707 propter
694 649 975 693 adiacentiam
1016 652 1060 693 et
1105 649 1436 706 oportunitatem
1475 650 1660 693 cenobiis

0 740 12 780 ς

0 783 13 879 ἕ

5 722 13 746 ”
82 725 277 782 contulit,
302 725 519 784 empticiis
544 729 587 770 et
611 727 859 771 adventiciis
891 727 1049 784 prediis
1079 740 1402 784 recompensare
1433 741 1527 771 cum
1559 741 1662 783 aug-

77 806 228 849 mento
247 803 299 848 ei
327 804 514 858 curavit;
556 804 656 860 quia
693 804 744 848 de
783 805 939 848 iniusto
980 818 1064 848 non
1103 818 1227 862 posse
1257 804 1349 848 fieri
1381 805 1547 849 dicebat
1578 806 1661 850 ele-

0 872 15 918 ‘f
83 880 308 927 mosinam.
374 881 583 928 Iniustum
621 885 762 926 autem
803 883 934 926 immo
973 882 1173 926 iniuriam
1213 882 1443 927 maximam
1476 897 1568 927 esse
1599 884 1661 927 af-

83 957 304 1017 firmabat,
346 959 490 1017 aliqua
518 959 742 1016 largitione
775 964 848 1004 aut
877 960 1116 1004 feodatione
1155 960 1247 1004 sine
1284 962 1661 1018 reconpensatione

84 1035 272 1082 tabulam
295 1080 297 1083 ,
317 1037 510 1083 minuere
559 1051 863 1083 successorum.
931 1037 1000 1081 Ad
1054 1038 1163 1082 hanc
1209 1051 1308 1094 ergo
1355 1039 1657 1083 excludendam

84 1114 389 1174 suspicionem,
427 1119 469 1161 et
498 1130 553 1161 ne
582 1117 780 1173 cuiquam
812 1116 1124 1160 succedentium
1156 1116 1237 1161 sibi
1269 1117 1565 1174 episcoporum
1595 1118 1660 1161 fas

79 1192 143 1237 sit
160 1192 440 1251 dispositioni
477 1194 571 1238 eius
611 1194 836 1251 quicquam
879 1194 1203 1251 superordinare
1233 1195 1302 1238 vel
1339 1195 1391 1239 ab
1430 1195 1524 1252 ipso
1554 1195 1660 1239 bene

85 1269 282 1316 ordinata
310 1271 563 1329 rescindere,
595 1272 715 1316 sedes
748 1272 980 1329 apostolica
1012 1272 1100 1316 eius
1132 1272 1416 1329 postulatione
1437 1287 1564 1330 super
1594 1273 1660 1316 his

79 1348 280 1406 :omnibus
310 1349 553 1394 huiusmodi
584 1351 624 1394 ei
655 1349 986 1394 confirmationis
1018 1349 1287 1407 privilegium
1318 1351 1529 1408 porrexit:

119 1462 124 1470 ,
191 1421 277 1470 25.
325 1431 496 1476 „calixtus
533 1433 711 1477 episcopus
749 1444 864 1466 servus
897 1444 1068 1466 servorum
1098 1432 1164 1466 Dei
1199 1433 1385 1466 venerabili
1418 1433 1514 1467 fratri
1546 1434 1661 1467 Ottoni
1700 1435 1793 1470 1124

82 1491 363 1545 Bebenbergensi
393 1492 553 1542 episcopo
586 1492 727 1526 salutem
753 1499 788 1525 et
812 1492 1030 1536 apostolicam
1062 1492 1343 1526 benedictionem.
1464 1493 1662 1527 Sanctorum
1684 1485 1756 1523 Apr-
1771 1486 1809 1514 ¹3

83 1556 218 1596 petrum
242 1551 411 1596 preceptis
437 1556 472 1585 et
496 1551 664 1585 canonicis
690 1552 918 1585 sanctionibus
936 1552 1193 1592 demonstratur,
1221 1551 1310 1595 quod
1334 1552 1454 1595 predia
1472 1558 1507 1586 et
1522 1565 1660 1596 posses-

83 1605 197 1645 aiones
220 1609 447 1652 eeclesiarum,
471 1622 538 1655 que
553 1616 632 1645 vota
656 1610 806 1644 fidelium
831 1611 945 1654 precia
970 1617 1184 1654 peccatorum
1202 1616 1237 1644 et
1253 1622 1440 1654 pauperum
1461 1613 1662 1655 patrimonia

83 1682 152 1706 non
177 1670 341 1705 immerito
366 1676 620 1715 nuncupantur,
650 1671 750 1704 vendi
775 1670 829 1704 vel
859 1670 999 1704 alienari
1024 1682 1091 1704 non
1118 1670 1276 1704 debeant.
1320 1671 1393 1710 Que
1427 1672 1516 1705 enim
1549 1672 1661 1706 divine

83 1730 269 1783 maiestatis
294 1731 455 1775 obsequio
480 1736 515 1764 et
538 1730 712 1764 celestium
737 1735 941 1763 secretorum
965 1730 1040 1763 usui
1065 1736 1143 1763 sunt
1168 1730 1289 1770 dicata,
1315 1742 1382 1764 non
1409 1731 1508 1764 decet
1523 1732 1556 1764 in
1576 1732 1659 1765 alie-

83 1801 163 1823 num
198 1789 250 1824 ius
285 1790 395 1834 redigi
424 1790 479 1824 vel
514 1790 549 1823 in
581 1789 718 1823 alterius
752 1789 878 1823 servitii
908 1789 1048 1823 formam
1081 1789 1307 1823 transmutari.
1351 1790 1482 1834 Nempe
1508 1797 1545 1824 ut
1570 1792 1661 1824 beati

79 1848 244 1894 symachi
266 1861 357 1894 pape
381 1850 493 1884 verbis
517 1849 709 1893 loquamur:
740 1849 1008 1892 „Possessiones‚
1035 1861 1117 1892 quas
1143 1861 1229 1882 unus
1255 1849 1395 1892 quisquo
1413 1850 1553 1884 ecclesie
1579 1863 1659 1894 pro-

83 1909 158 1953 prio
182 1909 278 1943 dedit
301 1915 362 1944 aut
383 1909 518 1952 reliquit
541 1909 691 1950 arbitrio,
717 1909 857 1942 alienari
881 1908 1086 1952 quibuslibet
1110 1908 1215 1942 titulis
1241 1914 1299 1942 aut
1316 1909 1588 1944 distractionibus
1607 1911 1660 1944 vel

84 1969 147 2004 sub
172 1979 370 2013 quocunque
395 1974 592 2012 argumento
617 1980 686 2002 non
710 1969 890 2012 patimur“.
931 1969 1122 2012 Eapropter
1147 1980 1220 2008 noe,
1247 1968 1311 2002 tuis
1337 1969 1432 2002 iustis
1457 1970 1658 2013 postulatio-

83 2028 183 2063 nibus
215 2033 416 2068 annuentes,
452 2039 599 2068 mansos,
639 2028 695 2071 qui
727 2027 928 2071 episcopalis
961 2039 1077 2060 mense
1108 2033 1165 2061 tue
1198 2028 1333 2061 servitio
1360 2028 1466 2061 dediti
1498 2036 1586 2070 sunt,
1625 2030 1659 2063 in

84 2086 205 2122 eodem
229 2093 330 2128 statu,
362 2087 397 2121 in
422 2099 487 2131 quo
512 2088 600 2121 bene
625 2100 645 2120 a
670 2093 704 2120 te
730 2087 884 2131 dispositi
909 2092 1167 2130 cognoscuntur,
1200 2087 1321 2120 futuris
1346 2089 1552 2131 temporibus
1578 2101 1658 2133 per-

83 2157 222 2181 mere
257 2147 424 2191 presentis
457 2147 572 2191 scripti
605 2147 711 2180 nostri
743 2146 997 2181 confirmatione
1028 2147 1214 2180 sanccimus
1222 2159 1232 2187 3
1265 2152 1472 2188 statuentes,
1510 2154 1547 2181 ut
1577 2148 1660 2182 nulli

79 2217 314 2247 <successorum
345 2212 478 2241 tuorum
509 2206 563 2240 vel
595 2207 694 2240 alicui
725 2206 895 2240 hominum
927 2206 1028 2239 liceat
1058 2218 1116 2240 eos
1148 2206 1295 2239 vendere
1327 2207 1397 2240 sive
1434 2207 1468 2240 in
1499 2208 1659 2242 laicorum

83 2265 283 2300 beneficium
307 2266 441 2300 tradere
467 2272 526 2299 aut
549 2266 582 2299 in
609 2279 689 2300 usus
714 2266 798 2299 alios
823 2272 1036 2299 commutare.
1073 2266 1142 2299 Sed
1167 2266 1253 2299 sicut
1278 2279 1297 2299 a
1322 2272 1355 2299 te
1381 2267 1578 2310 dispositum
1596 2274 1658 2309 est,

85 2322 128 2359 de
151 2337 219 2360 uno
244 2336 376 2369 quoque
401 2325 627 2369 predictorum
651 2337 842 2359 mansorum
867 2325 1025 2359 denarius
1051 2338 1136 2359 unus
1163 2326 1259 2359 annis
1293 2325 1433 2369 singulis
1458 2326 1657 2361 Babenber-

83 2384 182 2428 gensi
212 2383 354 2418 ecclesie
386 2396 447 2428 pro
481 2385 592 2419 anima
624 2385 835 2428 imperatoris
859 2385 1011 2418 Heiurici
1040 2385 1228 2419 fundatoris
1261 2385 1332 2419 eius
1357 2386 1401 2418 ad
1427 2386 1659 2420 concinnanda

81 2442 260 2478 luminaria
295 2443 498 2478 conferatur.
547 2446 713 2479 Abbatias
745 2456 824 2478 vero
862 2451 896 2478 et
928 2444 1101 2488 regulares
1136 2445 1332 2485 canonicas,
1367 2457 1428 2488 per
1460 2446 1657 2481 industriam

83 2507 177 2538 tuam
200 2502 235 2536 in
259 2502 431 2547 religionis
456 2505 572 2538 ordine
598 2504 775 2545 stabilitas,
802 2510 836 2537 et
861 2503 927 2537 alia
952 2517 972 2537 a
989 2510 1022 2537 te
1048 2510 1138 2537 recte
1164 2504 1355 2545 constituta,
1380 2505 1463 2538 nulli
1488 2506 1658 2540 hominum

83 2560 226 2596 facultas
251 2562 296 2596 sit
318 2562 353 2596 in
377 2569 548 2607 posterum
574 2565 760 2597 immutare.
810 2563 846 2597 Si
871 2563 944 2606 quis
971 2569 1082 2596 autem
1107 2570 1224 2597 eontra
1248 2564 1335 2596 hanc
1359 2571 1507 2598 nostram
1533 2565 1655 2599 confir-

83 2620 265 2655 mationem
289 2621 404 2655 venire
428 2623 605 2656 temerario
632 2635 715 2656 ausu
741 2623 1000 2666 presumpserit,
1034 2623 1383 2657 excommunicationis
1408 2624 1540 2658 vinculo
1574 2626 1654 2659 sub-

83 2680 217 2715 iacebit.
253 2681 344 2714 Data
368 2681 528 2715 Laterani
551 2682 667 2716 Idibus
692 2682 831 2726 Aprilis,
856 2682 1039 2715 indictione
1065 2682 1248 2717 secunda“.

205 2748 275 2790 26.
321 2747 427 2792 Rem
460 2761 624 2806 quoque
654 2748 905 2792 familiarem
931 2748 1135 2806 episcopii
1156 2749 1265 2792 sicut
1294 2750 1454 2807 prediis
1486 2754 1529 2794 et
1558 2764 1656 2807 pos-

85 2825 341 2869 sessionibus
372 2825 434 2868 ita
464 2826 592 2870 etiam
625 2826 798 2870 edificiis
831 2830 874 2869 et
903 2829 1138 2869 castrorum
1159 2827 1462 2871 munitionibus
1495 2828 1656 2871 adiuvit

78 2905 211 2959 'atque
242 2901 495 2946 sublimavit.
543 2903 652 2947 Nam
685 2917 761 2960 per
783 2903 951 2947 diversa
981 2904 1074 2947 loca
1105 2907 1148 2948 et
1168 2908 1306 2948 curtes
1329 2905 1531 2963 episcopii
1554 2919 1655 2962 qua-

84 2979 316 3024 tuordecim
356 2980 551 3025 basilicas
592 2985 634 3025 et
675 2985 854 3037 quatuor
892 2981 1092 3026 cenacula
1122 2982 1326 3038 elegantis
1366 2982 1524 3027 fabrice
1556 2996 1654 3026 con-

182 3065 209 3086 a.
242 3056 315 3095 quid
337 3057 378 3088 Ν.
1290 3058 1370 3095 46“κ”
