2028 3438
0 300 3 305 y
414 257 579 290 nnoms
609 258 718 290 VITA
747 258 957 290 orroms.
1006 259 1094 290 121ss.
1116 259 1169 290 111
1198 258 1231 292 5.
1250 257 1273 292 6
1488 307 1492 310 .
1547 247 1634 292 659

0 322 5 358 ,ἱ

0 363 6 385 ⁵
62 363 197 422 ditus,
235 363 336 409 dux.
361 375 456 409 cum
496 365 748 410 exercitibus
788 366 875 409 suis
913 365 1134 410 rebellium
1169 365 1456 410 Luticensium
1498 370 1632 411 terras
1684 377 1776 413 1127

0 446 3 452 ’
59 432 265 487 invadens
305 445 455 486 cuncta
497 442 609 486 ferro
655 446 699 487 et
743 443 833 498 igni
872 446 1023 487 vastat.
1159 443 1229 487 Ad
1268 457 1491 500 vesperum
1532 458 1632 489 vero
1658 425 1814 465 Apr.Mai.

59 510 221 575 mugna‘
242 519 378 578 preda
405 523 583 564 onustus
614 520 794 576 rediens,
827 521 1097 564 karissimum
1132 521 1212 564 sibi
1243 524 1407 578 patrem
1435 521 1632 566 Ottonem

59 587 202 642 debita
223 589 342 642 cum
367 597 607 642 reverentia
636 595 839 641 Uznoim¹
875 598 1098 655 perduxit3
1138 598 1207 642 ubi
1249 601 1502 655 oportunam
1540 613 1630 643 ma-

58 673 187 719 nendi
204 677 261 719 .et
291 674 535 732 predicandi
567 675 751 731 quietem
783 675 975 720 habebat.

69 757 84 776 ‘⁴
97 753 221 796 ³··'³³”6.·
241 757 244 768 '
266 744 504 809 Statimque
523 753 570 796 in
589 752 818 797 festivitate
839 754 1132 810 penthecostes
1163 753 1358 808 generale
1390 754 1629 811 principum
1655 770 1726 801 Mai.
1739 772 1779 801 22

57 819 178 886 rugai
209 829 275 873 sui
314 829 568 887 colloquium
599 831 643 873 in
677 831 821 874 eodem
855 831 945 875 loco
976 831 1143 875 indixit.
1265 830 1347 874 Ubi
1379 832 1630 876 convenien-

57 906 171 952 tibus
208 907 464 952 Timinensis
506 907 689 952 civitatis
731 908 993 966 aliarumque
1031 908 1199 952 urbium
1238 909 1516 966 primoribus,
1563 923 1630 953 sa-

57 977 223 1043 pienter
253 998 325 1030 eos
363 985 418 1030 ad
449 986 761 1043 suscipiendum
795 986 1023 1030 christiane
1054 986 1151 1030 fidei
1181 986 1326 1042 iugum
1357 987 1626 1044 provocabat.

0 1072 1 1075 ’
56 1062 152 1121 Ipse
183 1055 371 1108 enimin
406 1063 596 1120 puericia
626 1077 704 1107 sua
734 1065 926 1120 captivus
959 1067 1050 1108 erat
1079 1065 1123 1107 in
1155 1064 1405 1108 Teutonicas
1436 1065 1629 1120 regiones

55 1140 286 1197 abductus,
319 1144 445 1198 atque
475 1141 522 1186 in
553 1141 709 1198 oppido
741 1140 1054 1196 Mersburgensi
1085 1141 1284 1199 baptismi
1315 1143 1497 1197 gratiam
1530 1156 1629 1186 con-

56 1221 246 1274 secutum
268 1219 359 1263 ‘sed
389 1219 501 1263 inter
538 1232 725 1276 paganos
759 1219 923 1274 vivens,
963 1219 1094 1263 ritum
1126 1220 1354 1263 christiane
1392 1219 1497 1275 legis
1530 1234 1629 1264 exe-

57 1296 130 1354 qui
157 1288 257 1341 nou
274 1300 454 1354 poterat.
502 1297 683 1353 Ideoque
713 1299 903 1352 gentem,
944 1298 1011 1340 cui
1043 1300 1231 1354 preerat,
1269 1296 1368 1341 fidei
1398 1298 1496 1352 iugo
1529 1298 1628 1341 sub-

54 1374 115 1419 ici‘
149 1366 345 1419 ardenter
379 1374 659 1419 desiderabat.
715 1373 1039 1418 Considentibus
1080 1389 1178 1431 ergo
1217 1375 1500 1432 principibus,
1541 1375 1628 1418 dux

53 1452 116 1496 iia
145 1460 320 1496 exorsus
351 1455 435 1497 est:
469 1452 646 1496 Cernitis
678 1453 951 1506 dilectissimi,
987 1455 1194 1511 quomodo
1221 1462 1350 1511 pater
1378 1454 1445 1496 hic
1477 1454 1628 1496 beatis-

54 1532 199 1584 simus,
225 1531 359 1581 ‘etiam
389 1533 549 1574 canicie
579 1532 854 1584 venerandus,
893 1547 975 1588 pro
1007 1533 1141 1575 salute
1171 1540 1307 1574 vestra
1341 1546 1502 1574 omnem
1530 1532 1625 1588 ylo-

53 1609 166 1652 r‘iam
196 1598 636 1666 etmaqnificentiam,
686 1623 813 1665 quam
851 1611 970 1665 apud
1006 1624 1104 1652 suos
1150 1610 1346 1661 habebat,
1394 1610 1624 1665 reliquerit.

52 1685 115 1730 Et
149 1693 243 1729 cum
279 1687 468 1744 periculo
509 1688 660 1743 capitis
700 1687 770 1729 sui
800 1686 1076 1743 lonqinquas·
1116 1688 1279 1743 sibique
1318 1689 1486 1743 iynotas
1519 1688 1628 1729 adiit

52 1765 265 1822 reqionesJ
294 1779 369 1807 nec
397 1766 589 1822 propriis
620 1764 852 1820 sumptibus
883 1779 958 1806 nec
989 1767 1106 1807 canis
1137 1767 1225 1807 suis
1255 1780 1335 1822 pro
1367 1765 1457 1807 Dei
1485 1779 1628 1807 amore

50 1827 252 1899 parcens,
291 1843 365 1885 secl
400 1843 447 1884 in
477 1849 608 1885 morte
647 1843 834 1885 animam
870 1857 991 1884 suam
1024 1858 1209 1899 ponens,
1254 1851 1298 1885 ut
1337 1857 1409 1885 vos
1441 1859 1467 1885 a
1496 1850 1627 1885 morte

53 1920 113 1963 ad
153 1921 283 1963 vitam
329 1928 562 1972 revocaret,
614 1920 794 1962 arduam
844 1920 1140 1977 difficilemque
1186 1922 1312 1962 nimis
1352 1920 1461 1962 lianc
1499 1935 1626 1977 pere-

49 1987 332 2054 qh'nationem
377 1997 516 2040 subire
560 2012 645 2040 non
692 1997 910 2040 dubitavit.
974 1998 1113 2040 Antea
1160 1999 1329 2054 quidem
1368 1998 1493 2040 multi
1531 2012 1623 2040 ver—

53 2074 150 2118 bum
169 2075 260 2118 Dei
287 2075 352 2118 his
380 2076 575 2132 partibus
607 2076 911 2117 annunciantes
942 2083 1154 2129 venerunt,
1189 2090 1292 2131 quos
1324 2077 1525 2118 instinctu
1555 2090 1624 2118 sa-

51 2151 175 2195 thane
206 2153 428 2196 occidistis.
483 2154 529 2196 Ε
547 2152 697 2210 quibus
720 2154 843 2195 etiam
874 2167 1005 2194 unum
1035 2167 1171 2209 nuper
1203 2154 1320 2195 cruci
1337 2153 1520 2207 fixisti&
1551 2153 1625 2195 sed

53 2243 147 2272 ossa
179 2220 266 2273 eius
297 2230 511 2287 capellani
539 2231 704 2272 domini
731 2231 814 2272 mei
850 2231 1041 2286 episcopi
1070 2231 1201 2286 (liqna
1240 2232 1471 2272 reverentia
1503 2230 1622 2272 colli-

47 2307 442 2364 qentes'ltonomflce
472 2309 740 2350 tradiderunt
772 2307 994 2364 sepulture.
1051 2308 1178 2350 Hunc
1209 2316 1346 2350 autem
1377 2309 1621 2350 reverentis-

50 2385 202 2428 simum
247 2385 463 2428 dominum
508 2400 643 2428 meum
682 2386 923 2441 episcopum
932 2417 944 2438 ‚
981 2385 1111 2440 fama
1163 2385 1428 2428 celeberrima
1468 2385 1623 2441 ubique

49 2461 278 2519 vulqatum,
311 2477 398 2505 non
429 2464 489 2504 sic
519 2470 701 2506 tractare
722 2463 874 2505 debetis
895 2477 968 2504 nec
998 2464 1182 2519 potestis.
1234 2461 1346 2515 Quia
1378 2464 1530 2504 missus
1562 2471 1622 2505 est

47 2530 162 2596 pape
193 2547 231 2582 et
259 2539 432 2582 dilectus
464 2541 628 2582 domini
655 2541 793 2583 nostri
815 2540 1016 2582 Lotkarii
1043 2541 1154 2596 reqis
1185 2541 1462 2582 invictissimi.
1503 2539 1620 2582 Nam

51 2615 89 2659 ee
116 2617 207 2673 ipse
229 2616 417 2659 Romani
445 2619 619 2675 imperii
643 2619 843 2674 princeps
876 2624 913 2659 et
943 2619 1082 2660 cuncti
1108 2619 1327 2673 primates,
1361 2617 1450 2659 loco
1479 2619 1619 2674 patris

50 2707 142 2736 eum
178 2702 440 2747 venerantes,
493 2696 681 2737 consiliis
727 2696 814 2736 eius
854 2694 1056 2736 obaudire
1098 2710 1179 2751 per
1227 2696 1368 2738 omnia
1408 2703 1617 2751 satayunt.

59 2761 175 2813 Unde
219 2772 361 2814 sciatis
404 2771 557 2828 procul
594 2772 744 2823 dubio,
795 2772 918 2827 quia,
967 2773 1008 2813 si
1053 2773 1279 2828 quicquam
1316 2772 1499 2815 molestie
1544 2780 1620 2815 aut

50 2841 326 2891 controversie
357 2850 396 2891 ei
415 2865 442 2891 α
463 2850 578 2892 vobis
609 2850 800 2904 irroqari
821 2849 1014 2891 dominus
1046 2863 1119 2891 rea:
1151 2850 1345 2904 audierit,
1377 2851 1469 2892 sine
1497 2863 1619 2892 mora

50 2938 144 2968 cum
174 2927 356 2968 emercitu
386 2928 701 2983 superveniens,
745 2940 876 2982 usque
915 2926 974 2968 ad
1012 2927 1327 2970 internicionem
1359 2927 1509 2970 delebit
1544 2941 1617 2969 vos

143 3028 170 3049 a.
201 3018 396 3059 longinquam
422 3019 453 3050 C.
765 3012 797 3047 1.
825 3011 998 3048 Usedom.

1252 3078 1332 3114 42*
