2028 3438
374 260 457 303 198
884 272 1103 303 UDALRIOI
1135 271 1303 303 connx.
1352 270 1420 318 109

158 388 343 426 c.1101—
371 377 450 420 cile
481 377 610 421 simili
641 377 832 433 exemplo
864 378 1006 432 iugum
1039 378 1299 422 obedientiae
1322 378 1545 433 aliquande
1568 378 1922 422 detrectarent*

206 438 296 471 1102
371 454 432 496 sic
469 454 769 509 repressimus,
809 458 876 509 ut,
916 454 1096 509 quadam
1134 455 1223 498 die³
1255 456 1345 499 sine
1383 468 1588 498 consensu
1617 455 1764 499 decani
1800 454 1926 512 profi-

372 530 558 584 ciscenti,
589 530 849 586 praebendas
878 531 1181 573 communicato
1203 531 1374 574 consilio
1408 531 1772 587 suspenderemus:
1815 530 1926 583 Quas

371 610 513 649 tamen
543 607 641 663 ipsi,
673 607 900 650 revertenti
932 610 1026 663 post
1057 607 1241 663 biduum,
1273 609 1592 662 resignavimus.
1806 658 1809 661 ¹

493 680 579 725 Sed
595 683 699 739 ipse,
724 697 840 726 more
861 683 1220 739 philosophantisb
1244 686 1476 728 accuratius
1498 685 1639 728 omnia
1658 697 1927 742 persequens,

373 758 619 814 qualitatem
657 759 955 815 stipendiariae
994 761 1278 816 suspensionis
1316 761 1424 804 libra
1459 761 1650 804 iusticiae
1688 761 1928 817 examinare

373 849 417 878 se
449 835 554 878 velle
587 836 705 878 dixit.
761 836 905 891 Itaque
938 837 1087 879 accivit
1118 850 1261 880 omnes
1290 837 1372 880 loci
1402 838 1536 880 nostri
1567 837 1809 893 canonicos,
1839 851 1929 882 mo-

372 911 527 954 nachos
567 912 692 955 etiam
734 912 904 967 aliquot.
957 913 1014 956 Et
1057 927 1208 968 genere
1247 927 1467 956 causarum
1508 914 1704 958 canonice
1741 914 1929 961 discusso

372 987 470 1031 hinc
509 992 550 1031 et
579 988 696 1043 inde,
738 1002 814 1044 par
846 990 1058 1032 sentencia
1098 990 1148 1032 ab
1181 990 1372 1032 omnibus
1413 990 1677 1046 promulgata
1716 994 1800 1034 est:
1839 991 1930 1040 iure

373 1065 560 1120 potuisse
582 1065 841 1121 praebendas
863 1066 1061 1122 suspendi
1083 1067 1172 1109 sine
1193 1066 1428 1109 obedientia
1453 1065 1744 1122 proficiscenti.
1795 1066 1930 1121 Quam

375 1141 625 1183 sententiam
666 1142 835 1196 indigne
873 1143 1010 1185 ferens
1048 1143 1123 1185 tali
1154 1155 1354 1198 responso
1386 1143 1570 1199 excepit:
1610 1145 1740 1187 Modo
1770 1128 1931 1201 Bima

374 1219 419 1259 in
458 1226 640 1260 eternum
677 1220 926 1275 suspensae!
985 1219 1180 1262 Protinus
1219 1218 1440 1262 concilium
1487 1220 1628 1263 exivit.
1685 1220 1771 1264 Nos
1811 1233 1929 1275 vero,

375 1293 515 1336 missis
539 1295 703 1338 nunciis
727 1299 824 1352 post
844 1309 952 1351 eum,
985 1296 1266 1350 suggessimus
1289 1296 1340 1350 ei,
1372 1299 1420 1338 ut
1439 1299 1604 1339 tantum
1626 1297 1790 1352 quesita
1807 1297 1932 1340 venia

374 1370 580 1425 reciperet
611 1385 698 1414 sua.
747 1372 904 1423 Quibus
940 1372 1233 1415 nichilominus
1265 1373 1499 1428 ampullosa
1520 1373 1724 1428 quaedam
1749 1372 1932 1420 reddidit

376 1446 523 1489 verba:
564 1448 669 1491 velle
709 1462 752 1491 se
798 1450 938 1505 potius
974 1450 1018 1491 in
1055 1448 1225 1492 flumine
1263 1450 1494 1504 submergi,
1541 1463 1666 1505 quam
1710 1449 1931 1493 conventui

375 1526 519 1565 nostro
549 1512 774 1568 humiliari.
1344 1564 1349 1568 .
1898 1575 1902 1578 p

494 1599 595 1644 Post
624 1605 687 1644 tot
718 1605 759 1644 et
789 1605 907 1645 tanta
936 1603 1070 1645 nostri
1106 1605 1369 1658 contemptus
1400 1602 1601 1645 intestina
1630 1601 1812 1646 ludibria
1844 1602 1931 1650 suis

377 1688 453 1718 nos
497 1689 572 1731 per
609 1678 828 1731 circuitum
868 1678 1099 1722 diffamavit
1140 1679 1339 1734 querelis;
1380 1678 1698 1722 instabilitatem
1738 1692 1856 1723 suam
1880 1679 1932 1723 rin

378 1755 581 1808 nostram,
614 1754 650 1795 si
679 1745 962 1811 fieri⁷posset,
1000 1759 1240 1811 retor'quere
1272 1756 1442 1811 cupiens
1473 1755 1763 1798 constantiam.
1814 1754 1933 1807 Quod

378 1842 461 1871 non
483 1833 640 1873 temere
662 1832 936 1875 scriberemus
960 1832 1009 1874 de
1024 1832 1167 1886 fratre,
1185 1833 1267 1875 nisi
1287 1833 1330 1874 id
1348 1832 1651 1887 quodammodo
1674 1845 1931 1878 summorum

378 1909 632 1950 testarentur
663 1908 821 1963 scripta
851 1909 1036 1951 virorum
1076 1933 1122 1938 —
1156 1912 1296 1951 vestra
1333 1909 1532 1952 nimirum
1567 1913 1608 1952 et
1638 1909 1824 1966 episcopi
1853 1908 1933 1952 Co-

379 1981 602 2026 loniensis¹
633 2008 687 2013 —
722 1985 833 2040 apud
871 1999 973 2040 quos
1005 1985 1173 2028 odorem
1204 1988 1395 2028 nostrum
1432 1985 1561 2029 fetere
1600 1985 1710 2029 fecit.
1756 1985 1933 2037 Verum-

381 2064 537 2115 tamen,
567 2061 665 2103 licet
696 2061 808 2103 domi
838 2062 957 2105 nobis
988 2062 1168 2105 illuserit
1196 2062 1298 2105 foris
1321 2062 1596 2116 derogaverit,
1629 2062 1755 2106 nobis>
1779 2074 1932 2119 propo-

382 2137 509 2180 situm
541 2141 617 2191 est,
650 2151 722 2180 vos
754 2138 998 2181 cordetenus
1031 2139 1217 2194 diligere,
1248 2139 1365 2182 vobis
1395 2152 1557 2195 parere,
1590 2152 1663 2182 vos
1693 2142 1740 2182 ut
1769 2141 1933 2196 patrem

383 2216 424 2256 et
462 2214 676 2256 dominum
718 2216 910 2257 venerari
950 2219 991 2258 et
1028 2215 1183 2269 colere3
1223 2218 1386 2258 tantum
1424 2229 1476 2258 ne
1511 2215 1620 2259 hane
1648 2215 1769 2259 nobis
1798 2215 1933 2271 impo-

314 2287 319 2291 ’
381 2290 492 2332 natis
530 2291 901 2346 necessitudinem,
940 2296 987 2335 ut
1024 2293 1147 2334 unius
1187 2306 1237 2334 ex
1276 2292 1482 2334 industria
1521 2292 1773 2335 descendens
1811 2305 1933 2348 prae-

383 2367 565 2422 sumptio
596 2366 669 2409 fiat
700 2367 925 2410 multorum
958 2368 1196 2411 destructio.
1244 2367 1300 2410 Et
1321 2369 1501 2423 quidem,
1534 2372 1704 2425 accepta
1726 2368 1933 2423 legatione

382 2446 541 2497 vestra,
583 2457 604 2486 e
635 2444 833 2498 vestigi0⁰
865 2448 1028 2488 vestrae
1059 2445 1343 2501 paruissemus
1373 2445 1570 2500 iussioni,
1607 2445 1689 2487 nisi
1721 2445 1831 2500 quod
1861 2445 1933 2488 ob-

383 2519 537 2561 stinato
569 2521 707 2563 animo
738 2521 948 2564 recusavit
975 2521 1200 2564 humiliari.

502 2596 609 2646 Quid
639 2597 768 2650 igitur
799 2611 924 2653 super
954 2598 1032 2641 hoc
1061 2599 1226 2652 negotio
1259 2601 1422 2641 vestrae
1453 2598 1642 2642 videatur
1672 2597 1932 2654 prudentiae,

384 2673 688 2715 communicato
721 2686 813 2715 cum
845 2674 1184 2729 prudentioribus
1222 2674 1452 2729 quibusque
1490 2675 1590 2718 cleri
1632 2675 1761 2717 vestri
1800 2674 1933 2717 eonsi-

384 2748 462 2803 lio,
501 2748 597 2790 filiis
635 2750 930 2804 paternitatem
960 2753 1143 2793 vestram
1174 2751 1320 2794 devote
1350 2750 1660 2794 consulentibus
1690 2750 1934 2794 renunciare

384 2827 537 2867 curate.

480 2915 506 2935 a.
541 2905 589 2935 die
611 2915 666 2935 om.
686 2907 715 2936 V.
840 2908 870 2937 b.
901 2907 1152 2947 phylosophantis
1174 2908 1209 2938 Z.
1333 2917 1358 2938 c.
1391 2908 1505 2938 euestio
1525 2909 1555 2938 V.

481 2964 512 2998 1.
538 2962 711 2998 Frideriei
727 2963 744 2997 I
769 2963 1039 3010 archiepiscopi.
