2028 3438
441 252 682 284 nsnssoum
712 252 955 285 mALoc-us.
1004 253 1090 283 mn.
1113 253 1147 283 11
1182 251 1316 284 19-21
1582 241 1668 283 763

97 360 254 417 omnia,
286 373 367 417 que
397 359 485 404 illic
514 360 782 416 gerebantur,
820 359 1009 403 inmissis
1040 358 1148 403 clam
1182 358 1534 416 exploratoribus,
1575 359 1669 403 dili-
1698 369 1790 405 1124

97 441 246 495 genter
266 437 460 492 edidicit3
492 451 730 495 magnoque
754 437 940 495 tripudio
962 437 1100 480 cordis
1134 436 1186 481 de
1216 436 1524 480 illuminatione
1555 437 1669 481 illius

98 515 235 574 plebis
255 515 464 571 exultans,
495 515 591 572 ipsa
612 529 776 572 quoque
798 529 872 559 sue
892 514 991 559 fidei
1012 513 1241 559 scintillam
1250 521 1277 569 ⁵,
1310 515 1431 570 quasi
1459 515 1536 558 sub
1558 529 1669 558 mor-

98 593 184 640 tuis
213 592 424 639 cineribus
452 596 625 637 eatenus
647 593 926 650 consopitam,
958 593 1069 636 inter
1090 605 1188 635 suos
1218 591 1450 635 familiares
1482 592 1670 636 modeste

99 670 258 729 primo,
292 670 443 715 deinde
473 669 709 714 fiducialius
741 671 854 728 apud
886 684 1030 714 omnes
1064 683 1167 726 quos
1198 670 1337 727 potuit
1368 669 1573 713 ventilare
1604 684 1670 714 ce-

98 748 176 806 pit.
310 747 370 792 Et
406 748 506 805 quia
544 748 749 805 scriptum
789 751 872 792 est:
914 749 984 791 De
1021 746 1230 791 scintilla*
1267 750 1481 805 consurqit
1519 745 1668 806 iynis¹‚

96 829 233 871 totam
253 825 370 870 illam
392 826 608 870 civitatem
630 826 759 870 etiam
782 830 879 869 ante
900 828 1092 868 nostrum
1123 825 1342 869 introitum
1375 828 1518 869 tantus
1547 825 1671 869 ardor

98 902 387 959 fideisancte,
418 907 619 961 operante
644 903 827 946 Domino
859 917 935 960 per
966 906 1217 959 matronam,
1249 903 1477 959 invaserat,
1510 907 1557 947 ut
1587 917 1672 946 non
1702 954 1704 956 v

100 980 237 1026 solum
266 980 398 1026 nichil
427 981 771 1026 contradictionis
803 994 950 1025 verum
982 981 1109 1024 etiam
1139 981 1275 1025 tocius
1314 981 1460 1039 populi
1495 995 1671 1024 consen-

101 1072 195 1103 sum
226 1059 278 1103 de
309 1059 576 1117 suscipiendo
608 1059 817 1116 baptismo
849 1059 1133 1103 invenerimus
1169 1059 1212 1102 in
1244 1059 1379 1103 multa
1408 1059 1553 1114 gaudii
1583 1059 1672 1116 ple-

99 1136 304 1187 nitudine.

221 1215 294 1259 20.
340 1213 629 1270 Quadraginta
659 1227 757 1269 ergo
781 1214 928 1258 diebus
958 1215 1002 1258 in
1025 1214 1171 1258 eodem
1202 1214 1293 1258 loco
1318 1218 1552 1271 manentes,
1584 1218 1672 1258 tam

100 1293 195 1350 ipse
223 1291 415 1351 pontifex
446 1306 571 1352 quam
604 1292 678 1336 alii
708 1292 797 1336 eius
829 1295 1137 1349 cooperatores,
1172 1292 1411 1336 sacerdotes
1444 1296 1486 1336 et
1517 1292 1672 1347 clerici,

101 1371 147 1415 id
185 1383 292 1428 pene
323 1369 460 1414 solum
492 1371 632 1428 operis
663 1370 908 1414 habuimus:
950 1371 1164 1428 suscipere
1195 1371 1412 1414 venientes
1449 1371 1502 1414 ad
1532 1370 1672 1426 fidem,

102 1448 274 1504 docere,
314 1447 600 1505 cathezizare,
647 1448 865 1506 predicare
904 1451 945 1491 et
982 1448 1220 1505 baptizare3
1262 1448 1591 1505 videbamurque
1628 1448 1674 1491 in

102 1530 191 1571 tam
221 1526 393 1584 copiosa
422 1540 560 1571 messe
597 1527 723 1584 pauci
754 1540 975 1570 messores.
1030 1526 1139 1570 Nam
1172 1530 1214 1570 et
1253 1526 1387 1583 ipsius
1427 1526 1509 1570 1001
1549 1529 1673 1583 atque

102 1604 438 1649 circumiacentis
477 1604 693 1662 provincie
732 1604 912 1662 populus
951 1605 1201 1648 catervatim
1242 1604 1466 1648 accedebat
1503 1604 1674 1648 cottidie

103 1695 152 1727 ac
180 1681 414 1727 recedebat.
462 1682 620 1734 Quibus
641 1683 836 1726 omnibus
858 1683 957 1726 dum
981 1681 1177 1726 satisfieri
1209 1685 1436 1739 oporteret,
1467 1683 1674 1726 immenso

101 1759 246 1805 labore
267 1785 322 1790 -—
346 1760 532 1809 maxime
564 1761 636 1816 qui
665 1760 746 1804 fuit
775 1761 820 1804 iu
842 1760 1097 1818 baptizando
1121 1786 1175 1789 —
1199 1761 1443 1818 episcopum
1467 1765 1673 1817 nostrum,

101 1837 202 1883 licet
232 1837 343 1882 solos
374 1852 515 1895 mares
545 1852 697 1896 pueros
728 1839 924 1894 tingeret,
957 1852 1231 1895 sepenumero
1254 1839 1476 1882 sudantem
1507 1840 1674 1896 aspexi-

103 1930 197 1960 mus
228 1916 332 1960 adeo
363 1916 564 1973 profecto,
596 1920 644 1960 ut
665 1916 761 1960 alba
781 1917 870 1960 eius
892 1916 944 1960 ab
966 1916 1152 1960 humeris
1181 1930 1314 1974 usque
1345 1917 1398 1961 ad
1429 1917 1674 1960 umbilicum

104 1998 203 2039 ante
233 1997 276 2038 et
308 1997 422 2038 retro
443 1994 594 2038 sudore
623 1997 826 2038 manaret.
875 1993 984 2051 Sepe
1017 1995 1159 2050 etiam,
1189 1995 1324 2052 ipsius
1355 1995 1579 2039 ministerii
1610 1995 1675 2038 ni-

103 2072 277 2117 mietate
315 2072 520 2128 lassatus,
558 2072 675 2116 brevi
715 2072 902 2116 sessione
939 2072 1049 2116 vires
1088 2085 1343 2130 recuperans
1381 2073 1675 2129 modicumque

104 2150 288 2195 sedendo
318 2151 547 2208 respirans,
581 2150 703 2206 quasi
735 2150 949 2193 animosus
982 2153 1179 2208 operator
1201 2154 1243 2194 et
1265 2154 1505 2206 strennuus,
1538 2151 1673 2195 denuo

105 2242 151 2273 se
171 2227 419 2273 sublevabat
438 2228 484 2272 in
502 2228 616 2272 idem
638 2242 744 2286 opus
766 2228 847 2272 sibi
868 2227 1180 2282 dulcissimum;
1210 2229 1369 2283 gratias
1392 2242 1519 2284 agens
1541 2229 1675 2272 omni-

104 2307 270 2364 potenti
299 2305 410 2363 Deo,
451 2305 562 2364 quod
593 2305 727 2362 ipsius
765 2309 982 2363 prestante
1014 2306 1238 2349 clementia
1267 2309 1331 2349 tot
1361 2307 1600 2363 manipulos
1630 2307 1675 2350 in

105 2384 195 2428 eius
225 2383 378 2428 horrea
406 2397 501 2428 cum
533 2384 685 2428 sudore
716 2396 766 2427 ac
795 2383 1046 2428 lassitudine
1075 2398 1153 2428 sua
1183 2387 1439 2439 congereret.

226 2462 296 2505 21.
344 2461 456 2506 Dum
495 2475 545 2505 ea
575 2461 751 2505 Camine
781 2462 1034 2517 gerebantur
1066 2465 1191 2518 atque
1224 2462 1275 2506 de
1306 2474 1503 2505 successu
1533 2476 1673 2506 rerum

106 2543 150 2584 et
193 2553 270 2583 nos
308 2542 351 2584 et
388 2539 569 2597 populus
611 2539 794 2583 civitatis
834 2553 929 2583 cum
969 2540 1063 2596 ipsa
1101 2543 1295 2583 matrona
1332 2540 1596 2584 nobilissima
1634 2544 1676 2583 et

107 2616 460 2661 christianissima
490 2616 703 2674 spirituali
734 2617 888 2672 gaudio
920 2617 1169 2673 frueremur,
1202 2630 1297 2661 ecce
1328 2630 1424 2661 cum
1448 2631 1523 2661 suo
1546 2618 1675 2661 comi-

106 2697 199 2738 tatu
230 2694 316 2738 dux
347 2698 459 2738 terre
476 2694 730 2749 Vratizlaus,
763 2708 847 2737 non
869 2695 1079 2738 modicum
1101 2695 1235 2739 letitie
1256 2694 1453 2739 salutaris
1476 2709 1675 2751 augmen-

107 2775 219 2828 tum,
252 2772 515 2829 supervenit,
548 2772 760 2827 nichilque
790 2775 993 2827 moratus,
1027 2773 1148 2828 quasi
1178 2771 1297 2816 filiali
1327 2773 1481 2817 fiducia
1511 2775 1555 2816 in
1588 2787 1676 2816 am-

108 2848 258 2906 plexus
288 2863 414 2893 ruens
446 2850 655 2907 episcopi:
691 2850 818 2894 Salve
848 2849 986 2905 inquit
1013 2859 1136 2907 pater
1165 2853 1436 2894 sanctissime.
1490 2851 1675 2894 Deinde:

108 2926 225 2979 Non,
260 2942 384 2983 queso
417 2928 478 2971 ait
507 2930 724 2980 irascaris,
760 2929 873 2984 quod
900 2936 998 2984 post
1026 2930 1211 2985 primam
1242 2929 1362 2971 illam
1393 2938 1430 2972 et
1450 2938 1676 2972 momenta-

203 3030 231 3051 α.
264 3021 415 3052 cincillam
437 3022 477 3052 N.
606 3022 635 3052 b.
667 3021 783 3052 cintina
804 3022 845 3052 N.
1039 3015 1070 3050 1.
1098 3013 1153 3051 Cf.
1171 3015 1283 3052 Eeeli.
1304 3016 1359 3062 11,
1385 3016 1443 3052 34.
