2028 3438
473 303 714 335 nnnssoum
745 304 989 336 humens.
1033 306 1120 337 Lm.
1144 307 1161 338 1
1191 305 1237 338 42
1555 297 1642 340 743

71 408 254 444 seu-ioordie
276 408 350 443 fuit.
386 408 583 443 Interventu
608 420 689 453 ergo
706 409 771 443 Dei
795 411 968 454 genitricis
992 410 1100 444 Marie
1125 411 1178 444 cui
1202 422 1335 455 semper
1356 412 1497 446 devotus
1522 413 1642 456 extitit,

71 468 264 513 interventu
298 468 391 502 beati
421 467 621 502 Michahelis
652 469 847 513 archangeli
879 470 972 504 cuius
1005 470 1147 504 ecclesie
1177 476 1352 514 reparator
1382 477 1417 504 et
1449 471 1643 507 sublimator

70 519 174 562 hodie
204 526 425 571 conspicitur,
457 538 556 570 quem
586 532 765 571 patronum
797 534 831 562 et
855 534 1061 563 servatorem
1086 535 1120 563 et
1145 530 1276 573 corpori
1300 534 1335 563 et
1359 530 1469 564 anime
1495 543 1554 564 sue
1579 531 1641 565 de-

70 585 166 630 legit,
189 585 446 630 interventuque
470 586 645 620 beatorum
669 587 845 630 spirituum
870 588 1004 632 spiritus
1029 589 1100 622 eius
1118 588 1265 622 divinam
1281 589 1543 623 misericordiam
1560 601 1641 624 con-

11 642 21 649 *
72 649 242 690 coquum·-
278 644 433 689 Ipsorum
456 644 592 688 inquam
617 651 719 689 atque
744 647 891 680 omnium
913 653 1103 682 sanctorum
1119 659 1254 682 suorum
1270 648 1430 689 meritis‘·,
1456 649 1485 682 si
1501 649 1642 692 uspiam,

71 703 160 738 sicut
182 708 236 738 est
258 703 404 738 humane
428 703 631 748 fragilitatis,
657 710 752 738 tanta
775 706 846 739 eius
863 718 978 750 opera,
1003 712 1097 740 tante
1114 707 1218 751 ipsius
1236 707 1467 741 miserationes
1485 713 1520 741 et
1535 709 1641 741 bene-

71 762 179 804 facta,
210 763 358 797 humana
386 763 487 797 laude
517 763 572 797 vel
603 764 748 798 humane
772 764 882 798 laudis
907 765 1093 799 intentione
1117 765 1253 800 titillata
1277 772 1355 800 sunt
1379 765 1433 800 vel
1456 766 1642 807 maculata3

71 820 175 856 nichil
199 822 288 856 euim
311 821 394 857 satis
418 834 538 866 purum
562 833 673 856 coram
698 835 826 857 summo
851 824 971 858 iudice.
1007 825 1154 869 Rogate,
1180 837 1295 869 queso,
1320 830 1439 869 rogate
1464 826 1624 859 attentius
1631 837 1642 866 3

71 889 205 916 oremus
229 891 366 922 omneS,
397 893 529 916 oremus
553 882 698 926 pariter,
723 887 760 916 ut
784 883 848 916 hoc
872 883 1026 925 abolere,
1051 885 1116 918 hoc
1140 884 1258 918 tollere
1285 884 1443 928 dignetur
1467 884 1560 927 ipse,
1587 884 1643 927 qui

71 940 159 975 tollit
180 946 357 985 peccatum
379 940 508 982 mundi,
533 952 640 984 agnus
657 941 734 982 Dei,
760 942 913 976 dominus
934 948 1049 976 noster
1066 943 1160 977 Iesus
1179 943 1341 984 Christus,
1368 943 1425 987 qui
1449 955 1524 977 cum
1539 944 1642 977 Patre

72 1005 108 1034 et
131 1000 258 1045 Spiritu
283 1005 399 1035 sancto
423 999 506 1034 vivit
529 1005 564 1033 et
588 1006 710 1044 regnat
733 1001 767 1034 in
793 1001 906 1035 secula
931 1002 1152 1036 seculorum“.

190 1065 357 1119 Quanta
376 1079 475 1110 vero
497 1066 808 1123 vociferatione,
840 1072 996 1124 quanto
1018 1069 1195 1124 mugitu,
1229 1069 1397 1125 quantis
1422 1067 1641 1112 affectibus

72 1147 116 1188 et
142 1143 330 1188 lacrimis
351 1157 495 1187 omnes
517 1145 654 1187 Amen
684 1145 992 1202 responderint,
1025 1146 1108 1189 dici
1131 1160 1216 1189 non
1248 1149 1400 1203 potest.
1450 1146 1520 1190 Sic
1542 1159 1640 1201 ergo

70 1219 192 1265 finita
220 1207 371 1276 missa,
407 1220 452 1264 in
481 1219 573 1264 loco
604 1221 675 1264 ubi
708 1222 911 1278 cernitur,
952 1223 996 1265 in
1029 1223 1205 1266 ecclesia
1236 1223 1348 1267 beati
1379 1223 1640 1279 Michahelis,

72 1297 295 1343 comitibus
326 1297 637 1342 marchionibus
670 1312 744 1342 seu
775 1299 870 1343 aliis
902 1300 1158 1355 quibuslibet
1197 1300 1407 1344 nobilibus
1439 1301 1642 1344 feretrum

72 1376 161 1420 eius
192 1375 383 1420 certatim
416 1375 692 1431 gestantibus,
725 1377 1031 1433 sarcophagum
1061 1377 1314 1433 levantibus,
1348 1392 1422 1422 seu
1453 1378 1538 1422 alia
1563 1392 1642 1434 que

71 1453 129 1497 ibi
161 1453 399 1497 necessaria
429 1457 551 1498 erant
580 1467 697 1497 more
728 1455 1016 1511 operariorum
1045 1455 1131 1498 suis
1153 1455 1349 1499 manibus
1372 1455 1643 1500 devotissime

71 1530 393 1588 paragentibus,
431 1543 583 1587 corpus
617 1531 705 1575 eius
738 1531 992 1576 tumulatum
1025 1537 1088 1576 est
1125 1546 1234 1576 anno
1266 1532 1474 1577 dominice
1503 1534 1642 1581 incar-

70 1598 255 1663 nationis
285 1607 510 1652 millesimo
541 1609 768 1652 centesimo
800 1610 1013 1652 tricesimo
1044 1623 1177 1666 non0,
1215 1611 1340 1654 tertio
1371 1610 1514 1654 Nonas
1546 1610 1641 1654 Iulii

70 1684 262 1729 feliciter.
308 1685 460 1729 Amen.

190 1761 271 1806 Hic
291 1775 383 1806 mee
403 1762 639 1806 narrationi
671 1763 898 1807 terminum
920 1776 1014 1807 cum
1038 1764 1177 1808 sinaxi
1199 1765 1441 1822 vespertina
1462 1766 1639 1822 inpon03

71 1853 157 1883 non
187 1853 270 1896 quo
302 1853 327 1883 a
357 1853 424 1883 me
456 1839 569 1883 dicta
600 1840 685 1883 sint
716 1841 876 1895 omnia,
910 1854 990 1897 que
1022 1841 1105 1885 dici
1137 1843 1260 1899 copia
1290 1843 1445 1898 suasit,
1483 1843 1556 1886 sed
1588 1857 1642 1887 ne

72 1915 338 1973 multiloquio
359 1930 434 1960 vos
465 1930 649 1972 gravem.
698 1917 754 1960 Et
783 1917 884 1960 hora
905 1918 981 1961 hec
1003 1919 1218 1963 silentium
1240 1921 1425 1964 mandat.
1473 1920 1531 1964 Et
1550 1935 1642 1965 cra-

73 1994 185 2038 stina
215 1994 305 2037 dies
335 1993 447 2038 hunc
479 1993 689 2038 Sefridum
722 2008 841 2037 suam
881 1999 1046 2051 partem
1083 1997 1296 2054 explicare
1327 2022 1382 2027 -
1413 2001 1558 2041 nostra
1589 2013 1641 2041 ex

72 2071 348 2116 conventione
369 2096 424 2101 —
446 2071 667 2128 conpellet.
714 2071 864 2115 Amen.
902 2072 1079 2116 Amenb.

514 2308 740 2352 LIBER
793 2308 1201 2354 SECUNDUS.

676 2403 1034 2447 Prooemiumc.

191 2491 408 2536 Postera
438 2492 543 2547 die,
576 2493 664 2536 ubi
696 2493 864 2536 denuo
896 2506 1198 2537 consessum
1232 2507 1257 2536 a
1283 2493 1456 2536 tribus
1487 2493 1639 2537 nobis

73 2573 208 2625 erat,
239 2574 343 2614 tum
377 2584 488 2625 ego:
521 2570 653 2625 Perge
684 2571 891 2625 inquam
924 2571 982 2613 mi
1016 2570 1198 2623 Sefride;
1233 2570 1474 2626 dominique
1505 2571 1567 2614 tui
1599 2575 1641 2615 et

73 2647 206 2691 nostri
237 2647 623 2704 peregrinacionem
654 2647 1093 2704 peregrinacionisque
1124 2647 1325 2702 laborem,
1359 2650 1401 2691 et
1431 2649 1639 2704 quomodo

73 2727 240 2779 gentem
273 2724 601 2768 Pomeranorum
643 2724 696 2767 ad
726 2723 851 2767 fidem
883 2724 1062 2767 traxerit
1092 2724 1265 2768 ecclesie
1289 2749 1344 2754 —
1368 2726 1565 2781 quoniam
1596 2726 1639 2768 id

167 2846 194 2867 a.
227 2846 283 2867 om.
300 2837 348 2873 Ν,·
378 2842 422 2867 est
443 2836 477 2867 in
499 2837 538 2867 Ie.
642 2837 672 2866 b.
705 2837 742 2866 In
765 2837 801 2866 N
817 2840 988 2876 sequuntur
1010 2835 1102 2867 kaec:
1129 2836 1260 2876 Explicit
1282 2837 1359 2867 liber
1380 2838 1496 2876 primus
1518 2837 1556 2867 de
1578 2838 1640 2867 vita

73 2892 105 2920 et
126 2890 268 2929 operibus
298 2890 380 2920 beati
403 2890 522 2920 Ottonis
545 2889 805 2927 Babenbergensis
828 2890 963 2928 episcopi
992 2891 1023 2919 et
1051 2889 1234 2920 confessoris
1257 2890 1369 2920 Christi
1395 2893 1425 2921 et
1446 2891 1638 2920 Pomeranioe

73 2943 172 2981 gentis
198 2943 338 2982 apostoli.
380 2943 531 2981 Incipiunt
552 2942 685 2981 capitula
712 2942 781 2972 libri
803 2942 938 2972 secundi.
1086 2952 1111 2972 c.
1145 2943 1267 2982 Scripsi
1288 2943 1403 2973 LIBER
1425 2943 1640 2973 SECUNDUS.

73 2995 274 3026 Prooemium.
312 2996 349 3025 In
371 2996 407 3025 N
424 2995 499 3026 haec
522 2995 681 3035 leyuntur:
705 2995 876 3033 Expliciunt
899 2995 1030 3034 capitula
1055 2995 1124 3026 libri
1147 2996 1282 3026 secundi.
1321 2996 1429 3035 Incipit
1451 2996 1639 3035 prohemium

74 3047 144 3078 libri
167 3048 293 3079 secundi
314 3049 347 3078 in
370 3048 462 3078 vitam
484 3050 515 3078 et
539 3048 814 3087 peregrinaciouem
837 3048 917 3078 beati
940 3048 1059 3078 Ottonis
1081 3048 1227 3088 episcopi.

1669 414 1762 450 1139

1671 462 1727 493 Iul.
1741 464 1759 493 3

1679 1776 1772 1811 1158

1665 1825 1729 1855 Iun.
1745 1826 1784 1855 30

1668 2504 1759 2540 1158

1670 2553 1725 2583 Iul.
1739 2554 1753 2583 1
