2028 3438
408 271 464 315 82
935 283 1154 315 nmmum
1185 283 1352 315 oonux.
1400 282 1446 315 39

251 401 343 437 1072
402 389 625 433 dictionem
635 395 661 444 ⁸,
695 389 784 432 vice
808 388 966 432 Christi
992 390 1127 432 factus
1148 403 1202 432 es
1234 392 1378 446 pastor
1400 389 1559 442 ovium3
1592 387 1961 444 scilieetfqhando

220 450 285 480 ⁰⁰*
304 450 379 480 Nm·
403 466 526 509 datus
565 468 629 509 est
665 465 743 509 tibi
781 465 929 509 anulus
960 465 1320 523 desponsationis*
1361 465 1559 509 ecclesiae
1598 467 1641 509 et
1679 462 1863 509 baculus*-
1881 465 1963 522 Ῥει-

403 542 570 586 storalis
602 556 740 598 curae,
773 543 971 600 accepisti
1011 557 1174 599 quoque
1211 541 1349 586 claves
1386 543 1522 598 regni
1543 541 1829 586 caelorum&
1847 540 1963 587 {indie

402 616 577 664 oiari‘am
615 620 756 663 sedem
793 620 838 662 in
876 620 1000 663 choro
1043 620 1339 677 apostolorum.
1397 619 1651 675 Recordare,
1697 624 1961 675 quaesumus,

402 697 515 741 illius
537 697 768 741 dulcissimi
790 697 920 752 verbi,
954 698 1065 753 quod
1086 697 1163 740 tibi
1185 697 1332 741 eadem
1354 697 1422 740 die
1444 697 1599 740 dictum
1619 699 1715 753 est,
1729 699 1786 741 ut
1796 706 1964 754 semper

403 774 643 819 memineris
674 774 753 817 Dei
786 777 827 817 et
858 774 1068 845 eiusdem·²
1098 774 1195 817 diei
1754 788 1757 790 ’

459 905 461 907 ¹
522 851 657 906 Ergo,
705 853 848 907 pater,
897 840 972 894 cur
1008 865 1083 895 nos
1123 851 1279 895 deseris
1320 853 1392 894 aut
1430 851 1497 894 cui
1537 863 1614 893 nos
1652 848 1963 894 desolatostro-

403 928 585 984 linquis?
599 926 610 945 ¹
669 927 817 971 Nonne
855 928 1053 985 accepisti
1091 928 1281 983 anulum,
1330 931 1378 971 ut
1423 927 1642 971 ecclesiam
1685 931 1805 971 tuam
1822 939 1832 947 ‘⁷
1847 926 1964 971 ‘velut

406 1019 604 1063 sponsam
636 1005 848 1059 diligeres3
881 1005 1075 1048 baculum
1108 1005 1308 1061 quoqued,
1340 1008 1387 1048 ut
1419 1008 1511 1048 eam
1545 1018 1570 1048 a
1597 1004 1795 1062 luporum
1823 1001 1963 1048 ificur-

406 1083 523 1127 sione
553 1081 823 1125 defenderes?
879 1081 960 1126 Ubi
992 1085 1056 1125 est
1085 1082 1238 1125 caritas
1267 1082 1362 1137 illa,
1402 1082 1511 1137 illa0,
1552 1093 1635 1138 qua
1663 1080 1854 1127 Christus
1885 1095 1963 1139 pro

406 1160 553 1203 ovibus
591 1160 678 1203 suis
719 1159 903 1202 animam
942 1173 1061 1203 suam
1099 1156 1274 1216 posuit²,
1316 1162 1358 1202 et
1395 1159 1541 1202 eadem
1578 1159 1753 1203 caritate
1790 1157 1879 1202 utri.
1897 1168 1964 1202 re-

407 1237 564 1292 gendas
596 1237 831 1280 commisit?
890 1236 1026 1288 Quare
1057 1237 1211 1293 proicis
1250 1250 1275 1279 a
1304 1235 1517 1279 manibus‘
1555 1235 1639 1279 tuis
1678 1234 1815 1279 claves
1844 1235 1966 1290 regni

408 1314 644 1358 caelorum?
697 1313 833 1365 Quare
870 1316 912 1356 te
949 1313 1087 1370 ipsum
1127 1313 1314 1357 detrudis
1354 1313 1405 1356 de
1445 1313 1542 1356 sede
1581 1312 1710 1356 immo
1739 1313 1801 1356 de
1840 1311 1964 1392 choro

410 1390 721 1448 apostolorum?

527 1468 778 1524 Optaremus
820 1467 986 1523 quidem
1026 1470 1123 1510 tuae
1154 1466 1419 1523 paternitati:
1455 1470 1502 1510 ut
1542 1466 1870 1510 ascenderes'fad
1901 1479 1964 1521 ea,

410 1546 446 1588 si
467 1558 550 1601 qua
582 1548 734 1600 essent,
767 1544 936 1598 altiora3
969 1558 1052 1587 non
1076 1547 1118 1587 te
1139 1544 1381 1587 detruderes
1401 1543 1453 1586 de
1473 1543 1649 1586 summis
1678 1542 1732 1586 ad
1751 1541 1963 1586 inferiora.

409 1622 622 1677 Fatemur,
653 1625 796 1678 pater:
830 1635 900 1665 eos
920 1621 1025 1665 bene
1045 1622 1194 1676 facere,
1227 1621 1298 1676 qui
1329 1620 1514 1664 seculum
1536 1619 1779 1675 relinquunt
1796 1615 1963 1675 quique,

410 1712 455 1742 se
474 1699 589 1756 ipsos
606 1699 686 1742 sibi
705 1687 957 1755 abnegantes
975 1701 1017 1741 et
1031 1711 1197 1741 crucem
1216 1711 1335 1741 suam
1350 1697 1584 1741 baiulantes
1592 1703 1620 1752 ⁸,
1641 1701 1739 1754 post
1752 1695 1965 1740 Christum

409 1773 602 1819 vadunt³.
654 1775 736 1819 Sed
767 1772 868 1819 hoc'¹¹
900 1776 1044 1830 utique
1076 1788 1217 1818 eorum
1252 1778 1328 1829 est,
1360 1775 1431 1830 qui
1463 1774 1542 1817 sibi
1573 1773 1673 1816 solis
1696 1773 1866 1827 vivunt3
1891 1773 1967 1829 qui

409 1854 455 1896 in
502 1854 622 1896 vinea
666 1847 821 1895 domini
868 1852 1050 1895 Sabaoth
1094 1852 1253 1894 nullam
1299 1851 1461 1895 colendi
1506 1863 1649 1894 curam
1696 1853 1964 1908 acceperunt3

411 1930 561 1986 quibus
599 1930 701 1973 satis
741 1933 825 1984 est,
867 1930 903 1972 si
933 1932 1096 1971 tantum
1134 1929 1312 1985 possinti
1346 1941 1390 1971 se
1421 1928 1604 1983 salvare,
1642 1928 1741 1984 quia
1768 1927 1822 1971 de
1850 1927 1965 1970 nullo

410 2007 566 2050 habent
595 2007 678 2049 nisi
708 2007 760 2049 de
791 2020 835 2049 se
865 2007 1071 2049 rationem
1092 2006 1279 2049 reddere.
1387 2005 1449 2048 Tu
1470 2008 1622 2060 autem,
1653 2009 1787 2062 pater,
1818 2003 1966 2048 melius

410 2085 521 2138 regis
562 2083 746 2127 seculum
791 2097 916 2139 quam
957 2083 1173 2139 relinquis.
1234 2082 1486 2139 Propensius
1525 2082 1709 2138 sequeris
1750 2085 1793 2125 et
1827 2079 1982 2136 diligis,

413 2161 640 2216 Christum,
672 2160 709 2204 si
740 2173 837 2202 oves
869 2160 957 2202 eius
988 2161 1148 2217 pasois3
1182 2159 1280 2215 quia
1299 2159 1390 2215 ipse
1421 2159 1709 2215 probationem
1732 2158 1966 2202 dilectionis

414 2251 514 2281 suae
544 2238 588 2280 in
618 2238 839 2294 pascendis
872 2237 1017 2280 ovibus
1049 2237 1134 2280 suis
1166 2236 1395 2290 constituit,
1427 2236 1591 2279 dicens:
1631 2236 1686 2280 Si
1713 2236 1858 2292 diliyis
1887 2249 1964 2288 me,

411 2330 537 2372 pasce
577 2331 668 2358 oves
698 2312 846 2357 meas‘.
903 2314 960 2357 Ut
999 2327 1096 2369 ergo
1134 2313 1250 2356 salva
1286 2312 1522 2355 reverentia
1559 2312 1808 2367 dixerimus,
1847 2314 1966 2355 tanto

415 2391 672 2434 convinceris
703 2392 842 2434 minus
873 2391 1083 2434 Christum
1116 2390 1301 2444 diligere,
1334 2392 1488 2444 quanto
1519 2393 1562 2432 te
1581 2388 1793 2432 subtrahis
1823 2402 1850 2431 a
1877 2401 1967 2431 cre-

416 2468 503 2510 dita
533 2468 610 2510 tibi
642 2468 781 2510 ovium
814 2469 902 2511 eius
932 2468 1134 2524 pastione.
1255 2465 1365 2508 Num
1391 2466 1590 2521 quidnam
1611 2465 1794 2520 gratior*
1814 2465 1852 2508 ei
1873 2465 1965 2519 erit,

417 2545 488 2599 qui
519 2544 630 2587 solus
662 2548 703 2588 et
733 2558 886 2588 vacuus
919 2558 943 2587 a
973 2558 1109 2587 messe
1147 2544 1201 2586 ad
1231 2556 1371 2585 aream
1402 2542 1576 2597 redibit,
1610 2545 1682 2585 aut
1713 2542 1784 2597 qui
1813 2540 1967 2584 multos

418 2621 651 2663 animarum
673 2621 910 2678 manipulos
932 2624 973 2664 et
993 2623 1215 2677 purgatum
1239 2620 1278 2662 a'
1299 2619 1474 2661 zizaniis
1495 2620 1682 2662 triticum
1699 2618 1751 2661 ad
1771 2614 1967 2662 horreum

418 2697 576 2741 domini
613 2698 678 2740 sui
714 2695 995 2754 reportabit⁵?
1053 2698 1136 2740 Cur
1180 2710 1265 2740 non
1308 2695 1542 2738 recordaris
1589 2695 1818 2750 euangelici
1853 2694 1966 2738 illius

510 2800 536 2821 a.
569 2791 600 2820 in
622 2791 789 2829 apostolica
810 2793 964 2830 promotus
985 2791 1195 2821 benedictione
1214 2791 1253 2820 B.
1334 2789 1364 2819 b.
1393 2789 1604 2827 desponsionis
1623 2789 1710 2819 VZB.
1793 2798 1819 2818 c.
1848 2789 1913 2818 eius
1928 2788 1967 2818 Β.

418 2843 448 2873 d.
475 2843 671 2882 baculumque
691 2843 725 2873 G.
803 2853 828 2873 e.
858 2854 913 2874 om.
927 2844 1016 2874 VZB.
1088 2843 1109 2873 f.
1138 2842 1292 2873 animabus
1310 2841 1343 2871 G.
1420 2850 1447 2878 g.
1474 2841 1642 2871 baiolantes
1655 2840 1726 2871 BG.
1810 2841 1841 2871 h.
1862 2841 1919 2870 hec
1933 2841 1965 2877 V,

415 2895 439 2925 h
460 2895 494 2926 Z.
576 2896 596 2925 i.
628 2897 757 2934 possunt
784 2896 818 2925 G.
901 2897 930 2925 k.
963 2897 1081 2933 gravior
1102 2896 1140 2925 B.
1223 2895 1243 2924 1.
1275 2903 1294 2924 a
1315 2904 1369 2924 om.
1386 2893 1473 2924 VZB.
1873 2911 1876 2914 ·

515 2954 544 2987 1.
572 2951 671 2998 Sulp.
690 2952 772 2988 Sev.
798 2963 855 2998 ep.
874 2953 935 2996 III,
958 2954 1010 2987 10.
1147 2953 1179 2986 2.
1206 2950 1280 2986 Ioh.
1298 2951 1351 2996 10,
1372 2952 1427 2986 11.
1564 2953 1598 2986 3.
1624 2951 1668 2987 V.
1695 2949 1820 2986 Matth.
1837 2950 1891 2995 16,
1910 2949 1966 2985 24.

417 3011 452 3046 4.
476 3010 552 3046 Ioh.
570 3012 626 3056 21,
648 3012 701 3046 17.
822 3012 855 3046 5.
882 3010 936 3047 Cf.
954 3010 1079 3046 Matth.
1101 3011 1155 3055 13,
1173 3011 1230 3045 30.
1904 3032 1907 3036 ›
