<?xml version="1.0" encoding="UTF-8"?>
<!DOCTYPE html PUBLIC "-//W3C//DTD XHTML 1.0 Transitional//EN"
    "http://www.w3.org/TR/xhtml1/DTD/xhtml1-transitional.dtd">
<html xmlns="http://www.w3.org/1999/xhtml" xml:lang="en" lang="en">
 <head>
  <title>
</title>
<meta http-equiv="Content-Type" content="text/html;charset=utf-8" />
  <meta name='ocr-system' content='tesseract 3.04.00' />
  <meta name='ocr-capabilities' content='ocr_page ocr_carea ocr_par ocr_line ocrx_word'/>
</head>
<body>
  <div class='ocr_page' id='page_1' title='image "bibliothecarerum05wattuoft_0043.png"; bbox 0 0 2028 3438; ppageno 0'>
   <div class='ocr_carea' id='block_1_1' title="bbox 661 241 1713 284">
    <p class='ocr_par' dir='ltr' id='par_1_1' title="bbox 661 241 1713 284">
     <span class='ocr_line' id='line_1_1' title="bbox 661 241 1713 284; baseline 0.002 -2"><span class='ocrx_word' id='word_1_1' title='bbox 661 251 882 283; x_wconf 73' lang='lat' dir='ltr'><strong>nmmum</strong></span> <span class='ocrx_word' id='word_1_2' title='bbox 912 251 1082 283; x_wconf 75' lang='lat' dir='ltr'><strong>connx.</strong></span> <span class='ocrx_word' id='word_1_3' title='bbox 1129 249 1163 284; x_wconf 83' lang='lat'><strong>6.</strong></span> <span class='ocrx_word' id='word_1_4' title='bbox 1181 248 1202 283; x_wconf 80' lang='lat'>7</span> <span class='ocrx_word' id='word_1_5' title='bbox 1657 241 1713 284; x_wconf 80' lang='lat'><strong>27</strong></span> 
     </span>
    </p>
   </div>
   <div class='ocr_carea' id='block_1_2' title="bbox 141 355 1859 557">
    <p class='ocr_par' dir='ltr' id='par_1_2' title="bbox 141 355 1859 557">
     <span class='ocr_line' id='line_1_2' title="bbox 142 355 1846 415; baseline -0.004 -6"><span class='ocrx_word' id='word_1_6' title='bbox 142 356 264 407; x_wconf 61' lang='lat' dir='ltr'><strong>nim</strong></span> <span class='ocrx_word' id='word_1_7' title='bbox 302 355 608 402; x_wconf 71' lang='lat' dir='ltr'><strong>incarnationis</strong></span> <span class='ocrx_word' id='word_1_8' title='bbox 649 359 785 414; x_wconf 83' lang='lat'>1007,</span> <span class='ocrx_word' id='word_1_9' title='bbox 831 358 1062 404; x_wconf 75' lang='lat' dir='ltr'><strong>indictione</strong></span> <span class='ocrx_word' id='word_1_10' title='bbox 1101 358 1144 414; x_wconf 79' lang='lat'><strong>5,</strong></span> <span class='ocrx_word' id='word_1_11' title='bbox 1184 371 1293 403; x_wconf 85' lang='lat' dir='ltr'><strong>anno</strong></span> <span class='ocrx_word' id='word_1_12' title='bbox 1341 358 1488 415; x_wconf 90' lang='lat' dir='ltr'><strong>quinto</strong></span> <span class='ocrx_word' id='word_1_13' title='bbox 1525 359 1716 405; x_wconf 90' lang='lat' dir='ltr'><strong>Heinrici</strong></span> <span class='ocrx_word' id='word_1_14' title='bbox 1755 372 1846 408; x_wconf 83' lang='lat'>1007</span> 
     </span>
     <span class='ocr_line' id='line_1_3' title="bbox 142 421 1859 493; baseline -0.001 -13"><span class='ocrx_word' id='word_1_15' title='bbox 142 433 439 491; x_wconf 66' lang='lat' dir='ltr'><strong>gloriosissimi</strong></span> <span class='ocrx_word' id='word_1_16' title='bbox 467 435 604 492; x_wconf 79' lang='lat' dir='ltr'><strong>regis,</strong></span> <span class='ocrx_word' id='word_1_17' title='bbox 644 437 673 480; x_wconf 87' lang='grc'><strong>6</strong></span> <span class='ocrx_word' id='word_1_18' title='bbox 702 435 797 480; x_wconf 81' lang='lat' dir='ltr'><strong>Kal.</strong></span> <span class='ocrx_word' id='word_1_19' title='bbox 821 425 945 480; x_wconf 86' lang='lat' dir='ltr'><strong>Iunii.</strong></span> <span class='ocrx_word' id='word_1_20' title='bbox 1006 436 1162 480; x_wconf 89' lang='lat' dir='ltr'><strong>Actum</strong></span> <span class='ocrx_word' id='word_1_21' title='bbox 1203 439 1268 480; x_wconf 89' lang='lat' dir='ltr'><strong>est</strong></span> <span class='ocrx_word' id='word_1_22' title='bbox 1297 439 1441 481; x_wconf 87' lang='lat' dir='ltr'><strong>autem</strong></span> <span class='ocrx_word' id='word_1_23' title='bbox 1471 436 1716 493; x_wconf 82' lang='lat' dir='ltr'><strong>Moguntiae</strong></span> <span class='ocrx_word' id='word_1_24' title='bbox 1736 421 1859 452; x_wconf 49' lang='lat'><strong>”⁸³³⁷</strong></span> 
     </span>
     <span class='ocr_line' id='line_1_4' title="bbox 141 511 488 557; baseline -0.003 0"><span class='ocrx_word' id='word_1_25' title='bbox 141 511 322 557; x_wconf 80' lang='lat' dir='ltr'><strong>feliciter</strong></span> <span class='ocrx_word' id='word_1_26' title='bbox 352 524 488 557; x_wconf 74' lang='lat' dir='ltr'><strong>amen.</strong></span> 
     </span>
    </p>
   </div>
   <div class='ocr_carea' id='block_1_3' title="bbox 787 575 1070 580">
    <p class='ocr_par' dir='ltr' id='par_1_3' title="bbox 787 575 1070 580">
     <span class='ocr_line' id='line_1_5' title="bbox 787 575 1070 580; baseline 0 0"><span class='ocrx_word' id='word_1_27' title='bbox 787 575 1070 580; x_wconf 95' lang='lat' dir='ltr'><strong> </strong></span> 
     </span>
    </p>
   </div>
   <div class='ocr_carea' id='block_1_4' title="bbox 141 654 1858 2599">
    <p class='ocr_par' dir='ltr' id='par_1_4' title="bbox 146 654 1715 790">
     <span class='ocr_line' id='line_1_6' title="bbox 146 654 1715 716; baseline 0 -14"><span class='ocrx_word' id='word_1_28' title='bbox 146 654 193 702; x_wconf 51' lang='lat'><strong>⁷⁴</strong></span> <span class='ocrx_word' id='word_1_29' title='bbox 231 656 517 714; x_wconf 64' lang='lat' dir='ltr'><strong>Episcopatus</strong></span> <span class='ocrx_word' id='word_1_30' title='bbox 546 657 873 714; x_wconf 71' lang='lat' dir='ltr'><strong>Bamberqemie</strong></span> <span class='ocrx_word' id='word_1_31' title='bbox 912 657 966 701; x_wconf 81' lang='lat' dir='ltr'><strong>ab</strong></span> <span class='ocrx_word' id='word_1_32' title='bbox 1007 659 1215 716; x_wconf 72' lang='lat' dir='ltr'><strong>episeopis</strong></span> <span class='ocrx_word' id='word_1_33' title='bbox 1254 659 1411 715; x_wconf 72' lang='lat' dir='ltr'><strong>synodi</strong></span> <span class='ocrx_word' id='word_1_34' title='bbox 1447 658 1715 715; x_wconf 77' lang='lat' dir='ltr'><strong>Francqfur-</strong></span> 
     </span>
     <span class='ocr_line' id='line_1_7' title="bbox 232 734 1714 790; baseline 0.001 -12"><span class='ocrx_word' id='word_1_35' title='bbox 232 735 359 778; x_wconf 66' lang='grc' dir='ltr'><strong><em>ιεπεὼ</em></strong></span> <span class='ocrx_word' id='word_1_36' title='bbox 390 734 697 789; x_wconf 58' lang='lat' dir='ltr'><strong>confirmatur-¹.</strong></span> <span class='ocrx_word' id='word_1_37' title='bbox 1563 735 1616 789; x_wconf 84' lang='lat' dir='ltr'><strong>(E</strong></span> <span class='ocrx_word' id='word_1_38' title='bbox 1639 735 1714 790; x_wconf 82' lang='lat'><strong>57)</strong></span> 
     </span>
    </p>

    <p class='ocr_par' dir='ltr' id='par_1_5' title="bbox 141 821 1843 1179">
     <span class='ocr_line' id='line_1_8' title="bbox 259 821 1838 881; baseline 0.004 -15"><span class='ocrx_word' id='word_1_39' title='bbox 259 821 299 878; x_wconf 71' lang='lat' dir='ltr'><strong>:P</strong></span> <span class='ocrx_word' id='word_1_40' title='bbox 328 822 455 867; x_wconf 86' lang='lat' dir='ltr'><strong>Anno</strong></span> <span class='ocrx_word' id='word_1_41' title='bbox 497 823 732 867; x_wconf 76' lang='lat' dir='ltr'><strong>dominicae</strong></span> <span class='ocrx_word' id='word_1_42' title='bbox 769 824 1074 868; x_wconf 79' lang='lat' dir='ltr'><strong>incarnationis</strong></span> <span class='ocrx_word' id='word_1_43' title='bbox 1110 824 1240 880; x_wconf 83' lang='lat'>1007,</span> <span class='ocrx_word' id='word_1_44' title='bbox 1278 823 1510 869; x_wconf 82' lang='lat' dir='ltr'><strong>indictione</strong></span> <span class='ocrx_word' id='word_1_45' title='bbox 1541 825 1592 881; x_wconf 81' lang='lat'><strong>5,</strong></span> <span class='ocrx_word' id='word_1_46' title='bbox 1630 824 1716 869; x_wconf 86' lang='lat' dir='ltr'><strong>Ka·</strong></span> <span class='ocrx_word' id='word_1_47' title='bbox 1748 837 1838 873; x_wconf 81' lang='lat'>1007</span> 
     </span>
     <span class='ocr_line' id='line_1_9' title="bbox 141 886 1843 959; baseline 0.002 -15"><span class='ocrx_word' id='word_1_48' title='bbox 141 899 279 945; x_wconf 85' lang='lat' dir='ltr'><strong>lendis</strong></span> <span class='ocrx_word' id='word_1_49' title='bbox 308 899 574 957; x_wconf 75' lang='lat' dir='ltr'><strong>NovembriS,</strong></span> <span class='ocrx_word' id='word_1_50' title='bbox 605 905 809 957; x_wconf 86' lang='lat' dir='ltr'><strong>regnante</strong></span> <span class='ocrx_word' id='word_1_51' title='bbox 839 902 1034 959; x_wconf 89' lang='lat' dir='ltr'><strong>piissimo</strong></span> <span class='ocrx_word' id='word_1_52' title='bbox 1065 915 1115 946; x_wconf 85' lang='lat' dir='ltr'><strong>ac</strong></span> <span class='ocrx_word' id='word_1_53' title='bbox 1138 902 1408 946; x_wconf 86' lang='lat' dir='ltr'><strong>serenissimo</strong></span> <span class='ocrx_word' id='word_1_54' title='bbox 1429 902 1628 947; x_wconf 89' lang='lat' dir='ltr'><strong>Heinrico</strong></span> <span class='ocrx_word' id='word_1_55' title='bbox 1651 916 1716 948; x_wconf 90' lang='lat' dir='ltr'><strong>se-</strong></span> <span class='ocrx_word' id='word_1_56' title='bbox 1738 886 1814 916; x_wconf 52' lang='lat' dir='ltr'><strong>Nm*</strong></span> <span class='ocrx_word' id='word_1_57' title='bbox 1827 888 1843 916; x_wconf 82' lang='lat'>¹</span> 
     </span>
     <span class='ocr_line' id='line_1_10' title="bbox 142 978 1716 1037; baseline 0.001 -15"><span class='ocrx_word' id='word_1_58' title='bbox 142 978 301 1035; x_wconf 88' lang='lat' dir='ltr'><strong>cundo,</strong></span> <span class='ocrx_word' id='word_1_59' title='bbox 342 992 452 1023; x_wconf 87' lang='lat' dir='ltr'><strong>anno</strong></span> <span class='ocrx_word' id='word_1_60' title='bbox 489 979 610 1035; x_wconf 82' lang='lat' dir='ltr'><strong>regni</strong></span> <span class='ocrx_word' id='word_1_61' title='bbox 651 979 717 1023; x_wconf 92' lang='lat' dir='ltr'><strong>sui</strong></span> <span class='ocrx_word' id='word_1_62' title='bbox 758 982 902 1035; x_wconf 86' lang='lat' dir='ltr'><strong>sexto,</strong></span> <span class='ocrx_word' id='word_1_63' title='bbox 941 993 1020 1037; x_wconf 85' lang='lat' dir='ltr'><strong>pro</strong></span> <span class='ocrx_word' id='word_1_64' title='bbox 1058 982 1172 1024; x_wconf 87' lang='lat' dir='ltr'><strong>statu</strong></span> <span class='ocrx_word' id='word_1_65' title='bbox 1207 983 1250 1024; x_wconf 92' lang='lat' dir='ltr'><strong>et</strong></span> <span class='ocrx_word' id='word_1_66' title='bbox 1280 983 1506 1036; x_wconf 88' lang='lat' dir='ltr'><strong>augmento</strong></span> <span class='ocrx_word' id='word_1_67' title='bbox 1546 985 1716 1025; x_wconf 85' lang='lat' dir='ltr'><strong>sanctae</strong></span> 
     </span>
     <span class='ocr_line' id='line_1_11' title="bbox 141 1056 1716 1116; baseline 0.001 -16"><span class='ocrx_word' id='word_1_68' title='bbox 141 1056 294 1101; x_wconf 79' lang='lat' dir='ltr'><strong>matris</strong></span> <span class='ocrx_word' id='word_1_69' title='bbox 323 1056 549 1101; x_wconf 81' lang='lat' dir='ltr'><strong>aecclesiae</strong></span> <span class='ocrx_word' id='word_1_70' title='bbox 579 1057 625 1100; x_wconf 89' lang='lat' dir='ltr'><strong>in</strong></span> <span class='ocrx_word' id='word_1_71' title='bbox 653 1056 746 1101; x_wconf 91' lang='lat' dir='ltr'><strong>loco</strong></span> <span class='ocrx_word' id='word_1_72' title='bbox 766 1057 1082 1102; x_wconf 86' lang='lat' dir='ltr'><strong>Frankonofurt</strong></span> <span class='ocrx_word' id='word_1_73' title='bbox 1104 1057 1222 1102; x_wconf 87' lang='lat' dir='ltr'><strong>dicto</strong></span> <span class='ocrx_word' id='word_1_74' title='bbox 1238 1071 1394 1114; x_wconf 84' lang='lat' dir='ltr'><strong>magna</strong></span> <span class='ocrx_word' id='word_1_75' title='bbox 1424 1058 1609 1116; x_wconf 81' lang='lat' dir='ltr'><strong>synodus</strong></span> <span class='ocrx_word' id='word_1_76' title='bbox 1640 1059 1716 1102; x_wconf 90' lang='lat' dir='ltr'><strong>ha-</strong></span> 
     </span>
     <span class='ocr_line' id='line_1_12' title="bbox 141 1133 652 1179; baseline 0 -1"><span class='ocrx_word' id='word_1_77' title='bbox 141 1133 232 1179; x_wconf 83' lang='lat' dir='ltr'><strong>bita</strong></span> <span class='ocrx_word' id='word_1_78' title='bbox 262 1137 328 1179; x_wconf 87' lang='lat' dir='ltr'><strong>est</strong></span> <span class='ocrx_word' id='word_1_79' title='bbox 357 1138 400 1179; x_wconf 88' lang='lat' dir='ltr'><strong>et</strong></span> <span class='ocrx_word' id='word_1_80' title='bbox 428 1134 652 1179; x_wconf 84' lang='lat' dir='ltr'><strong>celebrata.</strong></span> 
     </span>
    </p>

    <p class='ocr_par' dir='ltr' id='par_1_6' title="bbox 141 1207 1858 2599">
     <span class='ocr_line' id='line_1_13' title="bbox 261 1207 1716 1270; baseline 0.002 -14"><span class='ocrx_word' id='word_1_81' title='bbox 261 1211 371 1256; x_wconf 85' lang='lat' dir='ltr'><strong>Nam</strong></span> <span class='ocrx_word' id='word_1_82' title='bbox 401 1212 515 1257; x_wconf 87' lang='lat' dir='ltr'><strong>idem</strong></span> <span class='ocrx_word' id='word_1_83' title='bbox 547 1226 624 1256; x_wconf 85' lang='lat' dir='ltr'><strong>rex</strong></span> <span class='ocrx_word' id='word_1_84' title='bbox 653 1212 879 1257; x_wconf 88' lang='lat' dir='ltr'><strong>Heinricus</strong></span> <span class='ocrx_word' id='word_1_85' title='bbox 910 1225 1089 1268; x_wconf 85' lang='lat' dir='ltr'><strong>magnus</strong></span> <span class='ocrx_word' id='word_1_86' title='bbox 1121 1215 1163 1257; x_wconf 91' lang='lat' dir='ltr'><strong>et</strong></span> <span class='ocrx_word' id='word_1_87' title='bbox 1189 1207 1403 1270; x_wconf 79' lang='lat' dir='ltr'><strong>pacificus,</strong></span> <span class='ocrx_word' id='word_1_88' title='bbox 1435 1217 1483 1258; x_wconf 91' lang='lat' dir='ltr'><strong>ut</strong></span> <span class='ocrx_word' id='word_1_89' title='bbox 1511 1214 1557 1258; x_wconf 92' lang='lat' dir='ltr'><strong>in</strong></span> <span class='ocrx_word' id='word_1_90' title='bbox 1577 1214 1716 1259; x_wconf 88' lang='lat' dir='ltr'><strong>Deum</strong></span> 
     </span>
     <span class='ocr_line' id='line_1_14' title="bbox 142 1289 1718 1348; baseline 0.002 -14"><span class='ocrx_word' id='word_1_91' title='bbox 142 1293 236 1335; x_wconf 78' lang='lat' dir='ltr'><strong>orat</strong></span> <span class='ocrx_word' id='word_1_92' title='bbox 263 1289 458 1334; x_wconf 87' lang='lat' dir='ltr'><strong>credulus</strong></span> <span class='ocrx_word' id='word_1_93' title='bbox 489 1294 533 1335; x_wconf 88' lang='lat' dir='ltr'><strong>et</strong></span> <span class='ocrx_word' id='word_1_94' title='bbox 560 1291 605 1334; x_wconf 92' lang='lat' dir='ltr'><strong>in</strong></span> <span class='ocrx_word' id='word_1_95' title='bbox 635 1290 827 1334; x_wconf 90' lang='lat' dir='ltr'><strong>homines</strong></span> <span class='ocrx_word' id='word_1_96' title='bbox 858 1290 968 1348; x_wconf 84' lang='lat' dir='ltr'><strong>pius,</strong></span> <span class='ocrx_word' id='word_1_97' title='bbox 1000 1290 1103 1334; x_wconf 91' lang='lat' dir='ltr'><strong>dum</strong></span> <span class='ocrx_word' id='word_1_98' title='bbox 1134 1290 1221 1335; x_wconf 88' lang='lat' dir='ltr'><strong>alta</strong></span> <span class='ocrx_word' id='word_1_99' title='bbox 1239 1291 1395 1335; x_wconf 88' lang='lat' dir='ltr'><strong>mentis</strong></span> <span class='ocrx_word' id='word_1_100' title='bbox 1416 1292 1718 1337; x_wconf 86' lang='lat' dir='ltr'><strong>deliberatione</strong></span> 
     </span>
     <span class='ocr_line' id='line_1_15' title="bbox 142 1359 1715 1427; baseline 0.002 -15"><span class='ocrx_word' id='word_1_101' title='bbox 142 1359 431 1427; x_wconf 84' lang='lat' dir='ltr'><strong>sepenumero</strong></span> <span class='ocrx_word' id='word_1_102' title='bbox 468 1369 697 1424; x_wconf 81' lang='lat' dir='ltr'><strong>cogitaret,</strong></span> <span class='ocrx_word' id='word_1_103' title='bbox 748 1369 795 1412; x_wconf 91' lang='lat' dir='ltr'><strong>in</strong></span> <span class='ocrx_word' id='word_1_104' title='bbox 841 1381 924 1424; x_wconf 90' lang='lat' dir='ltr'><strong>quo</strong></span> <span class='ocrx_word' id='word_1_105' title='bbox 969 1368 1108 1413; x_wconf 91' lang='lat' dir='ltr'><strong>Deum</strong></span> <span class='ocrx_word' id='word_1_106' title='bbox 1154 1369 1236 1412; x_wconf 91' lang='lat' dir='ltr'><strong>sibi</strong></span> <span class='ocrx_word' id='word_1_107' title='bbox 1281 1370 1467 1414; x_wconf 80' lang='lat' dir='ltr'><strong>maxime</strong></span> <span class='ocrx_word' id='word_1_108' title='bbox 1513 1370 1715 1427; x_wconf 84' lang='lat' dir='ltr'><strong>placaret,</strong></span> 
     </span>
     <span class='ocr_line' id='line_1_16' title="bbox 142 1446 1716 1504; baseline 0.001 -14"><span class='ocrx_word' id='word_1_109' title='bbox 142 1460 310 1491; x_wconf 80' lang='lat' dir='ltr'><strong>summa</strong></span> <span class='ocrx_word' id='word_1_110' title='bbox 337 1446 585 1504; x_wconf 85' lang='lat' dir='ltr'><strong>inspirante</strong></span> <span class='ocrx_word' id='word_1_111' title='bbox 605 1446 827 1491; x_wconf 86' lang='lat' dir='ltr'><strong>divinitate</strong></span> <span class='ocrx_word' id='word_1_112' title='bbox 859 1446 1081 1502; x_wconf 85' lang='lat' dir='ltr'><strong>cogitando</strong></span> <span class='ocrx_word' id='word_1_113' title='bbox 1113 1446 1345 1504; x_wconf 84' lang='lat' dir='ltr'><strong>disposuit:</strong></span> <span class='ocrx_word' id='word_1_114' title='bbox 1385 1450 1434 1491; x_wconf 91' lang='lat' dir='ltr'><strong>ut</strong></span> <span class='ocrx_word' id='word_1_115' title='bbox 1462 1447 1602 1492; x_wconf 91' lang='lat' dir='ltr'><strong>Deum</strong></span> <span class='ocrx_word' id='word_1_116' title='bbox 1634 1448 1716 1492; x_wconf 91' lang='lat' dir='ltr'><strong>sibi</strong></span> 
     </span>
     <span class='ocr_line' id='line_1_17' title="bbox 141 1521 1715 1585; baseline 0.001 -16"><span class='ocrx_word' id='word_1_117' title='bbox 141 1521 341 1569; x_wconf 83' lang='lat' dir='ltr'><strong>heredem</strong></span> <span class='ocrx_word' id='word_1_118' title='bbox 379 1524 554 1581; x_wconf 87' lang='lat' dir='ltr'><strong>eligeret</strong></span> <span class='ocrx_word' id='word_1_119' title='bbox 592 1529 634 1569; x_wconf 91' lang='lat' dir='ltr'><strong>et</strong></span> <span class='ocrx_word' id='word_1_120' title='bbox 671 1525 975 1580; x_wconf 88' lang='lat' dir='ltr'><strong>conscriberet,</strong></span> <span class='ocrx_word' id='word_1_121' title='bbox 1016 1528 1059 1568; x_wconf 89' lang='lat' dir='ltr'><strong>et</strong></span> <span class='ocrx_word' id='word_1_122' title='bbox 1088 1525 1377 1585; x_wconf 81' lang='lat' dir='ltr'><strong>episcopatum</strong></span> <span class='ocrx_word' id='word_1_123' title='bbox 1408 1525 1455 1569; x_wconf 94' lang='lat' dir='ltr'><strong>in</strong></span> <span class='ocrx_word' id='word_1_124' title='bbox 1489 1525 1715 1570; x_wconf 82' lang='lat' dir='ltr'><strong>honorem¹&#39;</strong></span> 
     </span>
     <span class='ocr_line' id='line_1_18' title="bbox 143 1602 1716 1662; baseline 0.001 -15"><span class='ocrx_word' id='word_1_125' title='bbox 143 1603 279 1651; x_wconf 80' lang='lat' dir='ltr'><strong>sancti</strong></span> <span class='ocrx_word' id='word_1_126' title='bbox 298 1602 416 1647; x_wconf 89' lang='lat' dir='ltr'><strong>Petri</strong></span> <span class='ocrx_word' id='word_1_127' title='bbox 436 1602 643 1661; x_wconf 88' lang='lat' dir='ltr'><strong>principis</strong></span> <span class='ocrx_word' id='word_1_128' title='bbox 675 1603 963 1662; x_wconf 82' lang='lat' dir='ltr'><strong>apostolorum</strong></span> <span class='ocrx_word' id='word_1_129' title='bbox 995 1603 1040 1646; x_wconf 92' lang='lat' dir='ltr'><strong>in</strong></span> <span class='ocrx_word' id='word_1_130' title='bbox 1072 1603 1253 1659; x_wconf 87' lang='lat' dir='ltr'><strong>quodam</strong></span> <span class='ocrx_word' id='word_1_131' title='bbox 1286 1617 1388 1648; x_wconf 87' lang='lat' dir='ltr'><strong>suae</strong></span> <span class='ocrx_word' id='word_1_132' title='bbox 1418 1607 1621 1661; x_wconf 86' lang='lat' dir='ltr'><strong>paternae</strong></span> <span class='ocrx_word' id='word_1_133' title='bbox 1642 1603 1716 1648; x_wconf 92' lang='lat' dir='ltr'><strong>he-</strong></span> 
     </span>
     <span class='ocr_line' id='line_1_19' title="bbox 141 1680 1717 1727; baseline 0.001 -2"><span class='ocrx_word' id='word_1_134' title='bbox 141 1680 336 1725; x_wconf 85' lang='lat' dir='ltr'><strong>reditatis</strong></span> <span class='ocrx_word' id='word_1_135' title='bbox 371 1680 464 1725; x_wconf 91' lang='lat' dir='ltr'><strong>loco</strong></span> <span class='ocrx_word' id='word_1_136' title='bbox 494 1680 740 1726; x_wconf 86' lang='lat' dir='ltr'><strong>Babenberc</strong></span> <span class='ocrx_word' id='word_1_137' title='bbox 779 1682 892 1725; x_wconf 87' lang='lat' dir='ltr'><strong>dieto</strong></span> <span class='ocrx_word' id='word_1_138' title='bbox 932 1695 985 1725; x_wconf 83' lang='lat' dir='ltr'><strong>ex</strong></span> <span class='ocrx_word' id='word_1_139' title='bbox 1017 1681 1212 1725; x_wconf 89' lang='lat' dir='ltr'><strong>omnibus</strong></span> <span class='ocrx_word' id='word_1_140' title='bbox 1251 1681 1362 1725; x_wconf 79' lang='lat' dir='ltr'><strong>suis⁰</strong></span> <span class='ocrx_word' id='word_1_141' title='bbox 1393 1681 1519 1726; x_wconf 90' lang='lat' dir='ltr'><strong>rebus</strong></span> <span class='ocrx_word' id='word_1_142' title='bbox 1550 1682 1717 1727; x_wconf 90' lang='lat' dir='ltr'><strong>heredi—</strong></span> 
     </span>
     <span class='ocr_line' id='line_1_20' title="bbox 141 1758 1792 1817; baseline 0.001 -14"><span class='ocrx_word' id='word_1_143' title='bbox 141 1759 263 1804; x_wconf 84' lang='lat' dir='ltr'><strong>tariis</strong></span> <span class='ocrx_word' id='word_1_144' title='bbox 293 1762 576 1814; x_wconf 88' lang='lat' dir='ltr'><strong>construeret;</strong></span> <span class='ocrx_word' id='word_1_145' title='bbox 616 1763 664 1804; x_wconf 91' lang='lat' dir='ltr'><strong>ut</strong></span> <span class='ocrx_word' id='word_1_146' title='bbox 695 1763 737 1804; x_wconf 88' lang='lat' dir='ltr'><strong>et</strong></span> <span class='ocrx_word' id='word_1_147' title='bbox 767 1759 1043 1817; x_wconf 82' lang='lat' dir='ltr'><strong>paganismus</strong></span> <span class='ocrx_word' id='word_1_148' title='bbox 1077 1758 1322 1804; x_wconf 86' lang='lat' dir='ltr'><strong>Sclavorum</strong></span> <span class='ocrx_word' id='word_1_149' title='bbox 1355 1760 1643 1804; x_wconf 88' lang='lat' dir='ltr'><strong>destrueretur</strong></span> <span class='ocrx_word' id='word_1_150' title='bbox 1674 1763 1717 1805; x_wconf 91' lang='lat' dir='ltr'><strong>et</strong></span> <span class='ocrx_word' id='word_1_151' title='bbox 1753 1769 1792 1796; x_wconf 59' lang='lat' dir='ltr'><em>s</em></span> 
     </span>
     <span class='ocr_line' id='line_1_21' title="bbox 143 1837 1715 1895; baseline 0.001 -13"><span class='ocrx_word' id='word_1_152' title='bbox 143 1837 363 1882; x_wconf 84' lang='lat' dir='ltr'><strong>christiani</strong></span> <span class='ocrx_word' id='word_1_153' title='bbox 399 1838 584 1882; x_wconf 89' lang='lat' dir='ltr'><strong>nominis</strong></span> <span class='ocrx_word' id='word_1_154' title='bbox 621 1838 828 1882; x_wconf 89' lang='lat' dir='ltr'><strong>memoria</strong></span> <span class='ocrx_word' id='word_1_155' title='bbox 867 1837 1173 1895; x_wconf 86' lang='lat' dir='ltr'><strong>perpetualiter</strong></span> <span class='ocrx_word' id='word_1_156' title='bbox 1218 1838 1324 1882; x_wconf 90' lang='lat' dir='ltr'><strong>inibi</strong></span> <span class='ocrx_word' id='word_1_157' title='bbox 1369 1838 1546 1882; x_wconf 86' lang='lat' dir='ltr'><strong>celebris</strong></span> <span class='ocrx_word' id='word_1_158' title='bbox 1587 1838 1715 1883; x_wconf 90' lang='lat' dir='ltr'><strong>habe-</strong></span> 
     </span>
     <span class='ocr_line' id='line_1_22' title="bbox 141 1915 1715 1974; baseline 0.001 -14"><span class='ocrx_word' id='word_1_159' title='bbox 141 1918 272 1960; x_wconf 84' lang='lat' dir='ltr'><strong>retur.</strong></span> <span class='ocrx_word' id='word_1_160' title='bbox 321 1915 406 1960; x_wconf 88' lang='lat' dir='ltr'><strong>Sed</strong></span> <span class='ocrx_word' id='word_1_161' title='bbox 435 1915 536 1959; x_wconf 91' lang='lat' dir='ltr'><strong>dum</strong></span> <span class='ocrx_word' id='word_1_162' title='bbox 556 1916 849 1973; x_wconf 88' lang='lat' dir='ltr'><strong>parroechiam</strong></span> <span class='ocrx_word' id='word_1_163' title='bbox 871 1915 924 1959; x_wconf 91' lang='lat' dir='ltr'><strong>ad</strong></span> <span class='ocrx_word' id='word_1_164' title='bbox 945 1915 1124 1959; x_wconf 87' lang='lat' dir='ltr'><strong>eundem</strong></span> <span class='ocrx_word' id='word_1_165' title='bbox 1151 1915 1291 1959; x_wconf 89' lang='lat' dir='ltr'><strong>locum</strong></span> <span class='ocrx_word' id='word_1_166' title='bbox 1311 1916 1607 1974; x_wconf 86' lang='lat' dir='ltr'><strong>respicientem</strong></span> <span class='ocrx_word' id='word_1_167' title='bbox 1629 1930 1715 1961; x_wconf 92' lang='lat' dir='ltr'><strong>non</strong></span> 
     </span>
     <span class='ocr_line' id='line_1_23' title="bbox 142 1993 1858 2052; baseline 0.001 -14"><span class='ocrx_word' id='word_1_168' title='bbox 142 1993 330 2050; x_wconf 87' lang='lat' dir='ltr'><strong>haberet,</strong></span> <span class='ocrx_word' id='word_1_169' title='bbox 362 1997 405 2038; x_wconf 92' lang='lat' dir='ltr'><strong>et</strong></span> <span class='ocrx_word' id='word_1_170' title='bbox 434 1997 627 2038; x_wconf 85' lang='lat' dir='ltr'><strong>sanctum</strong></span> <span class='ocrx_word' id='word_1_171' title='bbox 648 1997 921 2052; x_wconf 84' lang='lat' dir='ltr'><strong>pentecosten</strong></span> <span class='ocrx_word' id='word_1_172' title='bbox 951 1994 998 2037; x_wconf 92' lang='lat' dir='ltr'><strong>in</strong></span> <span class='ocrx_word' id='word_1_173' title='bbox 1028 1994 1175 2038; x_wconf 88' lang='lat' dir='ltr'><strong>eodem</strong></span> <span class='ocrx_word' id='word_1_174' title='bbox 1200 1994 1267 2038; x_wconf 91' lang='lat' dir='ltr'><strong>sui</strong></span> <span class='ocrx_word' id='word_1_175' title='bbox 1295 1995 1415 2050; x_wconf 88' lang='lat' dir='ltr'><strong>regni</strong></span> <span class='ocrx_word' id='word_1_176' title='bbox 1440 2008 1549 2039; x_wconf 90' lang='lat' dir='ltr'><strong>anno</strong></span> <span class='ocrx_word' id='word_1_177' title='bbox 1571 1998 1691 2039; x_wconf 83' lang='lat' dir='ltr'><strong>sexto</strong></span> <span class='ocrx_word' id='word_1_178' title='bbox 1705 1993 1715 2013; x_wconf 93' lang='lat'>¹</span> <span class='ocrx_word' id='word_1_179' title='bbox 1737 2008 1807 2039; x_wconf 75' lang='lat' dir='ltr'><strong>Mai.</strong></span> <span class='ocrx_word' id='word_1_180' title='bbox 1819 2009 1858 2039; x_wconf 86' lang='lat'><strong>25</strong></span> 
     </span>
     <span class='ocr_line' id='line_1_24' title="bbox 141 2071 1715 2130; baseline 0.001 -14"><span class='ocrx_word' id='word_1_181' title='bbox 141 2072 384 2128; x_wconf 80' lang='lat' dir='ltr'><strong>Mogontiae</strong></span> <span class='ocrx_word' id='word_1_182' title='bbox 406 2072 651 2128; x_wconf 82' lang='lat' dir='ltr'><strong>celebraret,</strong></span> <span class='ocrx_word' id='word_1_183' title='bbox 684 2072 896 2129; x_wconf 85' lang='lat' dir='ltr'><strong>quandam</strong></span> <span class='ocrx_word' id='word_1_184' title='bbox 918 2075 1084 2130; x_wconf 86' lang='lat' dir='ltr'><strong>partem</strong></span> <span class='ocrx_word' id='word_1_185' title='bbox 1102 2071 1456 2128; x_wconf 88' lang='lat' dir='ltr'><strong>Wirciburgensis</strong></span> <span class='ocrx_word' id='word_1_186' title='bbox 1488 2073 1715 2129; x_wconf 89' lang='lat' dir='ltr'><strong>dioceseos,</strong></span> 
     </span>
     <span class='ocr_line' id='line_1_25' title="bbox 144 2149 1716 2208; baseline 0.001 -14"><span class='ocrx_word' id='word_1_187' title='bbox 144 2151 391 2195; x_wconf 83' lang='lat' dir='ltr'><strong>comitatum</strong></span> <span class='ocrx_word' id='word_1_188' title='bbox 422 2150 620 2195; x_wconf 79' lang='lat' dir='ltr'><strong>videlicet</strong></span> <span class='ocrx_word' id='word_1_189' title='bbox 636 2149 911 2206; x_wconf 89' lang='lat' dir='ltr'><strong>Ratenzgowi</strong></span> <span class='ocrx_word' id='word_1_190' title='bbox 940 2150 1100 2194; x_wconf 87' lang='lat' dir='ltr'><strong>dictum</strong></span> <span class='ocrx_word' id='word_1_191' title='bbox 1122 2153 1166 2194; x_wconf 92' lang='lat' dir='ltr'><strong>et</strong></span> <span class='ocrx_word' id='word_1_192' title='bbox 1186 2150 1396 2206; x_wconf 85' lang='lat' dir='ltr'><strong>quandam</strong></span> <span class='ocrx_word' id='word_1_193' title='bbox 1419 2154 1582 2208; x_wconf 88' lang='lat' dir='ltr'><strong>partem</strong></span> <span class='ocrx_word' id='word_1_194' title='bbox 1616 2152 1716 2208; x_wconf 87' lang='lat' dir='ltr'><strong>pagi</strong></span> 
     </span>
     <span class='ocr_line' id='line_1_26' title="bbox 142 2227 1715 2284; baseline 0 -11"><span class='ocrx_word' id='word_1_195' title='bbox 142 2228 324 2273; x_wconf 85' lang='lat' dir='ltr'><strong>Volcfelt</strong></span> <span class='ocrx_word' id='word_1_196' title='bbox 354 2228 470 2284; x_wconf 85' lang='lat' dir='ltr'><strong>dicti,</strong></span> <span class='ocrx_word' id='word_1_197' title='bbox 501 2229 612 2272; x_wconf 90' lang='lat' dir='ltr'><strong>inter</strong></span> <span class='ocrx_word' id='word_1_198' title='bbox 637 2227 788 2272; x_wconf 88' lang='lat' dir='ltr'><strong>fluvios</strong></span> <span class='ocrx_word' id='word_1_199' title='bbox 808 2227 953 2272; x_wconf 85' lang='lat' dir='ltr'><strong>Uraha</strong></span> <span class='ocrx_word' id='word_1_200' title='bbox 974 2231 1016 2272; x_wconf 93' lang='lat' dir='ltr'><strong>et</strong></span> <span class='ocrx_word' id='word_1_201' title='bbox 1034 2227 1224 2272; x_wconf 85' lang='lat' dir='ltr'><strong>Ratenza</strong></span> <span class='ocrx_word' id='word_1_202' title='bbox 1245 2228 1384 2284; x_wconf 88' lang='lat' dir='ltr'><strong>sitam,</strong></span> <span class='ocrx_word' id='word_1_203' title='bbox 1417 2228 1471 2273; x_wconf 89' lang='lat' dir='ltr'><strong>ab</strong></span> <span class='ocrx_word' id='word_1_204' title='bbox 1492 2227 1715 2274; x_wconf 80' lang='lat' dir='ltr'><strong>Heinrico²</strong></span> 
     </span>
     <span class='ocr_line' id='line_1_27' title="bbox 142 2305 1714 2364; baseline 0.001 -14"><span class='ocrx_word' id='word_1_205' title='bbox 142 2306 475 2362; x_wconf 89' lang='lat' dir='ltr'><strong>Wirciburgensi</strong></span> <span class='ocrx_word' id='word_1_206' title='bbox 506 2307 703 2364; x_wconf 87' lang='lat' dir='ltr'><strong>episcopo</strong></span> <span class='ocrx_word' id='word_1_207' title='bbox 723 2306 846 2350; x_wconf 88' lang='lat' dir='ltr'><strong>firma</strong></span> <span class='ocrx_word' id='word_1_208' title='bbox 868 2319 917 2350; x_wconf 86' lang='lat' dir='ltr'><strong>ac</strong></span> <span class='ocrx_word' id='word_1_209' title='bbox 935 2306 1064 2361; x_wconf 86' lang='lat' dir='ltr'><strong>legali</strong></span> <span class='ocrx_word' id='word_1_210' title='bbox 1084 2305 1438 2351; x_wconf 70' lang='lat' dir='ltr'><strong>commutatione‘*</strong></span> <span class='ocrx_word' id='word_1_211' title='bbox 1470 2307 1714 2363; x_wconf 80' lang='lat' dir='ltr'><strong>aequisivit3</strong></span> 
     </span>
     <span class='ocr_line' id='line_1_28' title="bbox 143 2383 1716 2448; baseline -0.001 -18"><span class='ocrx_word' id='word_1_212' title='bbox 143 2385 315 2430; x_wconf 84' lang='lat' dir='ltr'><strong>tradens</strong></span> <span class='ocrx_word' id='word_1_213' title='bbox 353 2398 376 2429; x_wconf 92' lang='lat' dir='ltr'><strong>e</strong></span> <span class='ocrx_word' id='word_1_214' title='bbox 412 2388 560 2428; x_wconf 86' lang='lat' dir='ltr'><strong>contra</strong></span> <span class='ocrx_word' id='word_1_215' title='bbox 595 2383 942 2448; x_wconf 24' lang='lat' dir='ltr'><strong>wirciburgensi·</strong></span> <span class='ocrx_word' id='word_1_216' title='bbox 962 2383 1165 2428; x_wconf 87' lang='lat' dir='ltr'><strong>ecclesiae</strong></span> <span class='ocrx_word' id='word_1_217' title='bbox 1202 2386 1370 2427; x_wconf 89' lang='lat' dir='ltr'><strong>centum</strong></span> <span class='ocrx_word' id='word_1_218' title='bbox 1410 2385 1716 2441; x_wconf 88' lang='lat' dir='ltr'><strong>quinquaginta</strong></span> 
     </span>
     <span class='ocr_line' id='line_1_29' title="bbox 143 2461 1714 2518; baseline 0.001 -11"><span class='ocrx_word' id='word_1_219' title='bbox 143 2476 316 2507; x_wconf 78' lang='lat' dir='ltr'><strong>mansos</strong></span> <span class='ocrx_word' id='word_1_220' title='bbox 354 2463 400 2506; x_wconf 92' lang='lat' dir='ltr'><strong>in</strong></span> <span class='ocrx_word' id='word_1_221' title='bbox 437 2463 529 2506; x_wconf 82' lang='lat' dir='ltr'><strong>vico</strong></span> <span class='ocrx_word' id='word_1_222' title='bbox 561 2461 821 2517; x_wconf 81' lang='lat' dir='ltr'><strong>Meinungun</strong></span> <span class='ocrx_word' id='word_1_223' title='bbox 859 2462 971 2506; x_wconf 89' lang='lat' dir='ltr'><strong>dicto</strong></span> <span class='ocrx_word' id='word_1_224' title='bbox 1011 2465 1054 2506; x_wconf 91' lang='lat' dir='ltr'><strong>et</strong></span> <span class='ocrx_word' id='word_1_225' title='bbox 1090 2462 1135 2504; x_wconf 94' lang='lat' dir='ltr'><strong>in</strong></span> <span class='ocrx_word' id='word_1_226' title='bbox 1172 2461 1367 2518; x_wconf 84' lang='lat' dir='ltr'><strong>proxime</strong></span> <span class='ocrx_word' id='word_1_227' title='bbox 1403 2462 1714 2508; x_wconf 80' lang='lat' dir='ltr'><strong>adiacentibus⁶</strong></span> 
     </span>
     <span class='ocr_line' id='line_1_30' title="bbox 143 2538 1714 2599; baseline -0.001 -14"><span class='ocrx_word' id='word_1_228' title='bbox 143 2541 267 2596; x_wconf 91' lang='lat' dir='ltr'><strong>locis;</strong></span> <span class='ocrx_word' id='word_1_229' title='bbox 307 2540 387 2585; x_wconf 92' lang='lat' dir='ltr'><strong>hoc</strong></span> <span class='ocrx_word' id='word_1_230' title='bbox 424 2539 782 2584; x_wconf 89' lang='lat' dir='ltr'><strong>consentientibus</strong></span> <span class='ocrx_word' id='word_1_231' title='bbox 822 2543 864 2584; x_wconf 92' lang='lat' dir='ltr'><strong>et</strong></span> <span class='ocrx_word' id='word_1_232' title='bbox 900 2538 1252 2597; x_wconf 88' lang='lat' dir='ltr'><strong>perspicientibus</strong></span> <span class='ocrx_word' id='word_1_233' title='bbox 1291 2540 1601 2585; x_wconf 86' lang='lat' dir='ltr'><strong>venerabilibus</strong></span> <span class='ocrx_word' id='word_1_234' title='bbox 1637 2554 1714 2599; x_wconf 88' lang='lat' dir='ltr'><strong>pa-</strong></span> 
     </span>
    </p>
   </div>
   <div class='ocr_carea' id='block_1_5' title="bbox 144 2657 1715 2967">
    <p class='ocr_par' dir='ltr' id='par_1_7' title="bbox 144 2657 1715 2967">
     <span class='ocr_line' id='line_1_31' title="bbox 239 2657 1715 2701; baseline 0.001 -10"><span class='ocrx_word' id='word_1_235' title='bbox 239 2670 266 2691; x_wconf 64' lang='grc' dir='ltr'><strong>ι.</strong></span> <span class='ocrx_word' id='word_1_236' title='bbox 299 2661 351 2691; x_wconf 72' lang='lat' dir='ltr'><strong>Ex</strong></span> <span class='ocrx_word' id='word_1_237' title='bbox 380 2659 547 2700; x_wconf 75' lang='lat' dir='ltr'><strong>archetypo</strong></span> <span class='ocrx_word' id='word_1_238' title='bbox 574 2659 670 2691; x_wconf 75' lang='lat' dir='ltr'><strong>edidit</strong></span> <span class='ocrx_word' id='word_1_239' title='bbox 696 2659 875 2700; x_wconf 76' lang='lat' dir='ltr'><strong>Heyberyer</strong></span> <span class='ocrx_word' id='word_1_240' title='bbox 904 2657 1155 2697; x_wconf 75' lang='lat' dir='ltr'><strong>(Landeshoheit</strong></span> <span class='ocrx_word' id='word_1_241' title='bbox 1184 2658 1237 2690; x_wconf 78' lang='lat' dir='ltr'><strong>des</strong></span> <span class='ocrx_word' id='word_1_242' title='bbox 1266 2658 1427 2690; x_wconf 77' lang='lat' dir='ltr'><strong>Bisthums</strong></span> <span class='ocrx_word' id='word_1_243' title='bbox 1455 2660 1612 2701; x_wconf 78' lang='lat' dir='ltr'><strong>Bambery</strong></span> <span class='ocrx_word' id='word_1_244' title='bbox 1641 2661 1715 2692; x_wconf 70' lang='lat' dir='ltr'><strong>iiber</strong></span> 
     </span>
     <span class='ocr_line' id='line_1_32' title="bbox 144 2711 1714 2754; baseline 0.001 -9"><span class='ocrx_word' id='word_1_245' title='bbox 144 2713 253 2751; x_wconf 56' lang='lat' dir='ltr'><strong>Furth,</strong></span> <span class='ocrx_word' id='word_1_246' title='bbox 276 2713 433 2754; x_wconf 75' lang='lat' dir='ltr'><strong>Bambery</strong></span> <span class='ocrx_word' id='word_1_247' title='bbox 449 2715 535 2750; x_wconf 80' lang='lat'><em>1774,</em></span> <span class='ocrx_word' id='word_1_248' title='bbox 560 2713 767 2744; x_wconf 78' lang='lat' dir='ltr'><strong>Probationes</strong></span> <span class='ocrx_word' id='word_1_249' title='bbox 784 2712 1003 2753; x_wconf 81' lang='lat' dir='ltr'><strong>diplomaticae</strong></span> <span class='ocrx_word' id='word_1_250' title='bbox 1023 2723 1054 2743; x_wconf 79' lang='lat' dir='ltr'><strong>n.</strong></span> <span class='ocrx_word' id='word_1_251' title='bbox 1069 2711 1117 2750; x_wconf 77' lang='lat'><strong>5).</strong></span> <span class='ocrx_word' id='word_1_252' title='bbox 1154 2711 1248 2743; x_wconf 74' lang='lat' dir='ltr'><strong>Cuius</strong></span> <span class='ocrx_word' id='word_1_253' title='bbox 1270 2713 1433 2744; x_wconf 74' lang='lat' dir='ltr'><strong>editionem</strong></span> <span class='ocrx_word' id='word_1_254' title='bbox 1448 2714 1647 2754; x_wconf 76' lang='lat' dir='ltr'><strong>potissimum</strong></span> <span class='ocrx_word' id='word_1_255' title='bbox 1667 2725 1714 2746; x_wconf 76' lang='lat' dir='ltr'><strong>ee-</strong></span> 
     </span>
     <span class='ocr_line' id='line_1_33' title="bbox 146 2767 1714 2806; baseline -0.001 -7"><span class='ocrx_word' id='word_1_256' title='bbox 146 2772 236 2800; x_wconf 68' lang='lat' dir='ltr'><strong>cum</strong></span> <span class='ocrx_word' id='word_1_257' title='bbox 256 2778 340 2806; x_wconf 72' lang='lat' dir='ltr'><strong>cum,</strong></span> <span class='ocrx_word' id='word_1_258' title='bbox 371 2767 519 2798; x_wconf 75' lang='lat' dir='ltr'><strong>adhibitis</strong></span> <span class='ocrx_word' id='word_1_259' title='bbox 540 2767 634 2798; x_wconf 75' lang='lat' dir='ltr'><strong>etiam</strong></span> <span class='ocrx_word' id='word_1_260' title='bbox 654 2767 680 2797; x_wconf 92' lang='lat' dir='ltr'><strong><em>V</em></strong></span> <span class='ocrx_word' id='word_1_261' title='bbox 698 2767 908 2803; x_wconf 81' lang='lat' dir='ltr'><strong><em>24v-25v,</em></strong></span> <span class='ocrx_word' id='word_1_262' title='bbox 937 2767 966 2796; x_wconf 88' lang='lat' dir='ltr'><em>Z</em></span> <span class='ocrx_word' id='word_1_263' title='bbox 980 2776 1013 2806; x_wconf 84' lang='lat' dir='ltr'><strong>p.</strong></span> <span class='ocrx_word' id='word_1_264' title='bbox 1029 2768 1187 2805; x_wconf 80' lang='lat'><strong><em>50-51,</em></strong></span> <span class='ocrx_word' id='word_1_265' title='bbox 1214 2767 1270 2799; x_wconf 78' lang='lat' dir='ltr'><strong>ubi</strong></span> <span class='ocrx_word' id='word_1_266' title='bbox 1290 2767 1346 2798; x_wconf 80' lang='lat' dir='ltr'><strong>hoc</strong></span> <span class='ocrx_word' id='word_1_267' title='bbox 1369 2767 1478 2799; x_wconf 86' lang='lat' dir='ltr'><strong>lemma</strong></span> <span class='ocrx_word' id='word_1_268' title='bbox 1499 2767 1647 2799; x_wconf 73' lang='lat' dir='ltr'><strong>habetur.-</strong></span> <span class='ocrx_word' id='word_1_269' title='bbox 1668 2769 1714 2799; x_wconf 79' lang='lat' dir='ltr'><strong>De</strong></span> 
     </span>
     <span class='ocr_line' id='line_1_34' title="bbox 144 2819 1715 2860; baseline 0 -8"><span class='ocrx_word' id='word_1_270' title='bbox 144 2821 287 2852; x_wconf 84' lang='lat' dir='ltr'><strong>Heinrico</strong></span> <span class='ocrx_word' id='word_1_271' title='bbox 315 2822 414 2860; x_wconf 89' lang='lat' dir='ltr'><strong>primo</strong></span> <span class='ocrx_word' id='word_1_272' title='bbox 442 2822 622 2860; x_wconf 82' lang='lat' dir='ltr'><strong>imperatore</strong></span> <span class='ocrx_word' id='word_1_273' title='bbox 651 2822 681 2850; x_wconf 85' lang='lat' dir='ltr'><strong>et</strong></span> <span class='ocrx_word' id='word_1_274' title='bbox 709 2820 747 2850; x_wconf 88' lang='lat' dir='ltr'><strong>de</strong></span> <span class='ocrx_word' id='word_1_275' title='bbox 769 2820 986 2850; x_wconf 76' lang='lat' dir='ltr'><strong>constitutione</strong></span> <span class='ocrx_word' id='word_1_276' title='bbox 1008 2819 1268 2859; x_wconf 79' lang='lat' dir='ltr'><strong>Babenbergensis</strong></span> <span class='ocrx_word' id='word_1_277' title='bbox 1293 2822 1437 2859; x_wconf 85' lang='lat' dir='ltr'><strong>ecclesic;</strong></span> <span class='ocrx_word' id='word_1_278' title='bbox 1466 2826 1495 2852; x_wconf 74' lang='lat' dir='ltr'><strong>et</strong></span> <span class='ocrx_word' id='word_1_279' title='bbox 1520 2821 1546 2852; x_wconf 82' lang='lat' dir='ltr'><em>C</em></span> <span class='ocrx_word' id='word_1_280' title='bbox 1563 2823 1715 2853; x_wconf 77' lang='lat'><strong><em>14—15:</em></strong></span> 
     </span>
     <span class='ocr_line' id='line_1_35' title="bbox 145 2872 1713 2914; baseline 0.001 -9"><span class='ocrx_word' id='word_1_281' title='bbox 145 2875 192 2906; x_wconf 83' lang='lat' dir='ltr'><strong>Dc</strong></span> <span class='ocrx_word' id='word_1_282' title='bbox 213 2875 355 2905; x_wconf 87' lang='lat' dir='ltr'><strong>Heinrico</strong></span> <span class='ocrx_word' id='word_1_283' title='bbox 377 2875 476 2914; x_wconf 90' lang='lat' dir='ltr'><strong>primo</strong></span> <span class='ocrx_word' id='word_1_284' title='bbox 497 2875 689 2913; x_wconf 86' lang='lat' dir='ltr'><strong>imperatore.</strong></span> <span class='ocrx_word' id='word_1_285' title='bbox 780 2873 810 2903; x_wconf 92' lang='lat' dir='ltr'><strong>b.</strong></span> <span class='ocrx_word' id='word_1_286' title='bbox 842 2872 956 2903; x_wconf 89' lang='lat' dir='ltr'><strong>honore</strong></span> <span class='ocrx_word' id='word_1_287' title='bbox 979 2873 1036 2904; x_wconf 90' lang='lat' dir='ltr'><strong>VZ.</strong></span> <span class='ocrx_word' id='word_1_288' title='bbox 1129 2882 1154 2905; x_wconf 81' lang='lat' dir='ltr'><strong>c.</strong></span> <span class='ocrx_word' id='word_1_289' title='bbox 1188 2883 1244 2905; x_wconf 88' lang='lat' dir='ltr'><strong>om.</strong></span> <span class='ocrx_word' id='word_1_290' title='bbox 1263 2875 1293 2905; x_wconf 93' lang='lat' dir='ltr'><strong>V.</strong></span> <span class='ocrx_word' id='word_1_291' title='bbox 1382 2875 1412 2905; x_wconf 83' lang='lat' dir='ltr'><strong>d.</strong></span> <span class='ocrx_word' id='word_1_292' title='bbox 1443 2875 1607 2906; x_wconf 78' lang='lat' dir='ltr'><strong>traditione</strong></span> <span class='ocrx_word' id='word_1_293' title='bbox 1630 2875 1713 2906; x_wconf 86' lang='lat' dir='ltr'><strong><em>VZC.</em></strong></span> 
     </span>
     <span class='ocr_line' id='line_1_36' title="bbox 147 2925 792 2967; baseline -0.002 -9"><span class='ocrx_word' id='word_1_294' title='bbox 147 2938 174 2959; x_wconf 85' lang='lat' dir='ltr'><strong>e.</strong></span> <span class='ocrx_word' id='word_1_295' title='bbox 206 2929 237 2958; x_wconf 85' lang='lat' dir='ltr'><strong>et</strong></span> <span class='ocrx_word' id='word_1_296' title='bbox 257 2928 289 2958; x_wconf 87' lang='lat' dir='ltr'><strong>in</strong></span> <span class='ocrx_word' id='word_1_297' title='bbox 310 2928 485 2967; x_wconf 79' lang='lat' dir='ltr'><strong>adproximc</strong></span> <span class='ocrx_word' id='word_1_298' title='bbox 505 2927 674 2958; x_wconf 77' lang='lat' dir='ltr'><strong>iacentibus</strong></span> <span class='ocrx_word' id='word_1_299' title='bbox 697 2925 792 2966; x_wconf 82' lang='lat' dir='ltr'><strong>Heyb.</strong></span> 
     </span>
    </p>
   </div>
   <div class='ocr_carea' id='block_1_6' title="bbox 243 3013 746 3061">
    <p class='ocr_par' dir='ltr' id='par_1_8' title="bbox 243 3013 746 3061">
     <span class='ocr_line' id='line_1_37' title="bbox 243 3013 746 3061; baseline -0.004 -11"><span class='ocrx_word' id='word_1_300' title='bbox 243 3016 275 3051; x_wconf 87' lang='lat'><strong>1.</strong></span> <span class='ocrx_word' id='word_1_301' title='bbox 301 3015 374 3051; x_wconf 92' lang='lat' dir='ltr'><strong>imo</strong></span> <span class='ocrx_word' id='word_1_302' title='bbox 399 3015 537 3061; x_wconf 90' lang='lat' dir='ltr'><strong>quinto.</strong></span> <span class='ocrx_word' id='word_1_303' title='bbox 658 3015 692 3050; x_wconf 83' lang='lat'><strong>2.</strong></span> <span class='ocrx_word' id='word_1_304' title='bbox 718 3013 746 3048; x_wconf 93' lang='grc' dir='ltr'><strong>Ι.</strong></span> 
     </span>
    </p>
   </div>
  </div>
 </body>
</html>
